4850 6117
626 436 749 500 655

628 619 999 704 ampliorem
1045 616 1209 683 mihi
1249 623 1473 702 postea
1516 616 1733 682 datam
1779 635 1918 681 esse
1962 617 2253 700 cognovi,
2297 638 2378 681 ex
2418 637 2547 699 quo

626 714 981 791 postremas
1022 710 1277 770 vestras
1317 701 1543 768 literas
1586 701 1669 767 ad
1708 722 2079 768 consessum
2112 710 2406 766 nostrum
2432 723 2550 766 au-

629 791 780 870 divi,
823 792 1055 874 quibus
1097 787 1394 868 scribitis,
1437 789 1774 872 utriusque
1832 788 2036 853 nostri
2095 796 2358 853 senatus
2401 786 2550 852 lite-

627 878 717 942 ris
760 878 887 941 iam
931 882 1239 941 testatum
1282 895 1422 939 esse
1457 895 1561 939 me
1604 873 1904 940 assentiri
1925 893 2079 938 suae
2111 872 2549 955 postulationi.

626 962 833 1027 Miror
906 969 1126 1026 autem
1202 958 1356 1043 quid
1419 959 1550 1024 illis
1628 960 1697 1024 in
1769 966 2055 1023 mentem
2116 959 2391 1039 venerit,
2480 964 2552 1024 ut

669 1068 828 1113 uum
865 1048 938 1112 in
977 1047 1192 1129 priore
1236 1065 1452 1111 errore
1495 1044 1861 1112 excusando
1903 1044 2278 1109 laborarent
2322 1065 2549 1110 secun-

627 1069 788 1197 dum
850 1130 1246 1197 admiserint.
1335 1131 1478 1214 Ego
1541 1131 1713 1195 enim
1779 1128 1947 1213 quod
2003 1150 2110 1194 res
2165 1137 2264 1196 est
2319 1129 2550 1208 dicam,

627 1224 882 1282 tantum
939 1218 1165 1283 abesse
1218 1223 1295 1282 ut
1347 1236 1557 1281 meam
1619 1217 2107 1281 consensionem
2165 1234 2552 1300 cognoscere

626 1302 975 1387 potuerint,
1031 1308 1107 1367 ut
1147 1323 1231 1368 ne
1272 1301 1683 1384 inquisierint
1738 1300 2018 1384 quidem,
2083 1300 2197 1366 sed
2258 1308 2410 1366 ante
2470 1300 2554 1366 ad

628 1396 925 1454 senatum
987 1394 1276 1454 vestrum
1342 1387 1791 1469 rescripserint
1853 1407 2047 1469 quam
2111 1386 2318 1451 ullum
2366 1408 2405 1451 a
2447 1407 2553 1452 me

629 1473 997 1558 acceperint
1029 1492 1424 1556 responsum.
1494 1469 1909 1555 Quapropter
1939 1469 2129 1538 valde
2162 1472 2364 1537 miror
2389 1492 2569 1556 quae·

629 1579 855 1627 eorum
879 1560 1127 1625 animos
1147 1565 1303 1623 tunc
1324 1556 1594 1623 subierit
1627 1557 1931 1640 cogitatio
1952 1578 2151 1639 quum
2173 1559 2549 1624 scriberent.

629 1643 845 1710 Audio
903 1644 1025 1709 hoc
1080 1641 1325 1728 scribae
1380 1663 1599 1708 errore
1665 1650 1730 1707 et
1792 1642 2322 1725 praecipitatione
2388 1644 2551 1708 acci-

631 1729 820 1810 disse,
866 1728 1035 1813 quod
1078 1728 1249 1812 apud
1288 1749 1393 1794 me
1428 1740 1824 1794 excusarunt
1867 1735 1950 1809 et,
1984 1735 2059 1793 ut
2092 1729 2335 1812 opinor,
2378 1728 2555 1813 apud

631 1837 746 1882 vos
789 1835 1039 1898 quoque
1081 1814 1451 1881 excusaturi
1494 1821 1661 1879 sunt.

798 1900 943 1965 Iam
985 1920 1142 1964 vero
1186 1907 1602 1983 posteaquam
1643 1920 1868 1965 eorum
1906 1899 2230 1983 postulata
2266 1921 2303 1965 a
2337 1907 2555 1965 vestro

631 1994 859 2054 senatu
918 2005 1215 2051 concessa
1267 1991 1422 2050 sunt
1474 1985 1655 2051 vobis
1716 1985 2216 2051 assentientibus
2274 1992 2341 2050 et
2400 1984 2553 2051 sub-

630 2071 1080 2152 scribentibus,
1132 2077 1211 2135 ut
1251 2091 1333 2136 ex
1391 2072 1530 2136 eius
1580 2069 1788 2136 literis
1844 2068 2089 2153 liquido
2134 2078 2419 2154 apparet,
2478 2091 2557 2135 ea

628 2166 851 2223 tamen
912 2157 1057 2241 lege
1119 2163 1196 2220 ut
1260 2155 1423 2220 mihi
1488 2156 1664 2238 optio
1721 2155 2123 2237 relinquatur
2175 2157 2558 2222 utrumlibet

629 2242 933 2327 eligendi,
978 2249 1275 2325 superest
1314 2248 1389 2305 ut
1423 2241 1603 2307 vobis
1645 2241 1849 2306 animi
1889 2240 2020 2307 mei
2055 2240 2456 2307 voluntatem
2492 2248 2558 2307 et

631 2328 900 2395 consilia
968 2327 1300 2411 explicem.
1407 2325 1628 2409 Quum
1706 2327 1989 2410 primum
2054 2327 2411 2392 Lausanna
2476 2325 2559 2392 ad

630 2434 749 2480 vos
791 2433 1092 2481 reversus
1126 2413 1361 2477 iterum
1396 2410 1667 2495 collegio
1701 2420 1921 2477 vestro
1956 2421 2291 2496 cooptatus
2328 2434 2557 2491 essem,

632 2517 850 2564 coram
905 2505 1134 2564 senatu
1190 2504 1587 2564 contestatus
1644 2518 1789 2563 sum
1847 2497 2016 2580 quod
2072 2519 2179 2564 res
2236 2506 2394 2578 erat,
2453 2519 2558 2563 me

631 2582 891 2667 quidem
933 2603 1194 2648 omnem
1232 2604 1427 2667 quam
1482 2602 1735 2665 possem
1790 2604 2050 2666 operam
2107 2584 2556 2667 impensurum

631 2675 888 2734 vestrae
921 2668 1241 2747 ecclesiae,
1286 2667 1400 2734 sed
1442 2668 1605 2734 mihi
1650 2689 1789 2735 esse
1832 2690 2011 2752 spem
2056 2668 2381 2734 sublatam
2421 2669 2558 2735 fore

631 2761 709 2819 ut
749 2776 894 2820 eam
933 2763 1265 2838 praestare
1307 2773 1560 2837 possem
1606 2775 1800 2838 quam
1842 2755 2198 2838 cupiebam,
2243 2761 2309 2819 et
2342 2755 2560 2820 omnia

631 2839 810 2905 obire
885 2839 1231 2906 ministerii
1291 2860 1564 2905 munera
1668 2838 1791 2906 uod
1859 2840 2022 2905 mihi
2084 2838 2555 2926 imponebatur.

629 2925 943 2992 Praestiti
983 2925 1254 3005 interea,
1321 2944 1451 2990 non
1492 2861 1668 3008 quodl
1709 2923 1917 3005 debui,
1984 2926 2098 2991 sed
2143 2924 2316 3009 quod
2357 2925 2556 3010 potui,

629 3018 706 3076 ut
746 3031 863 3077 vos
904 3017 1102 3077 testes
1145 3010 1316 3076 estis.
1383 3010 1640 3077 Deinde
1682 3031 1843 3094 quae
1899 3011 2063 3077 mihi
2117 3031 2310 3077 causa
2366 3011 2561 3076 fuerit

632 3096 796 3196 coeli
840 3094 1134 3196 mutandi
1178 3103 1323 3180 post
1351 3096 1619 3180 longum
1663 3102 1730 3161 et
1772 3117 2039 3197 gravem
2082 3094 2382 3197 morbum
2425 3118 2561 3162 non

630 3181 1206 3332 ff‘t‘sshsstmffsse
1224 3183 1867 3351 2222232231‘1'1'232
1902 3180 2560 3353 ἓῗέἓῗέξέἒὲὲῖἶέ

632 3351 868 3436 quibus
930 3352 1092 3418 haec
1155 3358 1292 3417 tota
1349 3352 1567 3419 Gallia
1617 3353 1923 3433 exundat,
1988 3350 2369 3437 profundius
2432 3354 2557 3418 im-

630 3457 882 3503 mersus
925 3458 1071 3504 sum
1115 3457 1307 3521 quam
1351 3447 1428 3503 ut
1469 3438 1655 3505 facile
1697 3439 2015 3506 hactenus
2071 3458 2402 3525 emergere
2444 3460 2557 3522 po-

629 3524 868 3589 tuerim
911 3529 983 3589 ut
1024 3521 1107 3587 ad
1149 3541 1268 3588 vos
1310 3524 1751 3608 remigrarem.
1838 3524 2011 3591 Nam
2053 3524 2233 3592 hisce
2274 3532 2556 3610 tempes-

629 3607 874 3674 tatibus
914 3607 1037 3675 hac
1079 3609 1149 3674 in
1189 3608 1343 3675 navi
1382 3608 1456 3673 in
1508 3608 1716 3675 altum
1778 3612 2056 3677 iactatus
2100 3610 2289 3676 timui
2331 3630 2435 3689 ne,
2501 3611 2557 3678 si

629 3713 739 3759 me
798 3694 950 3760 inde
1012 3694 1433 3779 proriperem‚
1514 3695 1776 3761 viderer
1840 3703 2150 3779 tanquam
2215 3695 2558 3763 nauclerus

632 3778 887 3845 deserta
928 3781 1202 3846 statione
1243 3780 1410 3845 mihi
1453 3780 1641 3864 quasi
1697 3781 1852 3865 fuga
1902 3781 2178 3847 salutem
2229 3803 2554 3866 quaerere,

630 3871 698 3930 et
754 3884 987 3930 navem
1041 3872 1106 3930 et
1168 3866 1406 3931 fratres
1456 3868 1735 3951 remiges
1800 3864 2093 3932 deserere
2145 3873 2213 3931 et
2264 3867 2556 3949 prodere,

631 3951 741 4101 qui
782 3970 1096 4035 magnum
1137 3971 1361 4017 omnes
1403 3971 1488 4016 ex
1530 3973 1635 4017 me
1679 3952 1997 4018 auxilium
2041 3961 2414 4035 exspectare
2458 3953 2557 4017 vi-

677 4035 971 4113 ebantur,
1016 4042 1084 4100 et
1125 4057 1272 4102 mea
1326 4038 1696 4103 confirmari
1738 4037 2123 4120 praesentia.
2207 4039 2368 4122 Ego,
2436 4039 2559 4104 etsi

631 4120 819 4187 facile
861 4121 1310 4204 perspicerem,
1355 4122 1517 4187 mihi
1559 4122 1708 4206 plus
1765 4122 1967 4187 tribui
2021 4143 2218 4206 quam
2275 4122 2446 4205 quod
2488 4126 2557 4188 in

632 4227 738 4272 me
779 4207 1063 4290 positum
1108 4218 1293 4284 esset,
1361 4207 1538 4273 nolui
1599 4218 1816 4273 tamen
1872 4207 2171 4292 cuiquam
2225 4228 2371 4274 meo
2426 4208 2558 4274 dis-

631 4313 818 4359 cessu
882 4299 1131 4358 metum
1199 4311 1441 4377 augere
1500 4294 1569 4358 in
1623 4314 1878 4358 summa
1932 4293 2224 4359 omnium
2278 4294 2559 4377 trepida-

632 4377 825 4456 tione,
884 4385 952 4442 et
993 4397 1102 4442 eos
1142 4379 1642 4460 perterrefacere
1694 4398 1853 4462 quos
1904 4381 2119 4463 potius
2176 4380 2560 4446 confirmare

637 4460 844 4528 debui.
939 4463 1130 4529 Nunc
1184 4483 1360 4541 vere,
1430 4465 1686 4530 tametsi
1743 4464 2036 4530 omnium
2090 4464 2291 4529 animi
2348 4465 2560 4549 magis

637 4548 994 4612 confirmati
1036 4548 1364 4624 videntur,
1407 4548 1699 4614 nondum
1741 4557 1961 4614 tamen
1996 4549 2155 4615 satis
2196 4552 2561 4633 perspicere

636 4651 980 4715 possumus
1039 4633 1213 4699 ualis
1254 4634 1343 4699 sit
1361 4632 1626 4700 futurus
1661 4633 1856 4699 huius
1875 4634 2231 4701 tristissimi
2255 4642 2322 4700 et
2342 4636 2558 4701 funes-

639 4715 875 4782 tissimi
916 4717 1017 4784 bel
1046 4720 1060 4733 '
1109 4719 1324 4785 exitus
1367 4727 1432 4785 et
1475 4729 1786 4785 eventus:
1831 4718 1961 4785 nisi
2004 4719 2175 4803 quod
2218 4728 2392 4786 certo
2437 4723 2559 4789 sci-

640 4822 787 4867 mus
848 4810 1193 4886 utrumque
1251 4825 1291 4869 a
1332 4803 1478 4872 Deo
1533 4805 1884 4890 gubernari
1936 4812 2003 4870 et
2054 4805 2562 4888 exspectandum

640 4906 798 4953 esse.

810 4970 1003 5054 Quod
1047 4981 1262 5038 autem
1305 4973 1389 5039 ad
1429 4995 1535 5040 me
1577 4976 1829 5054 attinet,
1889 4976 2085 5041 statui
2127 4974 2425 5042 libertate
2468 4979 2565 5044 uti

643 5076 803 5141 quae
846 5056 1010 5122 mihi
1052 5078 1093 5122 a
1133 5058 1321 5125 vobis
1363 5079 1667 5128 concessa
1710 5068 1830 5141 est,
1884 5081 1963 5126 ea
2001 5060 2258 5145 quidem
2301 5062 2448 5148 lege
2492 5070 2568 5129 ut

641 5142 1008 5227 ubicunque
1073 5150 1394 5210 terrarum
1435 5146 1692 5212 futurus
1735 5146 1860 5211 sim
1900 5147 1970 5212 in
2015 5147 2282 5214 ecclesia
2324 5147 2568 5215 habear

640 5237 949 5313 tanquam
987 5228 1297 5294 emeritus
1338 5229 1523 5297 miles
1557 5239 1624 5296 et
1653 5229 1816 5297 rude
1850 5233 2143 5309 donatus,
2187 5233 2245 5300 si
2279 5232 2346 5298 id
2377 5235 2568 5302 modo

643 5312 723 5378 ab
787 5314 1058 5382 ecclesia
1098 5313 1449 5396 impetrare
1492 5316 1765 5383 valeam.
1854 5317 2188 5403 Oognosoo
2230 5319 2427 5402 enim,
2492 5342 2567 5388 ac

2113 425 2633 496 EPISTOLAE
2678 426 3101 491 3908—ss910

4462 425 4593 487 656

2651 612 2862 681 indies
2926 612 3137 697 magis
3199 616 3391 695 atque
3455 611 3666 696 magis
3732 632 3843 692 ex,
3898 611 4047 688 rior,
4114 631 4311 695 quam
4365 613 4594 678 tractis

2652 701 2777 766 sim
2845 705 2912 764 et
2952 697 3237 782 corporis
3290 708 3356 762 et
3418 696 3625 762 animi
3687 697 3817 764 viri
3862 718 3960 776 us,
4026 717 4190 781 quae
4245 698 4592 782 ingraves-

2653 792 2839 850 cente
2882 793 3091 849 aetate
3136 783 3424 868 quotidie
3467 782 3675 866 magis
3718 789 3913 866 atque
3949 783 4157 867 magis
4192 790 4589 850 atteruntur.

2654 870 2980 937 Oonstitni
3022 870 3244 952 itaque
3299 869 3466 935 nulli
3519 889 3626 934 me
3683 870 3954 953 posthac
4020 877 4235 935 certae
4278 868 4593 936 ecclesiae

2652 955 2938 1040 alligare,
2984 962 3206 1039 utpote
3242 956 3350 1039 qui
3402 975 3629 1021 omnes
3669 955 4013 1020 ministerii
4060 962 4292 1037 partes,
4336 955 4595 1020 viribus

2654 1040 3004 1108 destitutus
3068 1040 3150 1106 ad
3217 1061 3360 1106 eam
3424 1041 3824 1105 functionem
3866 1039 4265 1116 necessariis,
4325 1040 4594 1124 explere

2655 1148 2994 1211 nequeam,
3058 1135 3125 1191 et
3174 1126 3245 1190 in
3301 1146 3446 1191 eam
3504 1126 3628 1192 sim
3681 1125 3979 1192 redactus
4032 1126 4472 1192 conditionem
4512 1133 4596 1191 ut

2655 1212 2817 1278 mihi
2861 1214 2946 1277 sit
2989 1212 3170 1278 locus
3213 1210 3552 1296 eligendus
3597 1213 3665 1275 in
3709 1233 3834 1294 quo
3876 1218 3943 1278 et
3985 1212 4163 1277 coelo
4206 1212 4307 1277 uti
4344 1212 4595 1296 possim

2655 1320 2838 1364 meae
2880 1296 3241 1364 valetudini
3285 1296 3716 1364 commodiore
3776 1304 3843 1362 et
3893 1297 4179 1380 quietius
4220 1298 4466 1377 vivere,
4531 1298 4594 1365 si

2655 1383 2845 1449 modo
2877 1382 3014 1450 ulla
3057 1404 3343 1467 nuquam
3384 1382 3550 1447 mihi
3593 1384 3778 1465 quies
3823 1384 3893 1449 in
3929 1383 4052 1450 hac
4095 1384 4231 1450 vita
4266 1383 4595 1466 speranda

2655 1478 2773 1536 est.
2854 1469 3117 1535 Interea
3187 1477 3299 1535 aut
3361 1469 3661 1552 privatus
3708 1469 3954 1546 vivam,
4020 1470 4073 1534 si
4138 1469 4230 1533 ita
4282 1470 4595 1535 ecclesiae

2655 1555 2998 1632 videbitur,
3065 1562 3180 1620 aut
3234 1557 3288 1621 si
3353 1574 3547 1637 quam
3613 1552 3824 1620 adhuc
3888 1575 4150 1639 operam
4215 1556 4275 1619 ei
4338 1575 4594 1620 navare

2655 1662 2919 1726 possum
2963 1641 3302 1726 praestabo
3347 1640 3520 1723 quod
3564 1641 3887 1706 Dominus
3933 1639 4212 1706 dederit:
4270 1639 4462 1706 modo
4504 1661 4595 1705 ne

2656 1727 2803 1811 plus
2824 1749 2864 1793 a
2886 1747 2992 1793 me
3014 1727 3318 1811 exigatur
3334 1745 3529 1809 quam
3552 1725 3721 1808 quod
3743 1737 3973 1811 sponte
3993 1734 4323 1808 praestare
4344 1735 4591 1809 potero.

2657 1814 2959 1880 Oonabor
2993 1821 3215 1877 autem
3247 1811 3316 1877 id
3339 1812 3496 1876 dare
3530 1832 3796 1894 operam
3817 1821 3892 1877 ut
3926 1832 4152 1877 omnes
4173 1811 4362 1877 facile
4390 1811 4595 1877 intel-

2657 1899 2882 1983 ligant,
2922 1919 3029 1963 me
3063 1919 3193 1963 non
3237 1897 3478 1981 eligere
3512 1898 3683 1963 hanc
3720 1896 3985 1963 vivendi
4019 1898 4336 1962 rationem
4369 1907 4452 1962 ut
4482 1918 4595 1962 me

2658 1985 2808 2062 otio,
2871 1983 3175 2069 ignaviae
3236 1991 3302 2049 et
3366 1984 3610 2067 torpori
3676 1982 3908 2048 dedam
3973 1990 4041 2048 et
4104 2003 4286 2048 meae
4329 1989 4596 2049 tantum

2656 2070 2859 2153 quieti
2932 2069 3283 2136 consulam.
3385 2069 3651 2134 Interea
3713 2089 3869 2134 vero
3935 2068 4092 2134 dum
4154 2076 4464 2151 exspecto
4519 2069 4595 2133 in

2658 2154 2828 2238 quod
2872 2175 2978 2220 me
3030 2154 3190 2220 litus
3232 2156 3500 2220 eiecturi
3535 2156 3669 2219 sint
3700 2154 4018 2220 bellorum
4067 2155 4303 2221 fluctus
4356 2155 4593 2237 quibus

2659 2261 2834 2307 nunc
2906 2241 3319 2319 involvimur,
3399 2240 3538 2305 sive
3602 2241 3953 2316 viventem,
4031 2242 4174 2305 sive
4236 2248 4592 2318 mortuum,

2660 2348 2805 2393 eam
2847 2347 3037 2410 quam
3098 2346 3357 2408 possum
3396 2345 3657 2409 operam
3717 2325 3869 2393 huic
3911 2326 4215 2392 ecclesiae
4263 2324 4592 2409 impendo,

2661 2412 2864 2479 donec
2937 2411 3168 2477 melior
3240 2433 3311 2478 se
3384 2412 3617 2477 offerat
3682 2410 4103 2478 commoditas
4166 2410 4360 2477 rebus
4426 2412 4595 2477 meis

2661 2496 3111 2582 prospiciendi.
3199 2496 3394 2580 Quod
3456 2499 3514 2564 si
3571 2496 3750 2562 volet
3789 2498 4113 2564 Dominus
4169 2506 4269 2563 ut.
4298 2517 4415 2563 vos
4451 2517 4602 2579 pro-

2665 2585 2845 2648 ximo
2886 2602 3042 2649 vere
3086 2585 3390 2661 revisam,
3446 2583 3706 2666 plenius
3752 2584 4083 2650 vobiscum
4139 2590 4207 2649 et
4266 2582 4346 2648 de
4400 2584 4603 2648 rebus

2660 2668 2824 2734 meis
2871 2677 2938 2734 et
2980 2666 3061 2733 de
3102 2668 3361 2752 publica
3403 2669 3708 2735 ecclesiae
3752 2669 4037 2734 utilitate
4092 2668 4596 2734 commentabor.

2661 2753 3013 2821 Caeterum
3055 2754 3223 2819 nihil
3267 2774 3427 2836 opus
3470 2775 3613 2820 esse
3655 2761 3815 2839 puto
3856 2774 4119 2820 monere
4172 2775 4290 2821 vos
4333 2765 4407 2819 ut
4448 2775 4601 2819 ves-

2661 2846 2803 2906 trae
2869 2840 3174 2907 ecclesiae
3230 2840 3498 2923 eiusque
3562 2840 3926 2905 ministerio
3989 2840 4083 2905 ita
4123 2840 4478 2906 consulatis
4523 2845 4601 2905 ut

2661 2946 2808 2991 mea
2872 2946 3067 2992 causa
3129 2926 3297 2991 nihil
3361 2925 3634 3010 posthac
3695 2926 3968 3009 accipiat
4029 2925 4421 3004 detrimenti,
4481 2932 4601 2990 aut

2662 3032 2781 3077 vos
2823 3011 2971 3095 plus
3006 3013 3177 3079 insto
3217 3011 3625 3095 premamini,
3682 3019 4030 3094 pensantes
4087 3010 4258 3095 quod
4312 3031 4461 3076 mea
4512 3032 4601 3078 ex

2660 3105 2847 3182 parte
2884 3095 3237 3163 desiderari
3268 3105 3500 3181 potest.
3545 3096 3781 3162 Valete
3813 3098 4054 3181 optime
4094 3118 4171 3163 ac
4214 3095 4597 3175 diutissime,

2661 3184 2895 3249 fratres
2930 3193 2997 3248 et
3031 3191 3430 3269 symmystae
3484 3203 3679 3266 quam
3733 3184 4050 3249 carissimi
4105 3204 4183 3250 ac
4238 3182 4600 3267 plurimum

2662 3266 3064 3348 observandi,
3108 3277 3177 3333 et
3217 3288 3324 3333 me
3358 3267 3640 3334 assiduis
3673 3270 3912 3335 vestris
3950 3269 4251 3352 precibus
4285 3266 4599 3335 adiuvate

2662 3362 2729 3419 et
2765 3353 3048 3420 Domino
3110 3353 3575 3421 commendate.
3662 3351 3976 3438 Lugduni
4041 3357 4099 3421 6.
4166 3353 4361 3420 Febr.
4410 3357 4595 3419 1568.

3546 3508 3810 3573 «Vester
3844 3508 4083 3575 Petrus
4126 3508 4416 3576 Viretus.

3520 4053 3717 4124 3909.

3149 4208 3618 4276 STURMIUS
3661 4208 4095 4275 OALVINO.

2835 4379 2990 4448 Stilo
3024 4381 3182 4447 satis
3215 4380 3541 4466 neyliqenti
3573 4385 3628 4446 et
3654 4380 4088 4465 passimpzm
4121 4399 4312 4463 quam
4343 4380 4582 4447 obsceno

2659 4467 2736 4533 de
2771 4465 3277 4551 negotiationibtae
3312 4464 3695 4533 militaribus
3728 4470 3784 4531 et
3814 4466 4208 4550 pomariis
4249 4466 4401 4549 aya.

2940 4637 3049 4704 (Ex
3085 4636 3420 4707 autographo
3454 4637 3585 4691 Ood.
3620 4638 3857 4692 Gothani
3890 4635 4010 4700 404,
4043 4637 4135 4691 fol.
4173 4635 4317 4702 ⁷98.)

2970 4807 3354 4875 Clarissimo
3399 4808 3540 4875 viro
3585 4807 3660 4874 D.
3707 4808 3942 4874 Ioanni
3986 4808 4282 4875 Calvino.

2833 4979 3073 5045 Daniel
3124 4978 3463 5045 Oesiander
3516 4979 3923 5046 consiliarius
3969 4978 4233 5045 Ioannis
4278 4978 4584 5046 Eridemn‘

2665 5062 2848 5132 ducis
2892 5063 3219 5131 Saxoniae
3263 5086 3295 5131 s
3377 5086 3442 5130 m
3487 5065 3673 5132 nobis
3726 5065 3877 5131 facit
3918 5064 4358 5151 corrogandae
4401 5084 4581 5150 pecu·

2665 5150 2814 5217 niae
2857 5172 2898 5216 a
2938 5086 3429 5230 Basiliensiffis,
3472 5149 4017 5235 quemadmodum
4061 5172 4148 5217 ex
4188 5150 4368 5219 illius
4409 5148 4578 5217 vide-

2665 5233 2766 5301 bis
2808 5236 2892 5301 ad
2945 5257 3054 5301 me
3099 5236 3308 5301 literis
3364 5257 3642 5320 quarum
3697 5237 4069 5320 exemplum
4125 5235 4208 5302 ad
4264 5246 4333 5303 te
4384 5237 4577 5302 mitto.

2668 5321 2971 5389 Misimus
3015 5322 3137 5389 hac
3181 5321 3374 5388 dere
3409 5319 3484 5387 D.
3521 5322 3885 5390 Eusebium
3916 5322 4274 5412 Hedionenp,
4310 5323 4395 5390 D.
4424 5322 4578 5389 Gas-
