4850 6117
622 387 748 449 219

789 569 840 637 J
839 589 877 636 e
918 588 1005 633 ne
1050 583 1223 634 veux
1264 563 1439 632 aussi
1481 561 1756 647 oublyer
1798 559 1881 627 de
1927 579 2096 629 vous
2139 558 2320 646 dyre,
2362 558 2557 626 Mou-

620 655 821 733 sieur,
876 672 1006 737 que
1057 671 1224 718 nous
1279 669 1487 716 avons
1539 648 1782 715 obtenu
1833 646 2032 714 letres
2081 644 2164 711 de
2214 645 2282 711 la
2321 645 2560 730 Royue

623 743 706 810 de
750 739 1046 808 Navarra
1083 758 1235 806 vers
1275 734 1633 804 Messieurs
1674 732 1757 800 de
1796 733 2018 800 Berne
2058 751 2228 816 pour
2267 731 2413 798 leur
2455 751 2559 797 re-

622 846 868 982 aueryr
907 823 1184 938 quelque
1225 819 1675 919 persounaige,
1730 825 1799 886 et
1854 818 1938 885 sil
1979 818 2117 919 s'en
2160 815 2455 884 trouvoit
2494 816 2562 884 la

620 911 1198 1080 0⁰03¹202¹¹00200⁰¹¹
1177 910 1826 1079 ''⁰33¹ss..02‘5013233’5
1850 922 2563 1072 AEssffiizoeffissffi

622 1091 845 1152 vostre
885 1102 1144 1167 moyen,
1188 1089 1257 1147 et
1294 1078 1611 1147 touchant
1651 1096 1811 1163 cecy
1851 1076 1999 1161 plus
2042 1096 2082 1140 a
2122 1074 2302 1159 plain
2344 1094 2429 1141 en
2473 1092 2559 1157 ay

616 1172 687 1255 je
740 1169 983 1253 escript
1024 1174 1067 1233 a
1107 1166 1236 1233 Mr.
1277 1165 1354 1232 de
1407 1165 1475 1232 la
1519 1161 1795 1231 manche
1845 1183 2011 1246 pour
2053 1181 2215 1229 vous
2257 1180 2344 1227 eu
2384 1179 2562 1226 com-

621 1256 972 1339 muniquer
1022 1274 1063 1320 a
1118 1258 1338 1321 vostre
1394 1251 1636 1334 loysyr.
1722 1247 1786 1314 11
1827 1254 1929 1315 est
1983 1245 2281 1333 question
2339 1244 2421 1313 de
2463 1244 2559 1313 M.

622 1340 874 1427 Pyerre
920 1335 1226 1424 Nynauld
1265 1336 1564 1404 ministre
1605 1342 1648 1401 a
1690 1333 1987 1401 Tonnon.

1503 1928 1704 2002 8677.

1233 2101 1475 2168 BEZA
1513 2098 1949 2168 OALVINO.

796 2274 1043 2341 Relatio
1083 2273 1389 2339 tumultus
1430 2272 1503 2338 in
1552 2270 1862 2338 Suburbio
1907 2271 1974 2338 S.
2013 2270 2303 2342 Mamali
2343 2276 2561 2342 exorti.

621 2446 845 2516 (Exstat
867 2461 963 2568 ἔξ.
999 2444 1214 2509 Bezam,
1252 2443 1332 2497 ed.
1388 2442 1592 2498 Geuev.
1623 2459 1674 2513 p.
1728 2440 1848 2508 262,
1897 2444 2055 2498 Laus.
2098 2461 2151 2515 p.
2185 2441 2307 2512 543,
2348 2445 2560 2501 Hauov.

621 2532 678 2584 p.
713 2512 833 2581 610,
947 2517 1077 2569 cust
1108 2529 1163 2581 p.
1195 2509 1316 2578 359,
1352 2511 1532 2568 Amet.
1568 2528 1623 2581 p.
1659 2508 1776 2566 164.
1813 2541 1879 2551 —
1914 2512 2103 2569 Baum.
2137 2511 2204 2567 ΙΙ.
2228 2515 2376 2585 App.
2420 2513 2563 2584 148.)

797 2682 957 2750 Acci
1002 2703 1039 2748 e
1081 2682 1240 2767 quid
1297 2682 1457 2749 novi
1514 2682 1836 2764 acciderit,
1902 2704 1987 2749 ex
2028 2705 2156 2767 quo
2197 2692 2562 2770 postremas

625 2770 709 2836 ad
752 2776 820 2836 te
862 2767 942 2834 de
987 2770 1028 2834 i.
1096 2768 1323 2836 Pridie
1365 2768 1606 2836 natalis
1629 2768 1903 2835 Domini
1944 2767 2285 2837 discedens
2310 2772 2562 2840 Navar-

623 2876 781 2922 rena
832 2854 1197 2922 Parisiensi
1249 2855 1555 2921 ecclesiae
1611 2875 1718 2920 me
1773 2856 2088 2922 concessit
2130 2856 2214 2922 ad
2249 2856 2560 2925 triduum.

622 2941 849 3008 Natali
888 2941 1030 3025 ipso
1073 2940 1462 3024 quievimus.
1549 2939 1892 3021 Postridie,
1952 2941 2136 3027 copia
2188 2943 2378 3009 nobis
2421 2954 2564 3009 tum

622 3027 911 3111 primum
995 3026 1166 3092 facta
1287 3025 1499 3093 ublice
1577 3025 1805 3092 diebus
1868 3026 2052 3094 festis
2115 3027 2563 3110 concionandi,

624 3112 789 3179 duas
840 3111 1184 3177 conciones
1325 3111 1439 3177 bui
1477 3111 2061 3194 {fi-equentissimas,
2117 3135 2321 3180 unam
2359 3115 2435 3179 in
2475 3115 2560 3180 D.

623 3197 920 3277 Antonii,
978 3196 1249 3262 alteram
1306 3197 1377 3262 in
1432 3195 1519 3264 D.
1574 3198 1875 3265 Marcelli
1917 3198 2246 3280 suburbio,
2276 3202 2327 3279 ¹)
2366 3200 2564 3284 idque

624 3283 767 3349 sine
808 3282 947 3348 ulla
987 3302 1257 3366 prorsus
1300 3282 1516 3367 specie
1559 3284 1897 3350 tumultus.
1984 3283 2441 3351 Interfuerunt
2481 3307 2565 3351 ex

624 3366 929 3434 omnibus
972 3367 1217 3434 civium
1257 3367 1591 3437 ordinibus
1630 3368 1915 3454 plurimi,
1977 3377 2045 3436 et
2086 3370 2348 3455 quidem
2390 3372 2567 3438 inter

623 3457 914 3522 caeteros
976 3453 1062 3520 D.
1120 3454 1510 3534 Andelotius,
1573 3456 1687 3540 qui
1740 3475 1846 3521 me
1898 3476 2047 3522 cum
2105 3456 2565 3523 honestissimo

625 3546 693 3606 et
732 3538 1107 3605 firmissimo
1149 3540 1459 3605 comitatu
1502 3561 1621 3624 per
1663 3541 1947 3607 mediam
1989 3542 2221 3609 urbem
2264 3541 2562 3622 deduxit,

625 3623 817 3691 obstu
863 3625 1230 3691 escentibus
1264 3623 1655 3692 adversariis
1689 3633 1758 3692 et
1791 3647 2049 3694 summa
2075 3649 2225 3695 cum
2247 3629 2565 3695 bonorum

625 3718 823 3795 gratu
889 3711 1084 3789 tione,
1126 3731 1400 3794 quorum
1443 3710 1864 3779 multitudine
1906 3712 2001 3778 ita
2042 3712 2340 3798 oppletos
2383 3714 2566 3781 vicos

624 3796 1091 3880 conspexisses,
1157 3802 1231 3861 ut
1293 3818 1604 3863 numerus
1663 3798 1850 3865 facile
1911 3797 2070 3863 iniri
2132 3821 2264 3866 non
2326 3812 2563 3883 posset.

624 3881 852 3948 Altero
908 3890 1054 3964 post
1107 3881 1213 3946 die
1268 3902 1461 3948 mane
1503 3884 1878 3950 concionem
1920 3884 2179 3950 tertiam
2230 3883 2452 3966 habui,
2494 3886 2566 3953 in

621 3988 751 4050 qua
812 3967 1023 4034 multo
1088 3966 1288 4032 etiam
1338 3968 1563 4051 plures
1620 3969 1951 4035 affuerunt
2057 3990 2210 4036 uam
2271 3991 2564 4055 unquam

624 4060 832 4119 autea.
856 4137 871 4152 θ
914 4055 980 4118 A
1021 4051 1296 4136 prandio
1337 4053 1511 4118 itum
1552 4061 1654 4121 est
1691 4053 1777 4120 ad
1816 4055 2041 4122 Marce
2096 4057 2110 4071 ‘
2158 4055 2564 4156 suburbium,

622 4135 2567 4322 ἲὲίιῗεῗὲἓωηέἓὲἓεᾚῗἓὲιῗέἶωεὲᾒῗὲωῶιῖῗῗὲἓ

624 4314 858 4391 potuit,
909 4308 1220 4392 quoniam
1271 4330 1391 4376 sua
1446 4319 1676 4394 sponte
1731 4310 1994 4378 infinita
2047 4310 2239 4379 turba
2295 4334 2371 4380 eo
2412 4334 2565 4382 con-

625 4392 890 4473 fluebat,
955 4414 1151 4477 quam
1206 4393 1447 4479 alioqui
1502 4396 1790 4464 inimicis
1828 4396 2352 4481 prodidissemus.
2431 4400 2564 4466 Ac-

626 4478 794 4545 cessi
835 4499 876 4544 a
916 4478 1211 4562 prandio.
1308 4478 1550 4548 Aderat
1594 4489 1813 4550 autem
1853 4482 2194 4551 nobiscum
2235 4505 2321 4550 ex
2360 4484 2565 4570 Regi-

628 4584 757 4629 nae
797 4562 1105 4631 mandato
1143 4564 1418 4651 vigilum
1457 4569 1825 4652 praefectus
1866 4589 2018 4636 cum
2060 4570 2196 4637 suis
2238 4571 2566 4654 apparito-

628 4649 810 4716 ribus
828 4648 885 4734 ²)
946 4647 1040 4714 ita
1091 4656 1168 4715 ut
1221 4652 1404 4737 regia
1456 4656 1807 4722 auctoritas
1849 4655 2089 4740 ubique
2133 4654 2318 4723 nobis
2351 4656 2565 4739 praei-

800 4936 900 5073 ff)
925 4936 1085 5062 {aa
1100 4938 1453 5090 coafif'fe‘i‘o:
1485 5009 1542 5063 ι.
1556 5009 1745 5082 noym»
1777 5011 1957 5067 dom
1989 5012 2189 5094 charge
2222 5013 2257 5068 a
2287 5011 2565 5096 asbeston

631 5074 904 5131 chevalier
937 5076 1011 5130 du
1043 5081 1176 5146 guet
1208 5082 1268 5131 et
1300 5094 1335 5131 a
1366 5075 1601 5132 d'auires
1628 5095 1826 5136 encore
1842 5080 1932 5153 d’y
1965 5085 2192 5136 ass1ster
2225 5096 2358 5137 avec
2391 5099 2564 5137 mam-

630 5144 776 5200 forte
1090 5144 1316 5215 pescher
1357 5146 1439 5201 les
1484 5149 1757 5203 tumultes.
1802 5177 1868 5188 —
1914 5147 2080 5205 mun.
2127 5148 2196 5204 de
2248 5148 2433 5206 Gonde'
2470 5151 2567 5207 ΙΙΙ,

631 5210 767 5269 543:
878 5230 918 5284 y
951 5213 1098 5268 avoit
1114 5230 1185 5269 en
1200 5211 1531 5270 l’aesemblee
1564 5215 1618 5269 le
1633 5215 1865 5271 Prevost
1892 5217 1991 5273 des
2006 5218 2333 5276 Marechaux
2350 5220 2563 5290 Bouge-

632 5281 835 5349 oreille,
871 5282 1094 5338 commis
1125 5282 1197 5338 de
1213 5283 1286 5338 Η.
1322 5284 1374 5339 le
1406 5299 1761 5354 genvensem,
1792 5300 1933 5354 pour
1963 5286 2020 5340 la
2051 5286 2220 5358 garde
2254 5292 2313 5342 et
2346 5288 2564 5345 seurota

897 5159 1089 5199 utem

2128 369 2651 440 EPIS'DOLAE
2692 374 3070 440 3676--367
3074 377 3116 440 8

4474 378 4585 442 220

2658 567 2777 629 ret.
2864 559 3301 630 Oouciouatus
3342 568 3447 628 est
3488 559 3876 644 Nomia-est)
3952 561 4126 630 Ecce
4158 562 4363 647 igitur
4394 583 4585 648 quum

2657 647 2773 715 vix
2813 653 2990 714 esset
3029 648 3404 715 concionem
3446 647 3820 731 auspicatus
3835 697 3851 728 ,
3913 655 4269 731 coeperunt
4319 649 4586 716 sacrifici

2658 734 2731 799 iu
2792 734 3087 818 proximo
3151 741 3349 816 atque
3414 732 3575 799 adeo
3638 733 3945 818 contiguo
4002 733 4302 800 Medardi
4352 734 4585 820 templo

2664 838 3013 903 campanas
3046 838 3201 885 suas
3237 838 3465 885 omnes
3497 838 3693 902 quam
3726 818 4292 888 vehementissime
4315 819 4587 904 pulsare,

2660 906 2844 989 quasi
2901 926 3054 971 suas
3110 925 3271 987 quas
3322 912 3564 971 vocant
3618 904 3947 989 vesperas
3988 905 4330 984 cantaturi,
4385 905 4480 971 ita
4516 913 4585 971 ut

2665 989 2968 1057 Malotius
3009 989 3219 1056 audiri
3255 991 3371 1055 vix
3404 996 3638 1074 posset.
3657 993 3718 1070 ⁴)
3807 990 3913 1056 Ibi
3954 1012 4038 1057 ex
4076 992 4315 1058 nostris
4350 990 4588 1075 aliquis,

2662 1075 2907 1144 nullius
2948 1084 3167 1143 tamen
3224 1077 3430 1154 iussu,
3485 1075 3632 1142 illos
3686 1075 3840 1155 adit,
3896 1083 3965 1143 et
4006 1075 4243 1144 blande
4299 1083 4486 1178 rogat
4519 1084 4587 1143 ut

2661 1162 3075 1246 obstrependi
3133 1163 3334 1229 finem
3388 1160 3649 1228 faciant.
3673 1161 3727 1248 ⁸)
3811 1160 3923 1228 Illi
3977 1163 4164 1247 quasi
4203 1182 4587 1230 occasionem

2662 1247 2842 1314 nacti
2895 1268 3093 1332 quam
3148 1247 3515 1331 captabant,
3572 1257 3648 1314 ut
3699 1249 3810 1333 qui
3853 1268 3987 1315 una
4026 1268 4180 1316 cum
4222 1247 4468 1332 aliquot
4505 1248 4586 1312 si-

2663 1332 2855 1399 cariis
2893 1331 2978 1398 ad
3020 1332 3142 1400 hoc
3184 1334 3403 1417 ipsum
3446 1334 3707 1419 egregie
3745 1353 3887 1400 sese
3929 1340 4431 1417 comparassent,
4473 1333 4585 1398 im-

2662 1425 2887 1503 petum
2921 1419 2990 1485 iu
3030 1418 3221 1484 illum
3253 1418 3516 1502 faciunt,
3558 1429 3625 1486 et
3665 1420 3984 1487 inermem
4022 1428 4216 1486 conto
4252 1419 4590 1498 traiiciunt,

2664 1525 2858 1588 quem
2914 1504 3362 1589 pertuisanam
3412 1525 3737 1573 vocamus.
3823 1505 3970 1572 Hoc
4010 1504 4220 1573 scelus
4263 1505 4471 1572 nostri
4510 1503 4589 1570 si-

2663 1589 2804 1655 mul
2847 1598 3039 1674 atque
3082 1599 3582 1675 conspexerunt,
3625 1610 3703 1657 eo
3746 1598 3925 1657 recta
3965 1590 4290 1657 feruntur.
4356 1590 4589 1656 Hostes

2664 1686 2731 1741 et
2771 1675 2900 1760 ipsi
2943 1685 3315 1755 occurrunt,
3355 1675 3681 1760 simulque
3723 1697 3809 1743 ex
3852 1677 4018 1742 turri
4059 1675 4291 1761 templi
4333 1684 4402 1743 et
4443 1675 4586 1742 vici·

2662 1761 2768 1830 nis
2825 1760 3095 1829 aedibus
3137 1781 3300 1827 saxa
3341 1770 3407 1827 et
3448 1760 3661 1840 sudes,
3718 1762 3906 1846 quasi
3948 1764 4137 1862 siguo
4180 1761 4354 1863 dato,
4411 1760 4590 1828 deiici

2661 1845 3242 2017 ἓῗξιῗὲἑῖῗέὶςὲὶῗῑ
3267 1847 4589 2031 ffifflfflzffifflffifflf

2662 2018 2883 2084 omnia
2936 2019 3223 2084 maximo
3281 2019 3571 2087 tumultu
3623 2020 4000 2086 miscentur.
4087 2018 4353 2086 Interea
4393 2025 4590 2085 nostri

2661 2103 2746 2169 ad
2805 2104 2978 2188 ipsas
3029 2125 3234 2187 usque
3290 2103 3519 2188 templi
3574 2105 3748 2171 fores
3805 2103 4213 2172 adversarios
4255 2103 4587 2188 repellunt.

2661 2189 2805 2273 Ego
2847 2190 3012 2256 forte
3050 2191 3122 2255 in
3163 2189 3458 2258 cubiculo
3500 2189 3855 2270 adstabam,
3897 2190 4073 2275 quod
4110 2212 4194 2257 ex
4228 2211 4363 2256 uuo
4398 2189 4591 2256 latere

2660 2274 2877 2341 locum
2913 2275 3131 2358 ipsum
3176 2275 3288 2342 ubi
3331 2285 3593 2343 coactus
3637 2285 3780 2342 erat
3820 2284 4063 2354 coetus,
4107 2298 4191 2343 ex
4224 2276 4431 2343 altero
4465 2275 4590 2359 pla·

2662 2367 2838 2426 team
2890 2362 3221 2445 spectabat
3273 2382 3403 2444 qua
3457 2360 3932 2429 transeundum
3989 2370 4132 2429 erat
4170 2361 4476 2428 omnibus
4516 2360 4590 2426 ad

2661 2455 2993 2513 certamen
3068 2448 3587 2531 properantibus,
3699 2445 3989 2514 Gonatus
4067 2468 4214 2514 sum
4277 2455 4586 2531 quantum

2663 2531 2844 2616 potui
2900 2539 2968 2598 et
3020 2553 3176 2600 voce
3230 2541 3297 2597 et
3346 2554 3547 2598 manu
3599 2532 3909 2600 mulieres
3950 2540 4017 2599 et
4057 2533 4325 2600 turbam
4368 2533 4588 2600 confir·

2662 2637 2882 2684 mare:
2936 2626 3004 2683 et
3060 2617 3368 2684 Malotius
3419 2620 3558 2703 ipse
3599 2619 3869 2686 minime
3911 2618 4351 2704 perturbatus,
4417 2619 4590 2703 signo

2664 2702 2813 2770 dato
2855 2710 2932 2769 ut
2972 2703 3312 2770 Psalmum
3354 2701 3680 2770 decimum
3723 2711 3987 2771 sextum
4029 2725 4430 2785 caneremus,
4491 2725 4593 2788 po·

2663 2789 2896 2873 pulum
2949 2796 3276 2872 utcunque
3332 2790 3623 2856 retinuit.
3710 2790 3854 2855 Iam
3906 2791 4111 2876 igitur
4163 2810 4376 2875 paene
4431 2809 4590 2856 com-

2664 2875 2879 2958 posita
2920 2882 3108 2941 erant
3148 2876 3384 2954 omnia,
3428 2897 3633 2960 quum
3674 2883 3946 2960 repente
3989 2876 4267 2943 sacrifici
4302 2897 4455 2944 cum
4486 2896 4593 2943 sua

2666 2960 2950 3042 cohorte,
3013 2982 3215 3046 quum
3279 2981 3422 3027 sese
3484 2970 3551 3027 et
3615 2982 3656 3027 a
3716 2962 3996 3047 vigilum
4058 2963 4400 3046 praefecto,
4444 2970 4512 3028 et
4559 2982 4595 3026 a

2666 3047 2909 3114 nostris
2950 3048 3046 3112 ita
3084 3053 3428 3115 cernerent
3468 3046 3782 3128 obsessos,
3826 3057 3904 3114 ut
3937 3046 4258 3114 evadendi
4290 3068 4441 3133 spes
4472 3067 4592 3114 non

2666 3140 2853 3212 esset,
2919 3152 3383 3217 campanarum
3443 3133 3660 3216 pulsu,
3727 3153 3926 3217 quem
3992 3134 4291 3200 toxinum
4349 3142 4587 3214 vocant,

2666 3239 2893 3285 omnes
2949 3217 3034 3283 ad
3089 3239 3267 3284 arma
3326 3225 3701 3285 convocant.
3787 3220 3959 3286 'I'um
3999 3239 4157 3286 vero
4199 3221 4410 3287 nostri
4452 3238 4594 3285 con·

2664 3304 2824 3370 ferri
2886 3305 3288 3389 praecipites.
3363 3304 3534 3389 ,Ego
3599 3326 3801 3388 quum
3863 3306 3998 3371 iam
4059 3326 4398 3372 cernerem
4460 3302 4594 3371 nul-

2664 3389 2805 3457 lum
2867 3411 3009 3457 esse
3071 3390 3357 3456 remedio
3419 3391 3655 3471 locum,
3720 3392 3791 3455 in
3847 3392 4131 3476 plateam
4184 3411 4454 3459 accurro
4503 3391 4594 3455 in-

2666 3497 2876 3543 ermes
2920 3483 3381 3560 procurrentes
3417 3475 3633 3544 verbis
3669 3485 3739 3542 et
3769 3476 4066 3561 opposito
4099 3478 4262 3544 ostio
4296 3474 4589 3562 impedio,

2664 3582 2748 3626 ne
2789 3563 2860 3627 in
2881 3562 3246 3646 periculum
3285 3561 3711 3628 manifestum
3754 3569 3976 3628 ruant:
4022 3563 4191 3646 quod
4214 3560 4482 3647 quidem
4509 3562 4595 3628 ita

2665 3647 3000 3713 commode
3055 3647 3224 3712 mihi
3263 3668 3390 3731 sug
3434 3649 3593 3713 essit
3634 3648 3981 3728 Dominus,
4047 3655 4125 3712 ut
4168 3668 4276 3714 ma
4311 3649 4322 3656 ’
4453 3667 4592 3733 pars

2666 3732 2896 3799 turbae
2937 3733 3138 3799 fuerit
3178 3734 3355 3817 peric
3426 3734 3448 3798 i
3488 3734 3739 3819 ignara,
3798 3738 3867 3799 et
3910 3732 4214 3800 Malobius
4254 3755 4373 3819 per
4415 3731 4593 3800 dimi-

2666 3817 2841 3885 diam
2898 3818 3131 3884 horam
3169 3819 3355 3902 quasi
3398 3816 3592 3885 rebus
3635 3818 4006 3903 tranquillis
4049 3819 4413 3903 perrexerit
4451 3838 4593 3886 cou-

2665 3903 2929 3984 cionari,
2988 3905 3286 3987 quamvis
3343 3903 3457 3971 ille
3497 3905 3709 3972 toxini
3750 3905 4008 3973 sonitus
4046 3904 4426 3972 auditorum
4465 3902 4592 3969 ani-

2665 4008 2809 4055 mos
2865 3986 3139 4056 subinde
3179 3989 3578 4074 percelleret.
3666 3989 3745 4056 Si
3788 3992 3899 4075 qui
3940 3991 4195 4057 interea
4237 3991 4587 4075 prodibant,

2664 4074 2759 4141 eis
2800 4075 2996 4142 fiebat
3039 4076 3321 4141 exeundi
3364 4083 3670 4160 potestas,
3728 4076 3845 4143 sed
3886 4097 4039 4142 cum
4080 4075 4467 4157 conditione,
4527 4080 4594 4140 ut

2666 4161 3096 4227 consisterent
3133 4161 3334 4228 tantis
3379 4181 3452 4227 er
3494 4161 3652 4229 dum
3695 4181 3736 4228 a
3777 4163 4035 4243 nostris,
4080 4163 4140 4229 si
4180 4162 4274 4229 ita
4307 4183 4469 4247 opus
4501 4181 4592 4226 es-

2662 4253 2783 4325 set,
2826 4255 3269 4315 evocarentur.
3408 4269 3518 4316 um
3562 4247 3725 4315 haec
3765 4248 3944 4315 intus
3987 4261 4329 4332 geruntur,
4373 4243 4589 4323 nostri,

2662 4339 3016 4416 praeeunte
3049 4339 3119 4398 et
3149 4332 3415 4399 iubente
3446 4333 3725 4416 vigilum
3758 4334 4100 4417 praefecto,
4142 4335 4395 4417 impetu
4415 4334 4589 4408 facto,

2663 4417 2893 4502 templi
2935 4419 3108 4484 fores
3159 4439 3307 4485 cum
3358 4418 3691 4504 repagulis
3741 4439 4001 4486 summa
4041 4420 4110 4485 vi
4164 4419 4587 4571 perh-infipnt.

2663 4502 2907 4570 Hostes
2972 4502 3238 4585 balistis,
3295 4505 3576 4586 ensibus,
3639 4504 3866 4586 contis,
3932 4505 4128 4586 saxis,
4206 4515 4274 4572 et
4336 4527 4414 4573 su
4462 4504 4588 4571 ‘bus

2665 4739 2872 4796 d’icelle
2906 4747 2966 4796 et
2998 4745 3165 4798 estoit
3196 4742 3555 4813 accompagn&
3589 4743 3659 4797 de
3704 4744 3830 4814 cinq
3862 4760 3935 4799 ou
3978 4744 4065 4798 six
4114 4743 4184 4800 de
4228 4760 4317 4800 ses
4365 4743 4585 4799 arebert-

2658 4892 2848 4948 pam
2881 4812 3299 4891 estsuper-venit
3340 4826 3466 4869 cum
3515 4813 4584 4882 septenautoctooquitibumaoau·

2771 4884 3784 5029 ,mirmmzmmm
3840 4947 4587 5016 mamaeam.

2666 5014 2846 5082 ‘3⁸⁸²‘
2868 5013 3404 5153 ἷῗιιαῗιηωὲἇζνω
3453 5083 3618 5170 Μαι,
3664 5085 3733 5142 αι
3770 5084 4066 5170 casm
4096 5088 4197 5171 1¹!-
4230 5101 4278 5145 a
4312 5087 4363 5143 5.
4398 5085 4482 5145 aa,
4512 5083 4587 5141 za
