4850 6117
643 406 771 472 531

639 603 714 661 ct
755 592 1014 673 summi,
1075 611 1248 657 anno
1289 588 1590 677 proxime
1631 586 1853 674 elapso
1894 588 1969 654 in
2008 585 2336 671 Principis
2377 584 2589 653 nostri

644 700 919 746 manum
951 676 1307 745 redierunt.
1362 675 1710 760 Principes
1742 681 2010 753 tutores,
2045 680 2122 739 ut
2148 672 2587 758 significatum

645 765 833 831 nobis
865 764 1011 844 fuit,
1048 769 1420 829 statuerunt
1451 763 1526 828 in
1560 760 1851 847 singulas
1883 760 2033 826 illas
2064 758 2343 825 ditiones
2362 757 2590 822 minis-

643 860 782 918 tros
824 871 908 915 ex
952 858 1176 915 nostro
1220 856 1406 914 coetu
1450 846 1721 915 selectos
1757 846 2038 926 mittere,
2076 845 2191 928 qui
2226 843 2431 910 donec
2468 843 2585 909 ali-

640 945 745 1003 ter
808 942 1223 1020 prospectum
1284 935 1501 1013 fuerit,
1566 933 1812 1000 relictis
1872 930 2182 998 sacrificis
2244 929 2467 997 missis
2519 935 2586 995 et

621 1022 1025 1100 :idololatria,
1068 1021 1203 1087 illic
1245 1019 1799 1087 concionabuntur
1820 1025 1887 1084 et
1919 1023 2321 1083 sacramenta
2352 1016 2438 1082 iis
2472 1015 2587 1099 qui

635 1108 755 1172 illa
796 1108 1023 1173 volent
1063 1104 1630 1172 administrabunt.
1692 1103 1823 1170 Dic
1863 1124 2058 1181 nunc,
2102 1102 2383 1181 obsecro,
2421 1121 2582 1167 num

636 1192 980 1259 consilium
1044 1191 1208 1257 illud
1273 1191 1565 1274 accipere
1625 1190 2075 1272 improbareve
2140 1208 2426 1273 prorsus,
2496 1208 2583 1253 an

639 1281 960 1344 intactum
1003 1279 1217 1362 potius
1260 1277 1627 1360 relinquere
1670 1275 2049 1353 debeamus,
2094 1295 2181 1339 ne
2222 1274 2390 1340 forte
2445 1272 2583 1339 sin-

638 1364 775 1448 guli
832 1363 1206 1430 audiamus:
1281 1363 1572 1447 Gregem
1624 1370 1813 1427 tuum
1871 1382 2030 1428 cura
2087 1381 2219 1425 non
2276 1360 2581 1426 alienum.

638 1449 974 1534 Quidquid
1029 1451 1118 1515 sit
1169 1458 1389 1514 tamen
1444 1470 1531 1514 ex
1582 1455 1648 1512 te
1700 1447 1869 1513 scire
1924 1466 2101 1526 avec,
2168 1444 2325 1529 quid
2368 1444 2583 1511 dicere

625 1544 755 1602 -aut
788 1537 1004 1602 facere
1040 1536 1315 1601 debeant
1347 1535 1458 1617 qui
1492 1555 1580 1599 ex
1614 1531 1800 1599 nobis
1831 1533 1904 1601 in
1940 1531 2216 1597 ditiones
2248 1531 2396 1597 illas
2431 1551 2583 1596 cum

636 1622 771 1688 illis
815 1620 1293 1688 conditionibus
1338 1617 1833 1704 ablegabuntur.
1899 1617 2086 1684 Haec
2128 1624 2286 1683 sunt
2323 1616 2405 1682 de
2441 1618 2585 1701 qui-

640 1710 761 1773 bus
796 1715 976 1774 tuam
1012 1706 1403 1773 sententiam
1439 1704 1666 1771 audire
1701 1703 1909 1788 cupio,
1946 1724 2031 1769 ne
2065 1702 2221 1787 quid
2255 1704 2327 1768 in
2358 1704 2443 1770 iis
2463 1701 2583 1790 ‚vel

641 1806 888 1859 temere
929 1794 1032 1858 vel
1075 1791 1555 1874 imprudentius
1603 1811 1799 1874 quam
1833 1810 1956 1874 par
2003 1788 2089 1856 sit
2135 1787 2433 1855 audendo
2476 1788 2582 1856 vel

642 1878 887 1962 perfide
931 1879 1209 1961 turpiter
1251 1875 1657 1944 connivendo
1702 1877 2058 1961 designem.

809 1962 1042 2047 Neque
1104 1984 1258 2030 vero
1323 1983 1447 2047 ego
1489 1962 1668 2029 solus
1722 1962 1845 2029 hoc
1888 1963 1958 2027 in
2016 1961 2278 2047 negotio
2321 1959 2580 2027 haereo.

625 2048 816 2117 'Sunt
857 2058 923 2114 et
966 2049 1080 2115 alii
1121 2052 1411 2132 quinque
1454 2056 1858 2134 symmystae
1919 2047 2067 2125 mei,
2132 2048 2231 2112 tui
2274 2047 2584 2112 amantis-

639 2137 804 2213 simi,
851 2136 962 2218 qui
1006 2134 1276 2202 consilio
1341 2149 1455 2200 tuo
1509 2154 1644 2200 non
1708 2134 1924 2199 minus
1966 2154 2162 2216 quam
2205 2153 2327 2216 ego
2365 2133 2583 2197 iuvari

635 2224 1048 2305 percupiunt.
1071 2220 1124 2306 ⁶)
1220 2220 1318 2285 Hi
1381 2241 1611 2285 omnes
1666 2240 1924 2285 mecum
1980 2219 2370 2285 confessioni
2431 2216 2587 2283 fidei

636 2307 1059 2375 ecclesiarum
1095 2306 1506 2372 Genevensis
1550 2315 1616 2371 et
1651 2304 2142 2371 Gallicanarum
2180 2304 2584 2386 subscripse-

635 2402 815 2472 runt,
851 2400 917 2458 et
951 2393 1325 2458 universam
1348 2391 1728 2470 doctrinam,
1753 2410 1948 2474 quam
1971 2389 2301 2456 Dominus
2324 2390 2584 2473 scriptis

635 2479 770 2544 tuis
807 2499 934 2543 non
981 2480 1199 2543 minus
1246 2477 1618 2543 christianis
1653 2496 1851 2560 quam
1886 2475 2160 2542 eruditis
2195 2474 2484 2560 dispergi
2518 2483 2586 2541 et

637 2563 969 2648 divulgari
1004 2564 1231 2637 voluit,
1267 2563 1694 2628 orthodoxam
1729 2570 1795 2627 et
1827 2562 2149 2628 sinceram
2182 2582 2325 2628 esse
2365 2560 2582 2628 faten-

636 2657 749 2714 tur
792 2658 988 2732 atque
1030 2649 1270 2716 idcirco
1314 2647 1701 2733 approbant:
1742 2647 1864 2712 hac
1905 2647 2293 2731 praesertim
2332 2646 2582 2712 ratione

633 2736 818 2815 moti,
885 2735 1058 2818 quod
1112 2755 1257 2800 eam
1316 2755 1400 2800 ex
1455 2733 1765 2801 canonico
1823 2732 2164 2798 literarum
2225 2733 2471 2801 veteris
2514 2740 2584 2797 et

636 2822 792 2888 novi
837 2822 1214 2886 testamenti
1271 2820 1714 2904 promptuario
1780 2817 2191 2901 desumptam
2237 2838 2381 2884 esse
2422 2818 2585 2886 satis

634 2927 961 2990 superque
1005 2915 1276 2972 constet.
1355 2904 1548 2973 Unde
1589 2905 1954 2971 iudicamus
1999 2914 2179 2970 tuam
2221 2903 2404 2970 illam
2447 2925 2580 2970 non

636 3012 799 3071 esse,
843 2991 959 3058 sed
992 2993 1282 3071 Domini,
1327 2992 1440 3076 qui
1474 2998 1540 3056 te
1571 2990 1862 3057 eiusdem
1896 2989 2404 3074 dispensatorem
2438 3011 2583 3057 esse

636 3078 849 3144 voluit
907 3084 973 3143 et
1015 3098 1399 3162 praeconem
1459 3076 1817 3143 constituit.
1903 3076 2139 3160 Itaque
2182 3082 2261 3141 ut
2300 3077 2584 3143 eundem

639 3161 983 3229 Christum
1047 3169 1387 3230 aeternum
1429 3161 1561 3228 Dei
1625 3162 2089 3245 omnipotentis
2151 3162 2363 3227 filium
2429 3184 2583 3230 cum

637 3248 926 3315 ecclesiis
970 3248 1343 3316 Genevensi
1400 3253 1469 3315 et
1511 3247 1872 3317 Gallicanis
1929 3247 2404 3332 amplectimur,
2485 3250 2584 3314 ita

635 3333 814 3399 idem
855 3355 1006 3401 cum
1048 3333 1278 3400 iisdem
1322 3334 1644 3400 sentimus
1685 3334 1760 3399 in
1787 3333 2092 3400 Domino.
2158 3332 2296 3415 Qui
2329 3334 2585 3400 utinam

637 3420 824 3501 faxit,
857 3428 933 3486 ut
964 3420 1040 3484 in
1072 3420 1197 3487 hac
1230 3420 1629 3486 confessione
1661 3419 1756 3484 ita
1775 3440 2292 3504 perseveremus,
2326 3428 2406 3485 ut
2440 3440 2586 3486 eam

635 3526 770 3572 non
791 3506 1006 3571 solum
1027 3526 1140 3571 ore
1174 3511 1241 3571 et
1260 3506 1537 3588 scriptis,
1561 3526 1795 3573 verum
1823 3505 2020 3571 etiam
2044 3507 2184 3572 vita
2205 3512 2273 3571 et
2293 3505 2586 3573 moribus

625 3591 725 3658 ·ad
778 3600 1148 3658 extremum
1203 3612 1411 3675 usque
1468 3590 1777 3673 spiritum
1830 3599 2204 3658 constanter
2260 3599 2328 3657 et
2379 3592 2586 3658 intre-

633 3677 792 3762 pide
837 3686 1161 3743 testemur
1204 3697 1278 3744 ac
1320 3679 1761 3760 profiteamur.
1822 3678 2048 3742 Amen.

812 3763 999 3830 Haec
1035 3762 1113 3827 de
1150 3784 1254 3827 me
1290 3772 1357 3828 et
1390 3763 1776 3847 symmystis
1811 3763 1975 3827 meis
1997 3762 2293 3845 pluribus
2314 3761 2589 3829 fortasse

637 3870 833 3933 quam
881 3859 1024 3915 erat
1065 3869 1348 3915 necesse.
1439 3847 1591 3913 Non
1633 3846 1806 3930 quod
1847 3869 2111 3914 vererer
2169 3870 2255 3914 ne
2288 3850 2406 3914 uni
2440 3858 2589 3916 tan-

636 3946 777 4000 tum
822 3933 1244 4019 prudentiam
1287 3942 1469 3999 tuam
1513 3933 1883 3999 consulenti
1924 3934 2270 4001 consilium
2307 3933 2588 4020 denega-

633 4162 793 4212 court
834 4154 896 4209 vi
937 4155 1144 4223 potitus
1177 4161 1272 4219 esi,
1318 4154 1415 4210 sed
1456 4156 1570 4211 iam
1607 4170 1660 4211 a.
1696 4156 1748 4208 d.
1784 4154 1912 4211 111.
1947 4155 2038 4211 Id.
2076 4154 2205 4211 Iun.
2251 4157 2368 4212 dua·
2407 4156 2590 4214 (Horis-

635 4226 897 4294 tophorus
930 4225 1104 4279 armis
1137 4239 1318 4278 omnes
1362 4230 1473 4280 tres
1507 4224 1739 4279 ditiones
1775 4225 1883 4280 eibi
1913 4226 2139 4280 subiecit
2170 4231 2222 4280 et
2253 4226 2464 4282 incolas
2494 4228 2595 4299 qai

633 4294 891 4349 catholici
922 4298 1082 4346 eram
1114 4293 1478 4348 iureiurando
1511 4294 1618 4348 sibi
1650 4294 1955 4349 obstrinxit.
2026 4294 2303 4348 Plusieurs
2337 4300 2590 4364 pasteurs

638 4362 1017 4484 miii&
1048 4360 1264 4483 {3³22
1284 4361 1717 4484 ’ἓῗέιᾞὲἓὴὲῗθ
1733 4363 1947 4483 ·ἑ“““ἰ
1977 4361 2331 4485 Ἓέῑὲῗὲηὲὸὲ
2361 4365 2417 4445 ·¹‘'
2444 4366 2591 4486 {³⁰³⁸

1700 4449 1748 4483 n
1885 4449 1916 4483 a
2264 4449 2294 4484 e
2356 4449 2442 4486 ms
2470 4451 2589 4487 ruc-

638 4500 797 4553 tions.
862 4499 940 4619 {ff
974 4447 1219 4634 7i4‡)vr¹i)l
1254 4447 1390 4552 lp565
1422 4499 1503 4552 les
1535 4448 1749 4552 tutegrs
1782 4448 2195 4553 inssrdirentpla
2227 4515 2403 4555 messe
2440 4501 2592 4568 (Du-

638 4580 770 4621 vern
947 4606 961 4619 .
1126 4606 1139 4620 .

772 4583 905 4702 ⁰96)
941 4634 1128 4688 Facile
1160 4636 1453 4689 conieceris
1486 4635 1565 4689 ad
1596 4649 1687 4690 eos
1720 4634 1899 4689 alludi
1929 4637 2028 4704 qui
2054 4636 2238 4705 pridie
2275 4636 2362 4691 101.
2402 4636 2595 4694 Maias

639 4701 778 4756 1563
822 4719 941 4756 eum
980 4702 1189 4758 Vatello
1224 4704 1443 4758 dimissi
1484 4711 1630 4759 sunt.
1709 4703 2039 4775 (Duum-noy
2083 4720 2141 4772 p.
2197 4703 2322 4759 178.-
2389 4705 2473 4760 La
2505 4710 2595 4762 re-

708 4788 809 4824 nce
858 4771 959 4824 fait
1009 4777 1287 4825 connaitre
1338 4790 1444 4825 aux
1489 4775 1706 4842 princes
1749 4778 1961 4827 tuteurs
2008 4773 2201 4842 qu'elle
2252 4788 2289 4828 a
2335 4775 2592 4846 conge'die

639 4788 913 4896 ffatthieu
948 4839 1182 4894 Watelet
1230 4841 1378 4906 (sic),
1424 4842 1670 4897 ministre
1714 4840 1748 4894 a
1779 4841 2158 4910 Montbe'liard,
2215 4847 2273 4896 et
2324 4859 2413 4897 ses
2466 4861 2594 4900 con·

638 4908 814 4964 fr'eres
851 4908 1049 4962 Benoit
1095 4910 1285 4962 Pascal
1315 4909 1632 4978 (originaire
1666 4909 2029 4980 d’Auvergue)
2064 4911 2132 4964 de
2185 4911 2594 4984 Vandoncourt‚

638 4980 779 5034 Jean
818 4978 990 5047 Biney
1024 4977 1094 5029 de
1127 4978 1496 5049 Valentigney,
1543 4980 1769 5033 Renaud
1812 4982 2023 5050 Angon,
2073 4981 2363 5050 Lyonnais‚
2408 4982 2478 5034 de
2514 4983 2594 5038 st.

641 5049 846 5113 Julien,
901 5055 958 5100 et
991 5046 1130 5099 Jean
1179 5046 1434 5098 Tiersant
1483 5047 1576 5114 (de
1626 5049 1849 5114 Meaux)
1911 5049 1980 5102 de
2031 5048 2368 5119 Dampierre,
2418 5049 2595 5106 imbus

640 5131 851 5171 comme
902 5115 978 5169 lui
1024 5114 1093 5166 de
1141 5114 1195 5168 la
1238 5114 1484 5167 doctrine
1528 5117 1596 5169 de
1649 5116 1836 5171 Oalvin
1889 5134 1984 5171 sur
2027 5119 2083 5172 la
2131 5118 2591 5189 predestination3

637 5202 744 5253 que
781 5193 904 5239 tous
938 5185 1018 5237 les
1052 5182 1177 5251 cinq
1213 5199 1272 5235 se
1307 5190 1430 5236 sont
1464 5185 1655 5237 retii-es
1691 5185 1916 5254 „aupres
1950 5186 2019 5241 de
2054 5189 2173 5240 leur
2205 5187 2381 5241 idole“
2418 5187 2453 5241 a
2488 5189 2592 5243 Ge-

637 5252 796 5319 neve,
832 5265 890 5306 et
964 5252 1083 5307 u'ils
1118 5259 1215 5304 ont
1251 5250 1337 5303 ete
1372 5251 1828 5309 immediatement
1860 5255 2158 5324 templaces
2199 5272 2302 5325 par
2335 5256 2433 5311 des
2466 5274 2588 5328 pas·

631 5326 792 5376 ‘beura
825 5270 1131 5392 proffessant
1168 5334 1304 5385 „une
1339 5318 1587 5374 doctrine
1621 5323 1742 5390 plus
1775 5322 1972 5377 asine·

2140 392 2668 466 EPISTOLAE
2709 395 3138 463 3853—3854

4482 406 4593 470 532

2687 589 2878 651 turus
2919 604 3125 652 oeses:
3193 585 3311 652 sed
3352 591 3434 651 ut
3486 584 3790 671 pluribus
3842 586 4127 654 alacrius
4167 587 4384 672 dones,
4443 591 4598 675 quod

2685 669 2808 735 uni
2870 676 3128 736 tantum
3178 670 3481 739 alacriter
3539 672 3812 740 daturus
3866 673 4104 740 fueras.
4188 677 4407 759 Atque
4453 676 4600 744 haec

2686 762 2840 821 sunt
2879 777 3044 840 quae
3089 757 3168 824 de
3202 757 3468 824 consilio
3509 758 3701 826 nobis
3740 757 3813 824 in
3856 779 4197 826 commune
4237 764 4598 843 necessario,

2684 841 2857 925 quod
2899 862 2941 907 a
2981 851 3048 910 te
3088 844 3388 927 petimus,
3432 842 3772 911 scribenda
3812 844 4033 911 habui.

2855 925 3176 1014 Superest
3215 936 3293 996 ut
3332 927 3417 994 ad
3469 930 3617 1011 alia,
3680 930 3855 997 levia
3897 929 4177 1015 quidem,
4243 931 4360 1000 sed
4403 939 4602 1001 tamen

2682 1015 2931 1099 negotii
2973 1015 3219 1099 aliquid
3260 1015 3425 1081 mihi
3466 1016 3872 1097 facessentia,
3914 1037 4100 1083 meae
4131 1018 4444 1085 festinent
4470 1019 4603 1087 lite-

2681 1120 2814 1166 rae.
2880 1100 3011 1169 Hic
3055 1106 3213 1167 sunt
3245 1123 3377 1167 non
3410 1102 3602 1185 pauci
3676 1103 3748 1169 ui
3778 1102 3918 1170 vita
3951 1102 4406 1171 defunctorum
4437 1126 4605 1172 men-

2681 1186 2928 1251 tionem
2990 1187 3322 1268 facientes,
3390 1187 3588 1254 verba
3693 1208 3806 1255 aec
3854 1186 4094 1255 addere
4149 1190 4427 1257 soleant:
4494 1191 4606 1257 Oui

2681 1270 2868 1338 Deus
2935 1271 3172 1339 bonam
3222 1282 3290 1339 et
3345 1273 3598 1340 felicem
3663 1273 3776 1340 det
3826 1275 4391 1342 resurrectionem.
4479 1275 4607 1344 Sci-

2680 1379 2831 1423 mus
2873 1358 3133 1442 quidem
3178 1379 3388 1425 vanas
3427 1366 3495 1425 et
3549 1360 3787 1443 impias
3842 1380 3985 1427 esse
4025 1381 4253 1444 preces
4295 1382 4463 1446 quae
4499 1383 4607 1447 pro

2683 1442 3138 1511 defunctorum
3179 1445 3391 1511 salute
3432 1445 3826 1512 funduntur:
3885 1446 4001 1513 sed
4044 1448 4355 1529 quoniam
4397 1448 4607 1515 huius·

2682 1530 2859 1595 modi
2903 1537 3203 1614 optatum
3245 1531 3329 1595 ad
3371 1533 3587 1598 carnis
3628 1533 4190 1611 resurrectionem,
4234 1555 4434 1618 quam
4465 1533 4609 1601 fides

2682 1623 2911 1682 nostra
2952 1625 3189 1700 sperat,
3233 1617 3519 1702 respicit,
3574 1616 3741 1685 illud
3784 1618 4105 1685 hactenus
4147 1620 4609 1704 reprehendere

2682 1701 2975 1767 nondum
3018 1723 3164 1768 sum
3207 1722 3422 1769 ausus.
3489 1704 3724 1786 Itaque
3767 1705 3935 1771 scire
3975 1704 4199 1786 velim,
4240 1725 4334 1771 an
4375 1705 4610 1772 homini

2683 1786 3038 1855 christiano
3078 1789 3147 1856 in
3192 1788 3512 1874 religione
3534 1789 3699 1856 bene
3736 1790 4042 1857 instituto
4075 1790 4169 1855 ita
4199 1791 4383 1876 loqui
4418 1792 4608 1858 liceat.

2682 1873 2774 1939 Et
2815 1874 2872 1939 si
2912 1873 3084 1952 licet,
3128 1882 3449 1958 quatenus
3490 1874 3558 1940 id
3601 1875 3811 1943 facere
3852 1878 4074 1960 possit.

2855 1959 3209 2026 Praeterea
3229 1959 3562 2028 Masculus
3593 1961 3665 2027 in
3688 1962 3825 2029 suis
3846 1963 4042 2029 Locis
4077 1962 4545 2042 communibus,
4561 1966 4610 2044 ⁷)

2683 2049 2753 2110 et
2787 2044 3205 2130 Bullinyerus
3244 2046 3320 2111 in
3368 2067 3491 2112 sua
3542 2047 3835 2114 locorum
3890 2051 4341 2116 communium
4383 2049 4612 2115 resolu-

2683 2131 2862 2196 tione
2904 2132 3053 2200 istic
3096 2152 3354 2212 excusa,
3398 2131 3594 2198 fidem
3629 2153 3671 2198 a
3702 2134 3847 2201 Deo
3888 2135 4240 2218 petendam
4274 2156 4423 2201 esse
4456 2156 4611 2203 asse-

2682 2224 2861 2283 runt.
2947 2218 3178 2301 Neque
3216 2223 3442 2283 tamen
3480 2218 3818 2286 Masculus
3851 2220 4007 2286 fidei
4039 2223 4309 2288 nomine
4344 2219 4496 2287 fidei
4523 2222 4611 2286 in-

2683 2310 3090 2369 crementum
3122 2303 3455 2388 intelligit,
3493 2313 3568 2370 ut
3600 2305 3714 2389 qui
3749 2325 3860 2372 eos
3895 2307 4009 2390 qui
4041 2308 4289 2391 pusilla
4321 2307 4454 2373 fide
4474 2314 4612 2374 sunt

2683 2388 3073 2454 adhortetur
3114 2390 3198 2454 ad
3241 2389 3590 2456 dicendum
3623 2391 3696 2456 in
3728 2391 3866 2459 suis
3913 2392 3998 2459 ad
4032 2395 4250 2460 Deum
4296 2393 4609 2477 precibus:

2684 2475 2967 2540 Domine
3011 2474 3262 2560 adauge
3309 2475 3496 2542 nobis
3537 2476 3756 2542 fidem.
3843 2479 3956 2544 An
3999 2478 4419 2563 Bullinyerus
4456 2479 4612 2545 idem

2686 2559 2902 2641 addat,
2945 2561 3272 2626 affirmare
3292 2582 3427 2626 non
3451 2581 3745 2646 possum:
3790 2565 3944 2647 quia
3985 2586 4108 2632 nec
4147 2566 4313 2632 satis
4347 2565 4612 2643 memini,

2685 2667 2806 2712 nec
2844 2646 3085 2712 librum
3126 2668 3286 2731 prae
3324 2648 3624 2714 manibus
3661 2648 3885 2728 habeo,
3930 2658 4007 2716 ut
4039 2652 4354 2717 amissam
4395 2670 4615 2716 memo-

2684 2732 2851 2798 riam
2884 2752 3278 2816 recuperem.
3342 2731 3479 2800 Sed
3513 2733 3740 2800 ambos
3771 2736 3841 2801 in
3875 2735 4006 2803 fide
4038 2735 4330 2820 petenda
4363 2756 4613 2803 consen-

2685 2819 2811 2883 tire
2844 2819 2992 2884 scio.
3065 2817 3407 2899 Quomodo
3441 2827 3661 2885 autem
3694 2820 3853 2888 hinc
3885 2842 3993 2887 me
4035 2822 4344 2889 evolvere
4380 2842 4610 2907 queam,

2685 2924 2822 2970 non
2853 2903 3058 2970 video.
3126 2904 3302 2970 Nam
3335 2906 3449 2988 qui
3483 2906 3627 2972 fieri
3659 2907 3897 2990 poterit
3934 2915 4013 2972 ut
4044 2907 4115 2973 id
4148 2929 4189 2973 a
4208 2908 4360 2973 Deo
4392 2916 4610 2991 petam,

2684 2990 2826 3055 sine
2860 3010 2986 3073 quo
3019 2989 3192 3055 nihil
3224 2988 3307 3056 ab
3328 2990 3558 3057 eodem
3581 2998 3802 3074 petere
3823 2995 4086 3076 possim,
4126 2992 4301 3077 quod
4324 2991 4610 3060 exorem?

2684 3074 2999 3158 Quisquis
3051 3076 3229 3141 enim
3271 3075 3491 3142 Deum
3543 3077 3689 3144 sine
3743 3078 3873 3144 fide
3931 3086 4097 3158 orat,
4160 3079 4416 3145 frustra
4466 3086 4609 3144 orat.

2684 3161 2831 3227 Imo
2873 3162 2967 3228 sic
3009 3161 3255 3229 orando
3341 3170 3538 3242 occat,
3592 3184 3799 3246 quum
3843 3163 4160 3248 quidquid
4201 3167 4283 3230 fit
4326 3166 4468 3232 sine
4501 3163 4613 3230 fide

2685 3249 2774 3314 sit
2805 3254 3163 3332 peccatum.
3231 3251 3295 3313 A
3341 3245 3422 3312 de
3456 3247 3628 3332 quod
3661 3270 3856 3315 nemo
3890 3257 3992 3317 est
4024 3255 4138 3334 qui
4169 3252 4382 3334 possit
4415 3251 4611 3317 Deum

2685 3339 2942 3417 patrem
2971 3354 3055 3399 ex
3098 3333 3319 3399 animo
3362 3333 3710 3418 appellare,
3754 3335 3886 3402 nisi
3925 3337 4112 3421 prius
4145 3338 4305 3403 fidei
4340 3337 4506 3404 dono
4544 3333 4612 3400 de

2685 3427 2959 3503 paterno
2993 3418 3127 3485 Dei
3169 3419 3241 3484 in
3286 3440 3358 3485 se
3403 3439 3627 3485 amore
3671 3427 3739 3487 et
3772 3423 3873 3489 sui
3920 3425 3993 3489 in
4026 3422 4241 3489 filium
4276 3423 4610 3507 adoptione

2686 3505 2924 3571 certior
2965 3507 3053 3571 sit
3094 3505 3324 3572 factus.
3394 3504 3540 3590 Ego
3579 3506 3834 3574 interea
3869 3515 4172 3575 autorum
4205 3508 4473 3575 illorum
4512 3528 4611 3573 au·

2687 3591 3013 3658 toritatem
3060 3590 3443 3658 convulsam
3485 3591 3710 3671 nolim,
3753 3615 3876 3661 nec
3918 3595 4052 3662 scio
4095 3616 4181 3661 an
4225 3595 4368 3661 ulla
4409 3596 4494 3662 sit
4524 3594 4610 3677 ig·

2686 3684 2846 3742 nota
2876 3677 3039 3742 mihi
3082 3677 3251 3743 ratio
3294 3698 3423 3760 qua
3464 3677 3726 3745 defendi
3768 3682 4038 3762 possint.
4118 3679 4346 3761 Quare
4386 3687 4455 3747 te
4494 3697 4609 3757 oro,

2688 3770 2765 3827 ut
2807 3760 3117 3846 quidquid
3159 3762 3446 3845 scrupuli
3480 3764 3553 3828 in
3586 3764 3715 3831 hoc
3748 3766 3913 3832 mihi
3945 3774 4049 3833 est
4078 3766 4242 3846 loco,
4285 3765 4456 3833 illud
4493 3782 4610 3830 uno

2689 3848 2888 3916 verbo
2931 3849 3098 3914 mihi
3135 3847 3401 3915 adimas.

2862 3933 3055 4015 Quod
3089 3933 3174 3999 ad
3207 3935 3492 4001 lusiones
3528 3936 3762 4019 quibus
3782 3937 4083 4004 homines
4115 3946 4378 4021 tempus
4411 3935 4611 4003 fallere

2691 4019 2912 4088 solent
2945 4021 3198 4098 attinet,
3241 4022 3365 4087 etsi
3408 4021 3768 4105 optandum
3811 4032 3984 4089 esset
4015 4032 4094 4089 ut
4126 4024 4207 4090 ab
4241 4024 4379 4090 illis
4413 4022 4615 4090 Chris-

2691 4105 2856 4172 tiani
2896 4127 3144 4186 omnes,
3189 4107 3302 4190 qui
3347 4105 3427 4171 de
3470 4108 3649 4174 omni
3682 4107 3882 4175 verbo
3920 4109 4124 4176 otioso
4155 4111 4480 4176 rationem
4510 4106 4613 4173 sibi

2691 4190 3093 4259 reddendam
3127 4213 3268 4259 esse
3289 4191 3455 4259 scire
3479 4191 3737 4270 debent,
3771 4215 4041 4279 prorsus
4075 4196 4496 4274 abstinerent,
4528 4202 4611 4258 ta-

2691 4299 2844 4344 men
2885 4278 3006 4343 vix
3047 4299 3124 4344 ac
3165 4299 3252 4343 ne
3294 4279 3414 4345 vix
3447 4277 3709 4362 quidem
3741 4281 4019 4365 populus
4055 4281 4164 4346 hic
4197 4301 4486 4365 unquam
4515 4277 4612 4344 ad·

2693 4363 2841 4429 duci
2884 4364 3124 4447 poterit
3161 4371 3238 4430 ut
3277 4364 3399 4430 hoc
3463 4371 3769 4449 praestet.
3853 4367 4087 4451 Itaque
4128 4367 4408 4433 sinimus
4447 4364 4609 4431 illum

2692 4448 3139 4516 bombardulis
3162 4460 3230 4516 et
3264 4448 3686 4517 arcubalestis
3703 4473 3849 4519 sese
3871 4452 4196 4519 oblectare
4221 4459 4292 4519 et
4312 4469 4609 4518 exercere.

2897 4706 2958 4776 7)
2989 4707 3120 4761 Loci
3155 4722 3465 4761 communes
3498 4723 3685 4762 sacrae
3718 4708 4024 4779 theologiae
4056 4709 4179 4762 Bas.
4215 4706 4354 4763 1560
4384 4706 4474 4762 fol.
4514 4703 4610 4761 Lo·

2691 4790 2790 4832 eus
2820 4778 2972 4831 xxiii
3012 4775 3080 4830 do
3124 4775 3232 4836 fide
3259 4791 3325 4857 p.
3359 4775 3464 4830 293
3497 4775 3600 4831 ubi
3627 4779 3771 4833 inter
3815 4778 3933 4833 alia
3961 4793 4020 4846 p.
4056 4776 4191 4830 299:
4256 4778 4446 4832 Monet
4493 4773 4609 4852 hcet-3

2690 4844 3052 4899 consideratio
3084 4850 3147 4898 ut
3181 4861 3275 4915 qm
3309 4860 3442 4898 vera
3472 4845 3582 4900 fide
3615 4845 3983 4902 destituuntur
4013 4846 4084 4899 ad
4119 4862 4241 4901 eum
4274 4847 4504 4900 clament
4531 4856 4609 4911 qm

2689 4916 2838 4970 solus
2869 4915 3019 4968 illam
3135 4931 3165 4966 r
3208 4913 3459 4982 spiritum
3504 4930 3660 4969 suum
3711 4916 3769 4969 in
3815 4914 4067 4970 eordibus
4117 4915 4318 4969 nostris
4362 4917 4607 4984 operatur·

2692 4982 2775 5038 Et
2811 4998 2940 5052 pay.
2980 4929 3132 5036 303⁰
3182 4981 3410 5036 Oramus
3456 4983 3610 5038 illum
3653 4988 3717 5038 ut
3746 4984 3910 5039 fidem
3957 5000 4119 5053 quam
4164 4984 4222 5038 in
4255 4984 4419 5038 eorda
4448 4987 4610 5058 noea?

2691 5051 2845 5105 dedit
2874 5053 2895 5105 i
2934 5067 2993 5105 se
3025 5051 3083 5105 in
3117 5051 3277 5106 nobis
3312 5053 3437 5105 alst.
3475 5081 3542 5092 -
3586 5050 3873 5122 Quodnam
3905 5052 4223 5122 Bullinqen‘
4251 5054 4505 5121 seu-ipat-
4533 5047 4607 5102 lm

2689 5119 2874 5202 laude}
2896 5069 3058 5175 {aad
3085 5120 3333 5202 praecise
3363 5120 3588 5179 definire
3619 5123 3884 5177 ausimne.
3952 5120 4221 5177 Fortasse
4251 5117 4607 5199 compendium

2688 5188 3013 5244 christianae
3044 5190 3325 5257 religionis
3356 5189 3542 5245 decem
3586 5190 3743 5246 libris
3776 5207 3897 5246 com
3937 5190 4243 5245 rehensmn.
4314 5192 4359 5244 Δ
4391 5187 4608 5243 studioso

2689 5257 2925 5382 ³uodam
2969 5257 3027 5311 in
3073 5257 3166 5310 lat.
3214 5273 3552 5314 conversum.
3624 5259 3741 5330 Τίς.
3780 5259 3846 5315 15
3916 5301 3928 5312 .
3964 5257 4016 5316 8.
4049 5262 4113 5314 in
4146 5274 4253 5330 quo
4285 5260 4373 5316 Ine.
4420 5255 4510 5313 VI·
4541 5256 4607 5309 αἲ

2729 5342 2758 5381 e
2786 5326 2897 5395 fide
2925 5331 2977 5382 ct
3009 5326 3304 5398 maauaie.
