4850 6117
250 404 376 466 661

245 597 493 657 verant
544 591 738 674 paulo
792 598 942 674 post
984 592 1231 657 mentio
1287 591 1704 659 iniiciebatur
1751 591 1832 657 de
1887 591 2206 657 trimestri

246 684 571 760 tempore,
625 686 690 742 et
733 676 1008 744 subinde
1050 676 1134 742 ad
1188 698 1394 745 novas
1436 678 1910 762 postulationes
1953 698 2058 744 res
2100 698 2204 743 re-

247 761 458 828 dibat.
548 763 1030 829 Intellexerunt
1087 763 1352 829 tandem
1409 766 1620 830 nostri
1675 763 1822 830 illos
1866 763 2038 830 hanc
2081 764 2204 830 sibi

245 847 432 913 viam
499 858 794 915 sternere
836 856 913 915 ut
973 848 1226 915 facilius
1290 858 1355 914 te
1417 859 1629 916 totum
1683 852 1759 915 in
1810 857 2204 933 perpetuum

244 934 698 1000 vendicarent.
786 934 1018 1017 Itaque
1062 936 1436 1001 maluerunt
1496 937 1594 1002 ita
1650 935 1733 1001 ad
1792 942 1858 1000 te
1922 935 2204 1001 scribere

243 1029 325 1085 ut
371 1040 496 1104 per
540 1029 605 1086 te
649 1022 892 1086 scirent
934 1020 1413 1105 Lugdunenses
1470 1041 1670 1106 opera
1725 1028 1840 1086 tua
1892 1042 1962 1087 se
2015 1041 2203 1104 posse

243 1105 351 1171 uti
396 1106 711 1189 quamdiu
764 1107 859 1172 ita
913 1107 1032 1172 tibi
1077 1107 1484 1172 commodum
1525 1107 1863 1173 videretur
1905 1115 1971 1172 et
2012 1128 2204 1173 sena·

244 1191 370 1271 tui,
421 1212 635 1276 neque
680 1193 873 1258 toties
909 1192 1092 1274 quasi
1128 1192 1498 1259 diffidentes
1541 1195 1853 1277 temporis
1894 1212 2202 1277 proroga-

240 1279 503 1343 tionem
559 1286 876 1361 peterent.
946 1277 1143 1344 Certe
1196 1278 1255 1344 si
1310 1279 1598 1344 instabat
1649 1290 1717 1345 et
1774 1280 2050 1363 urgebat
2101 1299 2202 1344 se-

242 1373 455 1428 natus
497 1371 573 1428 ut
631 1366 843 1447 primo
902 1385 1157 1448 quoque
1213 1374 1505 1447 tempore
1560 1365 1826 1444 redires,
1886 1365 2203 1430 eiusmodi

242 1449 582 1515 scribendi
626 1450 949 1516 rationem
989 1451 1059 1514 in
1103 1450 1492 1533 magistratu
1535 1458 1604 1515 et
1641 1450 2038 1532 primoribus
2072 1451 2202 1515 rei-

242 1534 555 1618 publicae
609 1546 673 1602 te
726 1537 880 1602 boni
937 1535 1273 1601 consulere
1328 1536 1671 1615 credimus,
1724 1545 2023 1602 nostrum
2069 1558 2203 1602 non

244 1629 356 1687 est
399 1632 753 1704 praestare.
840 1622 1014 1687 Nam
1057 1620 1226 1704 quod
1270 1620 1354 1686 ad
1398 1642 1537 1700 nos,
1597 1622 1668 1686 in
1711 1622 2054 1689 ministerii
2098 1642 2204 1687 ec-

249 1706 607 1773 clesiastici
672 1708 1007 1773 functione
1072 1707 1360 1774 absentis
1424 1707 1523 1772 tui
1588 1708 1927 1787 rationem,
1992 1706 2204 1791 quoad

249 1794 402 1858 eius
464 1794 609 1858 fieri
674 1793 902 1876 potuit,
966 1813 1225 1876 semper
1284 1793 1663 1872 habuimus,
1732 1815 1939 1876 neque
2004 1814 2203 1876 grave

245 1879 445 1945 nobis
490 1899 632 1944 esse
675 1899 841 1945 onus
896 1900 1057 1963 prae
1101 1878 1284 1944 nobis
1328 1900 1616 1962 unquam
1661 1878 1953 1958 tulimus,
2012 1878 2203 1945 modo

249 1962 622 2030 valetudini
666 1972 821 2030 tuae
861 1965 1218 2030 inservires
1260 1972 1326 2029 et
1378 1977 1447 2030 te
1487 1965 1833 2048 aliquando
1877 1964 2206 2031 valentem

248 2071 814 2132 recuperaremus.
882 2051 985 2115 De
1026 2049 1236 2115 literis
1271 2070 1437 2133 quae
1462 2050 1717 2134 Payam'
1758 2052 1980 2116 fratris
2014 2051 2207 2135 culpa

247 2135 736 2202 interciderunt
813 2135 1049 2202 accidit
1111 2135 1665 2219 perincommode:
1732 2157 1885 2201 nam
1941 2158 2108 2219 quae
2166 2158 2206 2203 a

248 2231 317 2287 te
364 2221 652 2287 habebat
694 2222 765 2286 in
811 2220 1138 2288 mandatis
1180 2222 1339 2288 viva
1384 2242 1539 2288 voce
1581 2222 1924 2288 referenda
1967 2243 2205 2307 magna

250 2327 338 2374 ex
407 2317 595 2390 parte
667 2309 1132 2391 praetermissa
1198 2315 1523 2390 putamus.
1626 2308 1867 2374 Fretus
1927 2310 2204 2375 fortasse

249 2393 504 2460 scheda
556 2392 673 2458 illa
714 2393 787 2459 in
829 2413 960 2477 qua
1013 2394 1274 2477 singula
1315 2394 1529 2476 capita
1581 2392 1707 2475 ipsi
1748 2392 2201 2479 descripseras,

248 2500 391 2545 non
450 2480 751 2544 meminit
806 2479 1183 2545 meminisse
1236 2488 1313 2544 ut
1366 2477 1632 2545 iubebat
1673 2478 1786 2543 ille
1830 2479 2005 2562 apud
2050 2500 2201 2563 poe-

248 2573 411 2631 tam.
499 2564 782 2631 Interim
824 2586 897 2630 re
939 2564 1278 2631 nobiscum
1321 2586 1457 2630 non
1497 2564 1971 2631 communicata
2010 2565 2092 2632 de
2133 2576 2202 2632 te

249 2649 578 2734 Lugduni
630 2649 972 2717 retinendo
1026 2649 1472 2733 interpellavit
1525 2658 1854 2730 senatum,
1879 2654 1883 2658 ⁴
1910 2658 1978 2716 et
2030 2651 2202 2736 quod

250 2738 539 2820 petierat
594 2736 952 2804 obtinuisse
1007 2736 1308 2804 iactavit:
1377 2755 1542 2819 qnae
1599 2735 1784 2801 nobis
1847 2736 2023 2802 iusta
2077 2738 2203 2802 fuit

251 2843 464 2889 causa
503 2822 708 2905 ipsius
742 2821 1052 2888 monendi
1097 2829 1165 2887 et
1196 2820 1735 2905 reprehendendi,
1780 2829 1853 2887 ut
1894 2832 1961 2888 te
2003 2823 2203 2890 resci-

252 2908 435 2974 visse
476 2908 944 2975 existimamus.
1013 2908 1120 2975 De
1160 2907 1371 2974 literis
1411 2927 1573 2992 quas
1613 2913 1892 2991 uterque
1934 2917 2201 2974 senatus

249 2992 729 3078 Lugdunensis
761 2994 1124 3077 scripserat,
1159 2994 1468 3078 quoniam
1503 2993 1573 3058 in
1605 2993 1728 3060 hoc
1762 2993 1961 3059 etiam
1993 3014 2069 3060 ca
2112 2995 2203 3059 ite

251 3080 431 3146 bene
473 3081 659 3147 nobis
713 3089 931 3148 tecum
975 3080 1285 3149 convenit
1333 3078 1808 3146 inconsiderate
1852 3078 2003 3145 adm
2093 3101 2202 3144 um

253 3166 344 3232 ab
387 3164 523 3230 illis
557 3167 803 3233 factum
844 3166 1068 3246 fnisse,
1111 3166 1304 3250 plura
1344 3186 1478 3231 non
1511 3164 1820 3232 disemus.
1878 3166 2203 3232 Fraterno

252 3261 328 3317 et
384 3258 607 3317 tamen
653 3251 891 3318 acriter
931 3251 1307 3337 obiurgatos
1351 3272 1391 3317 a
1432 3258 1497 3316 te
1550 3251 1751 3317 fuisse
1802 3252 2076 3318 fortasse
2129 3252 2203 3316 in

251 3346 596 3421 posterum
636 3337 945 3421 proderit.
1018 3336 1212 3420 Quod
1255 3336 1339 3402 ad
1383 3356 1520 3415 nos,
1579 3335 1880 3403 dedimus
1936 3357 2203 3421 operam

253 3442 348 3489 ne
388 3423 681 3506 ipsorum
724 3423 863 3491 sive
915 3421 1551 3500 inconsiderantiam,
1607 3423 1746 3489 sive
1783 3424 2206 3506 praecipitem

253 3506 501 3593 agendi
544 3516 612 3575 et
654 3508 982 3575 scribendi
1022 3509 1359 3585 rationem,
1404 3507 1545 3573 sive
1587 3506 2056 3592 negligentiam
2099 3511 2205 3592 (ut

253 3609 335 3660 tu
377 3594 620 3674 mavis)
661 3593 879 3661 odiose
932 3596 1270 3678 exagitare
1322 3591 1714 3660 videremur.
1783 3593 2060 3660 Interim
2103 3603 2202 3659 ta—

252 3701 417 3746 men
462 3680 675 3758 vides,
739 3679 897 3745 dum
954 3679 1154 3745 semel
1212 3679 1527 3744 admoniti
1570 3699 1859 3745 errorem
1900 3679 2205 3747 secundis

256 3766 476 3832 literis
521 3765 875 3849 duplicant,
933 3786 1055 3831 nos
1107 3784 1185 3830 eo
1228 3761 1568 3830 devenisse
1611 3772 1690 3830 ut
1730 3785 1864 3830 non
1916 3766 2203 3849 potueri-

255 3872 413 3917 mus
469 3852 756 3935 ipsornm
814 3850 1233 3934 postulationi
1285 3850 1607 3928 resistere,
1662 3852 1947 3917 maxime
2001 3874 2204 3936 quum

257 3938 384 4004 tibi
441 3937 795 4022 gratificari
852 3957 974 4002 nos
1025 3937 1511 4002 arbitraremur.
1582 3934 1761 4018 Quid
1805 3937 1981 4002 enim
2024 3937 2204 4004 aliud

258 4023 583 4091 coniicere
625 4031 1021 4106 poteramus,
1059 4023 1171 4088 ubi
1213 4021 1488 4107 publicis
1532 4021 1741 4088 literis
1785 4031 2057 4106 uterque
2102 4044 2205 4089 sc-

260 4115 462 4175 natus
504 4107 1006 4193 Lugdunensis,
1071 4116 1382 4191 tanquam
1439 4107 1806 4173 voluntatis
1862 4118 2015 4174 tuae
2069 4130 2203 4174 non

260 4193 456 4260 modo
489 4214 767 4278 sponsor
799 4192 914 4260 sed
951 4193 1149 4260 etiam
1185 4195 1527 4277 interpres,
1563 4192 2049 4259 intercedebat?
2114 4195 2206 4261 Et

262 4289 489 4346 tamen
542 4278 810 4345 modum
864 4280 1195 4346 tenuimus
1253 4280 1366 4362 qui
1423 4277 1786 4344 servandus
1838 4277 2201 4359 videbatur,

260 4386 348 4431 ne
405 4365 564 4450 quid
620 4365 852 4448 cupide
902 4365 1012 4431 hic
1055 4386 1095 4430 a
1147 4364 1337 4430 nobis
1391 4365 1537 4431 fieri
1593 4364 1828 4449 aliquis
1884 4366 2203 4448 suspicari

262 4461 504 4536 posset.
575 4452 848 4517 Assensi
906 4471 1063 4535 ergo
1106 4471 1349 4530 sumus,
1416 4450 1530 4517 sed
1594 4471 1745 4518 cum
1802 4453 2202 4535 exceptione,

263 4547 457 4603 extra
489 4557 684 4620 quam
728 4537 787 4602 si
828 4536 1022 4601 aliter
1054 4543 1122 4601 te
1156 4536 1328 4602 velle
1368 4536 1580 4602 literis
1622 4538 1755 4602 tuis
1797 4537 2053 4602 senatui
2095 4536 2202 4602 vel

263 4622 453 4688 nobis
508 4630 821 4688 testatum
877 4621 1141 4687 faceres.
1228 4623 1288 4687 N
1292 4642 1375 4687 on
1432 4622 1695 4705 quidem
1734 4621 1909 4706 quod
1963 4621 2046 4687 de
2088 4644 2201 4689 vo-

261 4706 523 4773 luntate
556 4717 669 4773 tua
703 4707 1172 4786 dubitaremus,
1216 4708 1402 4774 cuius
1441 4709 1876 4775 certissimum
1912 4709 2202 4774 testimo-

261 4794 455 4859 nium
513 4793 756 4859 habere
812 4814 931 4860 nos
991 4792 1471 4860 arbitrabamur
1534 4796 1608 4859 in
1671 4794 1803 4860 illis
1864 4794 2202 4877 utriusque

262 4888 533 4946 senatus
575 4879 803 4959 literis,
847 4878 962 4945 sed
1005 4880 1158 4963 quia
1199 4879 1334 4944 fere
1375 4880 1445 4944 in
1489 4879 1807 4946 eiusmodi
1849 4879 2045 4947 rebus
2087 4901 2201 4946 ex·

261 4986 531 5050 pressus
574 4966 682 5047 (ut
723 4966 1052 5049 inquiunt)
1097 4985 1454 5031 consensus
1488 4973 1555 5030 et
1589 4966 1773 5032 velut
1814 4965 2204 5049 subscriptio

258 5051 510 5135 requiri
551 5051 717 5117 solet
758 5051 899 5118 eius
933 5050 1013 5117 de
1047 5070 1176 5135 quo
1218 5052 1451 5134 agitur.
1522 5051 1587 5116 N
1589 5074 1715 5120 unc
1749 5051 1923 5136 quod
1956 5052 2203 5133 scribis,

262 5136 631 5205 decrevisse
683 5146 751 5204 te
805 5139 898 5202 ita
948 5136 1287 5203 consulere
1330 5136 1689 5203 valetudini
1731 5145 1809 5204 ut
1863 5137 2203 5206 ecclesiam

259 5244 398 5289 non
457 5222 719 5290 deseras
777 5244 942 5308 quae
994 5242 1191 5307 opera
1243 5229 1360 5288 tua
1399 5222 1503 5287 uti
1544 5223 1708 5289 velit
1760 5231 1829 5289 et
1868 5223 2083 5307 quoad
2125 5231 2202 5291 ιιι

263 5308 423 5375 dare
478 5308 575 5374 illi
620 5310 880 5392 poteris,
934 5316 1001 5375 et·
1047 5309 1143 5374 ita
1193 5308 1511 5377 inservire
1553 5309 1862 5376 ecclesiae
1907 5318 1981 5376 ut
2023 5310 2198 5379 vale-

1736 405 1899 470 1563
1942 401 2774 536 FEBRUAst-JART,

4122 413 4247 476 662

2306 590 2559 657 tudinis
2611 591 2813 659 etiam
2876 591 3197 658 rationem
3261 591 3522 673 habeas,
3585 615 3724 660 non
3781 593 4247 679 improbamus,

2303 677 2439 743 imo
2495 677 2714 744 Deum
2771 684 2903 761 opt.
2958 698 3133 743 max.
3187 698 3534 761 precamur
3584 686 3664 746 ut
3711 680 4078 752 ministerio
4130 688 4245 748 tuo

2302 763 2374 828 in
2416 764 2619 829 finem
2663 784 2867 847 usque
2908 761 3292 830 benedicere
3324 771 3560 850 pergat
3600 765 3684 830 ad
3717 766 3994 850 gloriam
4037 768 4247 834 nomi-

2302 849 2409 916 nis
2467 849 2570 915 sui
2624 856 2693 914 et
2742 849 3052 916 ecclesiae
3117 849 3482 916 utilitatem.
3546 849 3913 917 Caeterum
3968 851 4051 918 de
4105 859 4248 920 tota

2301 933 2427 1001 hac
2472 955 2563 1013 re,
2609 944 2685 1000 ut
2726 935 2906 1015 dicis,
2951 935 3212 1020 plenius
3254 945 3474 1002 tecum
3510 946 3886 1020 praesentes
3918 938 4245 1024 colloque·

2302 1041 2453 1087 mur
2496 1022 2553 1086 si
2596 1022 2921 1087 Dominus
2963 1019 3232 1087 dederit.
3310 1021 3403 1087 Et
3443 1037 3618 1089 certe
3659 1030 3965 1107 optamus
4005 1031 4084 1090 ut
4124 1024 4244 1091 ali-

2302 1107 2564 1191 quando
2603 1128 2724 1173 nos
2767 1107 3036 1183 revisas,
3081 1106 3139 1173 si
3175 1107 3299 1174 hoc
3337 1109 3477 1192 ipso
3510 1129 3665 1175 vere
3706 1108 3908 1192 (quod
3948 1111 4081 1177 iam
4123 1117 4242 1191 est,

2302 1199 2380 1257 ut
2421 1193 2640 1278 vides)
2682 1192 2753 1258 id
2794 1194 2941 1259 fieri
2980 1211 3112 1259 non
3145 1200 3381 1277 potest.
3453 1195 3623 1261 'l'um
3664 1197 3857 1276 enim,
3903 1202 3980 1262 ut
4020 1216 4243 1280 spera-

2301 1299 2471 1356 mus,
2513 1287 2838 1357 senatum,
2873 1299 3065 1361 quem
3098 1278 3343 1361 passim
3376 1280 3445 1345 in
3481 1281 3754 1363 epistola
3786 1288 3903 1346 tua
3937 1290 4242 1348 nostrum

2303 1366 2621 1444 nominas,
2678 1374 2865 1431 tuum
2921 1365 3120 1430 etiam
3179 1385 3321 1431 esse
3377 1386 3817 1451 recognosces.
3896 1365 4009 1434 Sic
4062 1367 4241 1434 enim

2302 1452 2492 1516 nobis
2546 1462 2762 1516 tecum
2818 1450 3019 1517 iocari
3073 1448 3249 1516 libet.
3320 1450 3508 1532 Vale,
3567 1450 3935 1519 venerande
3989 1454 4061 1518 in
4102 1455 4241 1520 Do-

2302 1537 2479 1601 mino
2519 1537 2721 1603 frater
2762 1544 2830 1603 et
2871 1537 3060 1603 nobis
3100 1536 3399 1604 omnibus
3433 1539 3785 1618 carissime,
3830 1545 3898 1607 et
3937 1559 4059 1605 nos
4092 1560 4241 1623 pre-

2303 1621 2485 1689 cibus
2530 1622 2660 1688 tuis
2718 1642 2793 1688 ac
2836 1621 3412 1706 quomodocunque
3464 1622 3656 1689 aliter
3696 1624 3940 1707 poteris
3982 1623 4237 1692 adiuva.

2302 1707 2389 1773 In
2432 1728 2630 1776 causa
2673 1706 2929 1773 Mor-elii
2970 1707 3278 1774 ecclesiae
3331 1729 3595 1774 causam
3652 1710 3770 1776 tibi
3824 1711 4240 1794 praecipuam

2303 1793 2445 1859 fore
2487 1815 2614 1860 non
2662 1792 3052 1874 dubitamus,
3094 1795 3283 1861 cuius
3324 1804 3500 1860 certe
3541 1794 3833 1861 ordinem
3877 1795 4045 1862 bene
4087 1816 4241 1864 con-

2304 1880 2609 1946 stitutum
2651 1879 2762 1945 ille
2803 1881 3026 1947 turbat
3067 1879 3484 1964 vertiginosis
3541 1881 3680 1947 suis
3720 1883 4125 1964 commentis,
4167 1883 4237 1947 in

2304 1964 2816 2117 quibusaltamen
2876 1967 3119 2031 mirum
3176 1967 3247 2029 in
3302 1963 3570 2031 modum
3622 1965 3749 2033 sibi
3790 1966 4021 2051 placet.
4108 1967 4244 2034 Ite-

2304 2072 2453 2117 rum
2499 2074 2542 2117 v
2609 2072 2662 2117 e.

3181 2597 3376 2669 8912.

2914 2751 3156 2818 BEZA
3200 2751 3634 2820 CALV'INO.

2417 3009 2431 3023 ·
2475 2922 3049 3094 mmm-sus
3079 2928 3322 3005 narrat,
3363 2925 3502 3006 ipse
3541 2925 3618 2991 de
3649 2924 3867 2991 itinere
3891 2922 4243 3008 Anqucam

2304 3028 2467 3076 seno
2727 3059 2741 3075 .

2308 3180 2419 3246 (Ex
2455 3180 2767 3251 apographo
2801 3180 2932 3236 cod.
2948 3180 3508 3317 Bhwff‘gssffil‘
3529 3181 3603 3239 11.
3622 3180 3741 3238 1⁷¹2.
3769 3211 3832 3223 —
3856 3180 4040 3250 efflet,
4060 3180 4240 3237 Grato.

2304 3420 2486 3486 Pour
2541 3420 2703 3486 faire
2758 3420 2932 3485 tenir
2984 3427 3444 3574 seamiltlmnss'a
3478 3421 3821 3489 Monsieur
3862 3418 4240 3503 Despeville

3117 3528 3158 3573 v
3235 3527 3272 3573 e
3381 3527 3507 3573 ieu.

2476 3676 2667 3760 Quod
2709 3696 2906 3762 saepe
2945 3678 3079 3742 iam
3120 3676 3203 3742 ad
3245 3684 3312 3743 te
3354 3679 3585 3763 scripsi
3626 3699 3805 3745 nunc
3845 3697 4096 3763 quoque
4138 3697 4241 3742 re-

2303 3772 2488 3848 peto:
2554 3766 2668 3830 vix
2710 3762 2876 3828 mihi
2932 3761 3285 3864 quidquam
3340 3764 3490 3831 hoc.
3519 3784 3652 3866 uno
3707 3783 3850 3866 esse
3905 3763 4243 3864 molestius

2305 3869 2503 4002 {ggii-i
2537 3847 2784 4002 gooafflo
2810 3849 3611 4020 ffingsssersstgoffiffe
3633 3870 3883 4014 ‹gttnffisi'
3904 3851 4243 4020 ‘'gange-urg

2304 4041 2572 4104 possum
2613 4022 2949 4100 coniicere,
2994 4041 3198 4105 quum
3241 4043 3326 4088 ex
3368 4043 3493 4106 quo
3536 4042 3578 4087 a
3614 4028 3681 4087 te
3724 4019 3990 4089 discessi
4033 4044 4119 4088 ne
4161 4021 4242 4086 li·

2305 4118 2515 4173 teram
2554 4107 2814 4191 quidem
2850 4107 2955 4173 vel
3000 4128 3041 4173 a
3083 4115 3149 4172 te
3181 4108 3290 4174 vel
3330 4128 3372 4173 a
3412 4127 3668 4192 quoque
3701 4107 3751 4192 ¹)
3796 4107 3925 4174 alio
3966 4107 4160 4174 istinc
4183 4109 4243 4187 ²)

2302 4193 2678 4275 acceperim.
2745 4192 3098 4260 Caeterum
3141 4192 3251 4260 hic
3292 4202 3396 4260 est
3428 4213 3651 4259 rerum
3692 4201 4067 4260 nostrarum
4106 4201 4243 4259 sta-

2302 4287 2441 4344 tus:
2500 4279 2903 4346 Aureliensis
2955 4279 3202 4346 obsidio
3254 4279 3440 4346 tarde
3465 4280 3522 4365 ⁸)
3577 4278 3868 4362 procedit
3918 4278 4242 4363 singulari

2301 4362 2433 4429 Dei
2475 4363 2803 4446 beneficio,
2864 4366 3019 4448 quia
3074 4364 3263 4432 nobis
3319 4365 3501 4431 nullo
3545 4363 3738 4431 modo
3794 4364 4084 4431 licuisset
4125 4364 4239 4431 ob-

2299 4450 2499 4516 sessis
2540 4470 2729 4533 opem
2769 4451 2962 4518 ferre.
3050 4451 3264 4534 Oulpa
3305 4451 3377 4517 in
3428 4451 3510 4517 iis
3564 4449 3810 4516 residet
3850 4449 3963 4534 qui
4004 4470 4125 4517 nos
4166 4449 4239 4515 in

2297 4706 2535 4827 8912}
2588 4707 2732 4829 ζιίρέἑ
2759 4723 3048 4831 (amquam.

2502 4843 2537 4898 3
2594 4844 2741 4899 lente
2780 4843 2850 4898 θ.
2904 4872 2967 4884 -
3028 4844 3318 4915 Inceporat
3367 4843 3517 4901 Non.
3569 4842 3733 4900 Febr.
3786 4843 3957 4909 (Ηίθί.
4001 4844 4122 4904 ωά.
4168 4844 4240 4900 11.

2298 4910 2417 4966 262.
2454 4912 2603 4968 Hist-
2638 4914 2733 4969 des
2765 4912 2949 4968 choses
2982 4910 3135 4971 ndns.
3165 4929 3224 4983 p.
3262 4913 3409 4981 162.)
3470 4913 3671 4970 Statim
3704 4914 3775 4968 ab
3807 4914 3973 4969 initio
4008 4913 4241 4969 Onesiae

2299 4982 2557 5064 cneburh-nb
2772 4981 3074 5038 Portereaa
3105 4988 3334 5039 vocatur
3363 4984 3573 5066 potitus
3604 4988 3711 5065 ρει.
3740 4983 4092 5064 mmor-‘⁸⁹⁸
4121 4997 4238 5105 gor·

2300 5066 2533 5107 mantas
2740 5050 3029 5117 defendere
3057 5053 3451 5108 recusantibus.
3498 5052 3708 5122 Vnam&
3723 5056 4003 5108 temetum
4032 5052 4066 5106 b

2297 5120 3045 5176 obsidentaamstoteuams
3075 5135 3188 5177 non
3219 5122 4085 5190 aioioexopponmpoaoemnt
4124 5117 4240 5174 Sub

2285 5189 3312 5259 finemoecundaehobdomadisDuae
3350 5189 3860 5260 Beqe'naeuscn‘psit
3902 5186 4239 5256 samonium

2300 5257 2390 5313 dic
2420 5260 2604 5341 urbm
2647 5265 3099 5330 capuanam-uuo,
3142 5274 3330 5316 corun
3372 5259 3427 5316 d.
3476 5258 3559 5315 18.
3597 5259 3759 5315 Μ.
3804 5256 4003 5313 vudum
4045 5255 4241 5312 maala

3717 5409 3830 5467 42.
