4850 6117
672 375 792 438 107

1191 556 1386 625 88181
1426 577 1549 642 881
1588 557 1789 625 Jesus
1830 556 2077 626 Christ.

837 697 1214 778 Messieurs,
1257 696 1306 763 J
1306 718 1344 763 e
1377 718 1534 781 croy
1569 717 1696 779 que
1731 716 1894 761 vous
1927 705 2099 761 estes
2134 695 2286 761 bien
2322 692 2612 760 advertis

665 807 793 870 que
847 787 1102 869 (graues
1144 805 1186 850 a
1226 793 1445 849 nostre
1498 783 1834 867 seigneur)
1892 781 1958 847 la
2009 781 2257 865 parolle
2313 781 2394 847 de
2437 780 2611 846 Dieu

664 890 901 1024 522¹?
902 867 1954 1039 &inffffioenssssffiiffiffsse
1962 870 2296 1037 ..1ιὲἓὲἰῖ
2320 867 2419 1019 (ΞΓ.
2436 887 2612 1034 ‘¹1:33

665 1065 751 1111 en
794 1042 942 1126 plus
984 1064 1027 1107 a
1066 1040 1339 1107 lheuvre
1380 1039 1469 1105 du
1511 1041 1836 1125 seigneur.
1927 1040 2100 1105 Mais
2141 1060 2309 1124 pour
2350 1038 2613 1105 aultant

666 1150 794 1215 que
835 1128 902 1193 la
942 1124 1334 1193 commodite
1377 1131 1548 1191 n'est
1589 1146 1704 1208 pas
1742 1124 1996 1191 donnes
2033 1146 2072 1190 a
2113 1134 2292 1191 toutz
2334 1125 2463 1191 den
2509 1144 2611 1190 re·

664 1234 946 1283 couvrel-
988 1220 1193 1297 quant
1234 1214 1363 1277 bon
1415 1213 1561 1277 leur
1603 1211 1849 1278 semble
1892 1234 1983 1297 ny
2026 1210 2107 1277 de
2162 1211 2288 1277 telz
2331 1210 2466 1295 quil
2512 1231 2613 1275 se-

667 1301 798 1368 1811
837 1299 1109 1383 besoing
1142 1297 1417 1364 Oomme
1451 1320 1616 1364 nous
1657 1298 1721 1364 le
1755 1317 2035 1364 scavons
2069 1317 2188 1382 par
2221 1297 2611 1381 experience

669 1387 802 1454 Car
843 1406 927 1451 en
970 1403 1045 1449 88
1085 1403 1251 1468 pays
1292 1406 1339 1469 y
1382 1405 1423 1448 a
1465 1384 1798 1467 beaucoup
1843 1383 1923 1450 de
1967 1384 2154 1448 villes
2203 1395 2271 1448 et
2311 1382 2612 1465 villaiges

666 1470 1036 1555 ausquelles
1092 1491 1222 1536 une
1277 1470 1494 1536 bonne
1549 1472 1758 1553 partie
1807 1469 1894 1534 du
1953 1470 2188 1553 peuple
2231 1481 2333 1534 est
2374 1469 2611 1534 affame

668 1558 750 1625 de
794 1558 857 1621 la
901 1564 1166 1640 pastui-e
1217 1556 1454 1622 celeste
1497 1557 1661 1622 mais
1719 1556 1781 1620 le
1824 1577 2060 1639 moyen
2104 1555 2185 1619 de
2243 1556 2454 1621 lavoir
2496 1554 2611 1638 luy

667 1641 943 1710 deffault
982 1663 1023 1707 a
1063 1661 1257 1708 cause
1300 1641 1436 1725 quil
1493 1643 1606 1728 n’y
1649 1664 1690 1708 a
1728 1643 1915 1725 point
1969 1641 2051 1707 de
2107 1640 2444 1706 ministres
2485 1661 2611 1723 que

666 1729 766 1795 les
829 1728 1129 1812 puissent
1188 1729 1536 1813 enseigner
1599 1728 1749 1793 Veu
1813 1727 1950 1811 quil
2002 1749 2096 1812 ny
2150 1748 2191 1791 a
2246 1747 2372 1809 888
2437 1726 2609 1792 deux

668 1815 864 1881 villes
926 1813 1318 1881 seullement
1381 1835 1558 1897 quen
1621 1824 1855 1899 seyent
1916 1834 2286 1896 pourveues
2346 1822 2414 1877 et
2478 1834 2611 1877 non

666 1922 787 1985 pas
849 1921 1115 1966 encores
1178 1920 1218 1965 a
1281 1902 1665 2000 souflzance.
1767 1899 1901 1965 Car
1957 1920 2124 1966 nous
2188 1904 2341 1965 n’en
2405 1917 2612 1964 avons

666 1987 1139 2157 1181811185οὲΘέηέ
1141 1985 1163 2049 l
1182 1986 1679 2157 ἑτέιὲωὲάῖἓῄ
1686 1986 1975 2136 ἷὲῗιῖίἰξθ
1990 2006 2150 2137 8Ψ18
2182 1984 2613 2155 {liblil’gepeqlilii

665 2167 769 2227 est
811 2180 896 2225 811
937 2167 1117 2224 88818
1161 2156 1332 2223 ville.
1419 2158 1554 2224 Car
1610 2157 1839 2242 leglise
1890 2165 1991 2223 est
2047 2155 2295 2242 grande
2337 2167 2405 2223 et
2447 2158 2614 2223 croit

667 2245 750 2312 de
787 2247 943 2329 jour
984 2265 1069 2309 en
1114 2245 1270 2326 jour
1311 2263 1351 2307 a
1393 2264 1588 2310 cause
1631 2242 1713 2309 de
1756 2264 1927 2328 quoy
1970 2242 2015 2307 il
2070 2244 2187 2327 luy
2228 2252 2328 2309 est
2375 2245 2612 2326 ‘mpos-

667 2331 831 2399 sible
874 2329 1103 2396 d’aller
1142 2339 1479 2413 autrepart
1519 2350 1673 2396 vers
1714 2329 1906 2395 ceulx
1949 2329 2062 2412 qui
2100 2331 2341 2413 journe
2391 2337 2614 2395 ement

666 2438 834 2484 nous
866 2414 1195 2482 solicitent
1228 2436 1393 2499 pour
1427 2426 1602 2482 estre
1635 2435 1940 2482 secourus
1975 2413 2056 2480 de
2090 2433 2274 2494 nous,
2311 2424 2380 2480 et
2412 2435 2611 2498 pour-

666 2509 848 2579 tant‚
916 2500 1284 2580 messieurs,
1351 2521 1516 2567 8888
1572 2522 1736 2567 vous
1805 2500 2142 2585 supplions
2214 2510 2351 2567 tres
2415 2501 2611 2567 affec-

667 2594 1082 2654 tueusement
1105 2607 1231 2670 que
1254 2585 1575 2652 d’aultant
1617 2607 1743 2671 que
1776 2608 1941 2652 vous
1986 2608 2213 2671 aymes
2254 2601 2321 2653 et
2363 2586 2612 2654 desires

664 2674 733 2739 la
774 2672 1004 2757 gloyre
1050 2671 1130 2737 de
1165 2673 1339 2739 Dieu
1382 2683 1448 2737 et
1491 2671 1951 2740 ladvenement
1991 2672 2080 2738 du
2122 2695 2324 2757 regne
2367 2673 2448 2738 de
2490 2694 2611 2740 son

666 2759 776 2825 filz
819 2757 1198 2838 Iesuchrist‚
1242 2758 1289 2823 il
1333 2779 1501 2825 vous
1544 2760 1751 2842 plaise
1791 2781 1957 2824 nous
1999 2779 2289 2844 envoyer
2333 2759 2612 2843 quelque

667 2846 932 2912 homme
968 2843 1116 2910 doct
1157 2856 1223 2909 et
1266 2845 1355 2911 tel
1393 2866 1520 2928 que
1560 2866 1720 2912 vous
1755 2846 2129 2930 cognoisses
2170 2857 2342 2912 estre
2375 2866 2613 2929 propre

667 2952 756 2998 au
809 2930 1149 2996 ministere
1201 2951 1369 3014 pour
1426 2952 1591 2998 nous
1633 2931 1836 3017 ayder
1891 2932 1985 2998 Et
2027 2933 2203 2999 aussi
2246 2953 2376 2997 aux
2418 2931 2612 2997 villes

665 3017 1201 3100 circunvoysines
1242 3016 1427 3083 selon
1468 3017 1607 3102 quil
1655 3038 1803 3084 sera
1848 3015 2217 3102 expediant
2296 3017 2433 3084 Gar
2472 3039 2612 3084 cer-

667 3119 771 3171 tes
812 3123 982 3169 nous
1023 3123 1109 3167 en
1153 3123 1361 3169 avons
1400 3104 1613 3188 grand
1669 3104 1876 3170 faulte
1918 3115 1986 3170 et
2026 3127 2110 3171 en
2152 3104 2374 3188 priant
2413 3102 2611 3183 Dieu,

665 3190 1037 3266 messieurs‚
1104 3187 1186 3254 de
1248 3189 1397 3272 plus
1460 3211 1543 3257 en
1607 3190 1758 3274 plus
1826 3210 1990 3258 vous
2056 3198 2446 3276 augmentet·
2507 3211 2613 3256 888

667 3274 952 3342 88188188
1007 3295 1256 3358 graces,
1309 3297 1475 3343 nous
1531 3275 2068 3343 recommandant
2122 3286 2258 3344 tres
2312 3275 2613 3343 humble-

665 3366 853 3427 ment
915 3379 1045 3425 aux
1110 3368 1366 3428 vostres
1430 3370 1498 3427 et
1562 3382 1604 3427 a
1659 3384 1826 3429 vouz
1889 3363 2171 3428 sainctes
2232 3363 2484 3447 priores
2547 3370 2616 3428 et

665 3446 979 3513 oraisons.
1071 3447 1175 3513 De
1238 3446 1502 3514 Milhau
1557 3470 1642 3514 en
1707 3449 2059 3534 Rouergue
2123 3469 2198 3516 88
2261 3448 2615 3517 huictieme

655 3535 810 3617 jour
851 3532 934 3598 de
974 3531 1039 3598 N
1039 3532 1349 3601 ovembre
1391 3533 1511 3600 mil
1543 3535 1653 3601 V0.
1690 3533 1882 3600 LXI.

1139 3669 1284 3735 Voz
1330 3671 1770 3738 treshumbles
1812 3670 2023 3739 freres
2062 3681 2131 3738 et
2172 3673 2531 3740 serviteurs

1436 3757 1518 3823 de
1562 3757 1790 3842 leglise
1831 3756 1914 3825 de
1958 3758 2208 3825 Milhau

1251 3877 1532 3960 Lepeire
1880 3879 2170 3944 Antonis

1112 3960 1431 4029 Aldebert
1600 3961 1909 4029 Berdalle
2081 3964 2166 4031 G.
2213 3964 2532 4050 Segni-ier

1252 4046 1333 4114 Ο.
1367 4048 1674 4133 Mercyer
1843 4049 2172 4135 Buscayle

1606 4133 1975 4202 8881818118
2008 4135 2090 4201 de
2125 4135 2191 4200 18
2223 4136 2360 4203 dite
2395 4137 2615 4224 eglise.

1548 4681 1748 4755 88⁰7.

1289 4853 1648 4924 ZANOUS
1691 4854 2015 4920 ΒΕΖΑΕ.

818 5025 948 5125 ‚De
1021 5025 1320 5109 colloquio
1387 5025 1781 5094 Possiaaensi
1857 5031 1912 5091 et
1986 5025 2172 5092 rebus
2234 5026 2619 5110 1419881818-

917 5333 923 5339 ·
1059 5301 1172 5369 (Ex
1205 5301 1374 5355 Temo
1409 5299 1554 5355 VIII.
1588 5301 1725 5372 Opp.
1763 5300 1969 5355 Zanchi
2002 5317 2056 5369 p.
2093 5298 2241 5367 169.)

2162 366 2686 435 EPIS'POLAE
2731 369 3156 434 sees—3608

4534 369 4653 437 108

2883 552 2955 621 8.
3026 553 3126 619 Ad
3180 555 3424 623 8181888
3467 554 3636 621 811111
3687 577 3996 641 unquam,
4053 556 4424 625 deotissime
4465 568 4654 644 atque

2711 639 3302 708 observandissime
3345 640 3545 721 Bona,
3610 642 3894 709 scribere
3950 644 4144 711 amici
4200 644 4483 711 hominis
4526 666 4656 712 888

2712 736 2832 792 881.
2918 727 3104 792 Viris
3146 728 3347 793 etiam
3389 727 3814 795 vehementer
3870 730 4197 813 occupatis
4236 730 4524 813 prolixas
4562 731 4655 797 le-

2713 832 2867 898 gere
2923 812 3150 879 literas
3206 814 3340 879 scio
3397 834 3599 898 quam
3653 815 3744 879 sit
3782 814 4149 881 molestum.
4224 817 4403 901 Ergo
4446 837 4655 901 neque

2713 897 2880 964 nihil
2938 919 3151 983 neque
3192 899 3479 965 multum
3532 898 3615 964 ad
3673 910 3739 968 te
3780 901 4008 968 scribo.
4079 901 4231 968 Non
4272 902 4461 980 nihil,
4505 904 4656 987 8818

2713 984 2999 1051 8111181118
3058 993 3286 1051 888118
3343 1006 3476 1051 888
3530 986 3676 1050 fert.
3748 986 3900 1053 Non
3944 986 4246 1065 1118118111,
4299 989 4453 1071 8818
4505 996 4654 1055 1888

2712 1070 3143 1156 gravissimae
3176 1073 3632 1155 occupationes
3666 1092 3799 1137 non
3833 1073 4190 1156 patiuntur.
4270 1072 4460 1155 Quae
4502 1095 4654 1141 vero

2712 1157 2923 1222 scribo
2966 1156 3126 1223 haec
3169 1164 3357 1221 sunt:
3415 1157 3676 1242 gavisos
3719 1157 3984 1241 quidem
4027 1158 4228 1226 fuisse
4269 1181 4407 1239 nos,
4463 1157 4653 1244 idque

2711 1263 2842 1307 non
2890 1241 3320 1319 mediocriter,
3378 1264 3582 1326 quum
3626 1245 3939 1328 principio
3983 1243 4355 1311 audivimus
4397 1247 4653 1312 institu-

2711 1340 2853 1392 tum
2906 1328 3106 1393 fuisse
3161 1328 3575 1412 colloquium,
3629 1339 3696 1393 et
3748 1328 3831 1395 ad
3889 1330 4015 1397 hoc
4060 1329 4410 1415 Martyron
4462 1341 4532 1398 et
4572 1341 4651 1413 te,

2715 1423 2788 1478 ut
2830 1413 2912 1480 de
2954 1413 3224 1498 reliquis
3265 1426 3535 1491 taceam,
3583 1413 3867 1482 delectos
3909 1416 4126 1496 fuisse,
4178 1416 4294 1483 sed
4335 1439 4516 1485 nuuc
4557 1419 4653 1483 in-

2712 1498 3002 1566 credibili
3061 1499 3254 1582 81888
3289 1506 3337 1578 ¹)
3395 1500 3646 1566 laetitia
3699 1522 3840 1567 esse
3897 1503 4178 1581 affectos,
4236 1511 4653 1587 posteaquam

2711 1585 3187 1652 confessionem
3233 1585 3314 1651 de
3355 1607 3430 1651 re
3472 1588 3982 1653 sacramentaria
4023 1588 4306 1673 legimus
4348 1598 4548 1673 atque
4586 1591 4653 1655 18

2713 1692 2857 1736 8818
2912 1680 3257 1756 utramque
3307 1681 3566 1756 partem
3608 1673 4015 1740 consensisse
4054 1676 4455 1758 accepimus:
4512 1677 4654 1741 tris-

2711 1765 2885 1824 tatos
2919 1777 3076 1823 vero
3120 1778 3255 1823 non
3290 1779 3523 1841 parum
3565 1758 3765 1824 fuisse
3798 1760 3915 1825 ubi
3957 1769 4261 1828 sanctum
4303 1760 4469 1826 illud
4512 1782 4652 1828 ves·

2713 1852 2889 1910 trum
2947 1843 3343 1926 colloquium
3399 1842 3653 1909 invidia
3708 1843 3950 1911 diaboli
4014 1846 4405 1930 impeditum
4464 1855 4652 1932 atque

2712 1928 3099 2013 dissipatum
3146 1930 3347 1995 fuisse
3388 1930 3848 2014 cognovimus:
3915 1932 4234 2016 gratulari
4291 1934 4501 2018 igitur
4541 1955 4652 2000 nos

2712 2036 2917 2099 quum
2963 2017 3081 2081 toti
3125 2035 3331 2101 regno
3375 2025 3515 2081 tum
3554 2016 3856 2100 inprimis
3892 2019 4455 2085 christianissimis
4487 2020 4652 2104 regi·

2713 2101 2835 2167 bus
2878 2110 3073 2185 atque
3129 2101 3592 2168 illustrissimis
3634 2103 4040 2187 principibus
4081 2115 4151 2170 et
4191 2106 4378 2172 vobis
4420 2104 4651 2172 doctis-

2714 2188 2897 2253 simis
2941 2189 3104 2253 viris
3159 2187 3340 2253 istud
3395 2187 3840 2255 felicissimum
3884 2189 4184 2275 colloquii
4227 2192 4434 2258 vestri
4478 2192 4651 2275 prin-

2711 2272 3376 2426 23³1&ssssssst
3362 2276 4653 2448 οἶᾛίήἓὲιῗῖξθηέῗὲιὲἶῗὲῗθὶἒὲἕεᾟέ

2713 2455 2850 2511 1818
2885 2445 3193 2529 privatim
3227 2466 3426 2529 quam
3461 2446 3735 2530 publice,
3777 2450 4136 2530 praemisso
4170 2450 4367 2514 etiam
4401 2448 4649 2532 publico

2714 2532 2919 2597 totius
2982 2531 3296 2598 ecclesiae
3360 2532 3625 2611 ieiunio,
3685 2534 3972 2616 precari:
4037 2555 4275 2618 cupere
4332 2536 4532 2601 etiam
4584 2543 4650 2599 ut

2712 2616 3009 2684 vicissim
3066 2639 3187 2684 vos
3242 2627 3374 2682 tam
3436 2637 3557 2684 888
3602 2639 3800 2702 quam
3856 2618 4158 2686 ecclesias
4209 2630 4475 2687 nostras
4519 2621 4649 2686 Dee

2712 2704 2887 2788 patri
2950 2724 3067 2786 per
3119 2703 3459 2770 Christum
3516 2705 3814 2786 precibus
3871 2707 4108 2771 vestris
4173 2706 4645 2773 commendetis.

2715 2791 2897 2856 Dum
2939 2791 3116 2854 enim
3175 2790 3325 2856 istic
3378 2787 3684 2857 Christus
3748 2810 3936 2856 suam
3989 2792 4278 2875 quotidie
4340 2799 4650 2877 propagat

2718 2874 3104 2957 doctrinam,
3149 2875 3257 2944 hic
3301 2874 3507 2943 Satan
3551 2897 3687 2942 non
3728 2887 3944 2944 cessat
3974 2878 4226 2944 viribus
4269 2880 4405 2945 suis
4450 2878 4647 2944 omni-

2715 2961 2840 3028 bus
2880 2960 3065 3026 illam
3108 2963 3373 3045 penitus
3415 2964 3857 3047 exstinguere.
3937 2963 4089 3029 Non
4134 2964 4357 3031 deesse
4397 2962 4648 3049 quidem

2716 3048 2922 3114 bonos
2977 3049 3156 3114 viros
3208 3048 3322 3133 qui
3377 3057 3811 3133 propugnent,
3876 3049 4055 3116 inter
4116 3071 4278 3134 quos
4341 3049 4647 3117 vexillum

2715 3134 2842 3200 fert
2884 3142 3107 3201 noster
3150 3133 3498 3201 Stamius:
3555 3136 3815 3203 interim
3872 3142 4095 3201 tamen
4137 3137 4647 3222 oppugnantium

2715 3221 2894 3287 vires
2949 3228 3017 3290 et
3069 3221 3313 3287 multas
3353 3230 3421 3288 et
3461 3241 3594 3287 non
3637 3221 4149 3289 contemnendas
4191 3243 4350 3289 esse.
4440 3221 4645 3304 Quum

2713 3307 2920 3392 igitur
2960 3326 3189 3374 omnes
3231 3307 3439 3373 simus
3480 3327 3688 3372 unum
3720 3326 3976 3391 corpus,
4020 3317 4087 3374 et
4121 3329 4253 3375 1188
4287 3309 4512 3374 181888
4543 3327 4647 3373 888

2715 3413 2911 3477 quam
2953 3414 3073 3459 vos
3115 3394 3332 3479 gratia
3373 3403 3441 3459 et
3481 3394 3883 3478 protectione
3917 3393 4046 3460 Dei
4079 3414 4245 3478 opus
4282 3395 4644 3471 habeamus,

2716 3479 3957 3649 ffffixfflsnfflzssfflmffl
3907 3479 4480 3651 018αέ118
4511 3500 4645 3632 81

2717 3661 2973 3718 trarum
3014 3651 3436 3719 eeclesiarum
3477 3649 3792 3718 adversus
3834 3652 4116 3719 eundem
4152 3651 4475 3720 88188818
4507 3670 4644 3736 818-

2715 3738 2993 3804 tectione
3027 3757 3105 3803 ac
3137 3738 3633 3805 conservatione
3665 3737 4115 3804 indesinenter
4146 3740 4363 3806 oretis.
4424 3738 4645 3806 Servet

2717 3845 2837 3889 vos
2881 3824 3205 3890 Dominus
3247 3823 3435 3890 Iesus
3489 3823 3692 3889 fortes
3734 3824 3956 3891 animo
3999 3833 4068 3891 et
4119 3825 4480 3892 incolumes
4518 3843 4643 3891 cor·

2716 3930 2874 4058 &re
2917 3909 3003 3976 ad
3045 3910 3152 3975 sui
3187 3911 3373 3995 regni
3408 3910 3945 3994 propagationem
3978 3919 4046 3976 et
4077 3910 4642 3979 conservationem.

2785 3995 2889 4062 ale
2931 4007 3007 4061 tu
3048 4016 3199 4063 cum
3242 3994 3544 4061 omnibus
3582 3996 3716 4061 tuis
3752 3996 4328 4078 commilitonibus,
4370 3998 4477 4064 vir
4512 3993 4641 4072 Dei,

2718 4089 2787 4148 et
2826 4083 2884 4148 si
2925 4083 3073 4149 istic
3115 4092 3276 4147 sunt
3316 4079 3404 4148 D.
3448 4079 3758 4161 Diaerus,
3815 4083 4132 4167 principis
4173 4083 4466 4149 Palatini
4505 4100 4641 4148 con·

2719 4170 3028 4246 cionator,
3071 4177 3139 4233 et
3179 4166 3266 4233 D.
3305 4165 3653 4249 Boquimcs,
3708 4167 3899 4235 iubeo
3951 4168 4098 4235 illos
4151 4168 4490 4260 speciatim
4528 4163 4641 4233 sal·

2720 4273 2894 4321 vere.
2982 4256 3257 4339 Argent.
3303 4257 3364 4319 8.
3406 4252 3473 4318 N
3472 4253 3728 4320 ovemb.
3779 4256 3964 4320 1561.

3836 4392 3965 4456 Tui
4005 4392 4493 4458 amantissimus

3924 4477 4013 4546 H.
4058 4477 4406 4544 Zanchius.

2719 4700 2908 4756 8007.
2931 4700 2991 4768 1)
3024 4701 3223 4771 plane?
