4850 6117
290 384 409 449 169

287 574 661 644 Clarissimo
724 594 801 642 ac
866 574 1235 642 doctissimo
1292 575 1434 642 viro
1497 574 1582 641 D.
1653 574 1888 641 Ioanni
1943 575 2220 645 Calvino

284 660 587 729 eeclesiae
658 658 1069 728 Genevensis
1147 659 1649 746 vigilantissimo
1713 669 1782 727 et
1844 660 2221 730 fidelissimo

556 747 805 831 pastori
847 745 1109 814 domino
1148 756 1215 814 et
1245 746 1436 814 fratri
1468 746 1941 814 colendissimo.

446 917 519 986 8.
563 918 636 984 16
679 920 984 986 Domino.
1065 918 1335 986 Gratias
1377 920 1633 1004 agimus
1675 920 1816 1000 tibi,
1861 920 2220 988 clarissime

281 1004 398 1084 vir,
438 1025 560 1089 pro
600 1024 680 1071 ea
719 1004 793 1071 in
836 1025 955 1071 nos
987 1005 1227 1088 pietate
1261 1014 1328 1070 et
1359 1003 1831 1087 benevolentia,
1874 1007 2222 1090 praecipue

281 1109 433 1159 vero
489 1088 662 1174 quod
717 1090 898 1158 falsis
950 1089 1296 1164 hominum
1348 1111 1671 1157 vanorum
1725 1090 2097 1158 rumoribus
2150 1098 2219 1159 et

282 1174 574 1243 &anema
616 1176 899 1260 querelis
942 1175 1022 1242 de
1066 1176 1253 1243 nobis
1292 1197 1415 1243 nec
1457 1178 1781 1244 movearis
1816 1199 1936 1245 nec
1969 1177 2215 1245 credas.

279 1259 601 1346 Optamus
623 1268 843 1328 autem
868 1272 944 1329 ut
974 1262 1049 1327 in
1069 1271 1403 1347 posterum
1427 1284 1682 1347 quoque
1714 1262 1985 1330 eandem
2018 1264 2216 1331 fidem

278 1368 317 1413 a
357 1346 445 1413 ud
507 1355 576 1413 te
641 1347 1016 1428 habeamus,
1094 1369 1180 1414 ne
1235 1349 1673 1432 quorumlibet
1722 1349 1997 1432 privatis
2039 1350 2216 1415 dela—

279 1434 559 1500 tionibus
613 1432 695 1500 de
751 1434 995 1502 nostris
1049 1434 1337 1501 ecclesiis
1393 1434 1583 1501 facile
1640 1433 1882 1502 credas.
1965 1434 2216 1503 Sumus

278 1518 449 1586 enim
486 1518 620 1585 Dei
662 1521 897 1605 gratia,
962 1529 1312 1603 postquam
1370 1521 1719 1604 coepimus,
1783 1531 1861 1586 ut
1922 1522 2217 1588 veritatis

277 1604 688 1690 evangelicae
721 1615 1047 1673 amatores
1081 1607 1176 1671 ita
1207 1606 1500 1672 omnium
1524 1606 1893 1673 haeresium
1914 1615 2214 1673 veterum

276 1700 339 1758 et
389 1711 706 1758 novarum
762 1693 1096 1777 praecipui
1148 1691 1388 1759 hostes.
1478 1690 1670 1773 Quod
1715 1691 1772 1759 si
1814 1713 2012 1775 quam
2070 1715 2213 1761 sus·

274 1776 589 1861 picionem
633 1777 755 1845 tibi
788 1777 960 1861 parit
993 1776 1072 1843 D.
1114 1776 1478 1845 Blandrata
1511 1777 1592 1844 de
1627 1779 1870 1845 nostris
1903 1779 2212 1860 ecclesiis,

272 1873 567 1947 optamus
607 1872 684 1929 ut
724 1865 894 1932 scias
937 1884 1090 1930 eum
1133 1863 1302 1930 nihil
1343 1863 1477 1929 tale
1528 1865 1597 1930 in
1639 1865 1883 1930 nostris
1927 1864 2213 1932 ecclesiis

274 1948 602 2032 sparsisse.
712 1948 1069 2017 Servetani
1136 1958 1205 2015 et
1269 1950 1504 2016 Ariani
1568 1948 1893 2034 dogmatis
1956 1950 2212 2017 hostem

274 2041 563 2118 apertum
622 2035 816 2102 toties
874 2055 946 2101 se
988 2056 1131 2103 esse
1172 2036 1504 2102 confessus
1546 2046 1649 2102 est
1689 2045 1757 2101 et
1796 2036 2099 2119 probavit
2140 2038 2212 2103 in

274 2118 551 2206 synodis.
634 2121 969 2206 Receptus
1026 2121 1288 2204 quidem
1335 2129 1435 2186 est
1476 2143 1518 2186 a
1558 2121 1745 2187 nobis
1788 2122 2052 2189 vivente
2096 2122 2209 2189 ad·

273 2205 394 2273 huc
456 2205 820 2275 clarissimo
882 2206 998 2273 illo
1054 2208 1201 2273 viro
1251 2207 1339 2273 D.
1384 2228 1428 2273 a
1482 2206 1709 2288 Lasko,
1775 2207 1944 2272 nihil
1997 2207 2210 2276 adhuc

273 2291 394 2358 tale
435 2292 542 2359 vel
586 2292 1005 2360 audientibus
1051 2292 1152 2360 vel
1198 2292 1679 2377 suspicantibus
1719 2290 1801 2357 de
1841 2292 1977 2359 illo.
2017 2295 2209 2361 Post-

273 2398 455 2462 quam
500 2399 662 2445 vero
703 2399 929 2445 rumor
973 2378 1053 2444 de
1096 2377 1207 2445 illo
1252 2377 1476 2444 illatus
1510 2386 1631 2459 est,
1676 2380 2007 2479 coepimus
2051 2400 2209 2463 quo-

271 2483 387 2547 que
448 2462 831 2550 diligentius
887 2464 1220 2548 inquirere
1276 2462 1357 2530 de
1413 2464 1554 2531 eius
1608 2464 1907 2532 doctrina
1960 2487 2044 2532 ex
2094 2474 2208 2533 tuo

272 2550 501 2634 scripto
547 2559 782 2618 contra
829 2549 1164 2617 Servetum,
1254 2549 1439 2615 Nihil
1482 2558 1703 2615 tamen
1749 2551 1879 2617 tale
1921 2551 2207 2622 inveniri

270 2639 471 2719 potuit
521 2635 597 2702 in
651 2635 784 2703 illo.
886 2634 1022 2703 Sed
1077 2635 1199 2703 etsi
1263 2656 1415 2701 eum
1478 2636 1725 2703 nullius
1769 2636 2011 2703 erroris
2053 2659 2208 2705 con-

271 2721 505 2788 victum
544 2744 588 2789 a
629 2721 818 2790 nobis
863 2722 1386 2807 explosissemus,
1435 2721 1884 2790 metuebamus
1925 2744 2010 2790 ne
2051 2722 2208 2807 quid

268 2805 409 2872 inde
470 2807 819 2875 turbarum
883 2815 1242 2892 sequutum
1300 2816 1487 2889 esset,
1552 2828 1674 2874 nos
1720 2828 1979 2894 quoque
2033 2810 2206 2877 iuste

270 2912 563 2961 accusare
622 2902 844 2979 posset
857 2896 916 2970 2)
960 2901 1029 2959 et
1068 2901 1300 2961 contra
1341 2905 1597 2960 vestras
1639 2894 1946 2962 ecclesias
1990 2895 2205 2963 dicere

268 2976 371 3043 vel
407 2979 614 3046 etiam
655 2980 938 3047 scribere
982 2980 1385 3047 occasionem
1428 2979 1924 3064 adipisceretur:
1970 2981 2203 3047 malui·

267 3083 404 3132 mus
443 3086 601 3133 eum
645 3065 767 3133 sub
812 3067 968 3133 data
1008 3065 1321 3133 ecclesiae
1361 3064 1730 3133 obedientia
1763 3068 1947 3151 quasi
1979 3068 2205 3134 fraeno

264 3151 558 3231 retinere,
639 3150 842 3218 donec
905 3151 1153 3235 aliquid
1218 3152 1379 3218 certi
1443 3150 1546 3220 vel
1606 3153 1749 3236 ipse
1813 3152 1894 3219 de
1963 3172 2035 3220 se
2098 3153 2205 3219 vel

265 3255 377 3320 per
407 3258 524 3305 vos
563 3238 924 3321 praeberet,
975 3236 1057 3303 de
1105 3237 1217 3304 illo
1260 3236 1700 3306 edoceremur.
1723 3241 1779 3316 8)
1847 3239 2203 3323 Postquam

266 3342 413 3389 vero
469 3324 617 3392 eius
670 3323 947 3392 crimina
1003 3322 1179 3407 apud
1238 3343 1360 3389 vos
1413 3324 1761 3391 commissa
1814 3323 2095 3391 dictasse
2135 3332 2205 3391 te

266 3409 501 3489 scribis,
539 3430 711 3493 quae
744 3410 827 3475 ad
860 3409 1224 3494 principem
1245 3409 1624 3475 Palatinum
1645 3409 2032 3477 Vilnensem
2067 3429 2107 3475 a
2138 3419 2207 3477 te

268 3495 701 3578 proferuntur,
759 3496 877 3562 illa
927 3495 1009 3562 ab
1052 3494 1281 3561 eodem
1326 3503 1798 3578 exspectamus,
1843 3518 1928 3562 ex
1971 3495 2207 3579 quibus

268 3577 411 3664 quid
452 3580 645 3649 nobis
687 3588 757 3647 et
788 3581 890 3647 1111
921 3581 1097 3649 facto
1132 3601 1298 3664 opus
1333 3580 1459 3649 erit
1492 3580 1871 3649 ediscemus.
1939 3581 2207 3650 Interea

266 3686 412 3732 vero
450 3688 763 3753 rogamus
806 3678 876 3732 et
916 3666 1322 3734 obtestamur
1361 3688 1446 3733 ne
1490 3664 1649 3750 quid
1693 3665 1773 3733 de
1815 3668 2002 3736 nobis
2049 3668 2207 3735 mali

266 3752 696 3837 suspicemini,
739 3753 851 3821 vel
894 3753 1204 3838 cuiquam
1247 3753 1543 3833 credatis,
1587 3752 1711 3818 nisi
1755 3753 1964 3821 literis
1995 3754 2208 3839 publi-

266 3837 351 3904 cis
388 3859 431 3904 a
470 3839 839 3906 senioribus
881 3840 1026 3907 istis
1069 3847 1187 3904 aut
1225 3840 1489 3907 illorum
1523 3838 1847 3924 plerisque
1882 3840 2205 3924 subscrip-

264 3923 360 3989 fis.
436 3925 711 3991 Literae
754 3925 932 3993 enim
975 3945 1140 4009 quas
1182 3925 1558 3992 detulerunt
1575 3929 1611 3965 ⁴¹
1653 3924 1736 3991 ad
1770 3934 1838 3991 te
1875 3926 2204 3994 Martinus

494 4011 509 4026 ⁶
632 4019 944 4096 tanquam
990 4012 1071 4077 ab
1115 4011 1387 4079 ecclesia
1428 4010 1633 4091 datas,
1678 4019 1933 4077 tantum
1967 4033 2007 4076 a
2039 4033 2202 4096 qua-

265 4099 420 4176 tuor,
474 4096 674 4180 idque
715 4097 783 4162 in
827 4098 1107 4182 privato,
1166 4106 1233 4163 et
1275 4097 1491 4164 adhuc
1537 4095 1792 4164 duobus
1835 4097 2201 4165 senioribus

266 4180 717 4250 circumventis
773 4182 1052 4267 scriptas
1109 4204 1253 4250 esse
1310 4182 1491 4251 scito.
1578 4182 1723 4248 Imo
1774 4203 2084 4268 rogamus
2124 4191 2203 4249 ut

264 4286 376 4334 nos
408 4267 778 4354 agnoscatis
812 4290 932 4353 pro
966 4268 1280 4336 fratribus
1314 4269 1519 4337 vestri
1564 4268 2045 4348 amantissimis,
2089 4270 2199 4354 qui

265 4360 337 4417 ut
376 4375 417 4419 a
469 4355 659 4421 vobis
700 4355 772 4420 in
817 4354 1155 4422 doctrinae
1199 4355 1613 4440 evangelicae
1657 4356 1946 4439 puritate
1991 4353 2200 4422 adiuti

264 4457 388 4504 non
421 4439 839 4508 mediocriter
873 4461 1117 4521 sumus,
1153 4442 1248 4508 ita
1280 4440 1619 4508 vobiscum
1651 4461 1798 4507 eam
1831 4447 2197 4507 retenturos

268 4541 397 4592 6666
459 4535 528 4592 et
580 4525 964 4593 defensuros
1020 4535 1248 4593 contra
1303 4548 1530 4593 omnes
1594 4527 1885 4592 omnium
1942 4546 2195 4593 errores

265 4618 428 4678 certo
482 4611 673 4679 vobis
774 4612 1196 4679 ersuadeatis.
1284 4612 1369 4679 D.
1423 4612 1864 4694 Blcmdratam,
1929 4612 1986 4679 si
2039 4612 2195 4697 quid

265 4714 548 4765 errorum
583 4718 715 4782 apu
802 4719 917 4766 vos
952 4699 1210 4783 sparsit,
1246 4720 1369 4765 nec
1404 4696 1810 4765 defendimus
1845 4717 1966 4765 nec
1999 4718 2192 4781 porro

265 4777 697 4850 defendemus.
796 4782 934 4851 Sed
996 4791 1064 4850 et
1121 4784 1203 4851 de
1267 4784 1380 4850 illo
1443 4805 1783 4869 speramus
1845 4804 1996 4849 eum
2051 4804 2194 4850 esse

266 4877 589 4936 cessurum
622 4870 754 4953 piis
788 4870 1099 4949 consiliis,
1144 4871 1259 4939 ubi
1292 4893 1364 4937 se
1408 4869 1479 4936 in
1523 4871 1792 4937 caritate
1834 4868 2193 4935 christiana

265 4970 304 5020 6
339 4954 523 5022 nobis
581 4955 885 5023 omnibus
944 4956 1214 5023 tractari
1271 4957 1564 5023 senserit.
1650 4955 1836 5022 Bene
1878 4953 2045 5037 vale,
2086 4956 2193 5034 vir

264 5247 396 5300 2...
448 5177 1696 5330 ²>3wgams⁰ssszrszdfm
1737 5177 1965 5234 “W-
2045 5175 2188 5233 ΡΜ·

551 5332 647 5373 880.

1976 378 2137 453 1561
2172 383 2583 457 Dnom.

4132 406 4263 472 170

2320 576 2695 648 clarissime.
2757 579 3083 655 Dominus
3115 589 3183 649 te
3216 591 3437 651 servet
3469 586 3775 654 ecclesiae
3808 608 3966 655 suae
3996 589 4258 659 fidelem

2317 664 2717 731 ministrum.
2821 665 3001 734 Data
3053 667 3410 737 Oracoviae
3467 690 3553 737 ex
3620 672 3868 758 synodo
3924 677 4256 745 seniorum

2317 751 2436 834 xiij
2479 749 2823 830 Decembr.
2887 754 3087 821 Anno
3129 752 3400 822 Domini
3451 756 3546 824 M.
3568 757 3652 825 D.
3669 750 3846 826 LXI.

2492 884 2864 955 Stanislaus
2919 890 3319 977 Liassoczky
3360 892 3437 959 P.
3482 914 3682 960 manu
3733 897 3998 980 propria
4038 901 4257 967 senior

2625 975 3040 1041 ecclesiarum
3086 975 3397 1045 dioecesis
3440 978 3913 1051 Oracoviensis.

2490 1074 2860 1145 Stanislaus
2901 1078 3318 1167 Karnynsky
3358 1081 3546 1164 Iuan,
3591 1084 3805 1150 senior
3836 1086 4253 1155 ecclesiarum

2626 1161 2932 1231 dioecesis
2973 1164 3429 1235 cracoviensis
3470 1190 3673 1236 manu
3716 1173 3995 1256 propria.

2485 1257 2728 1333 Petrus
2818 1265 3079 1335 Stezala
3094 1320 3111 1348 ,
3191 1271 3411 1337 senior
3486 1273 3903 1341 ecclesiarum
3979 1274 4254 1344 ducatus

2621 1351 3055 1420 Zatorirensis
3097 1362 3165 1420 et
3202 1355 3698 1443 Osnyzimensis
3733 1380 3938 1426 manu
3969 1362 4252 1447 propria.

2485 1453 2705 1519 Adam
2737 1453 3223 1541 Spinkonsvus,
3266 1460 3485 1527 senior
3540 1461 3956 1530 ecclesiarum
4000 1463 4254 1532 distric-

2621 1548 2732 1606 tus
2773 1543 2863 1626 pii
2906 1562 2947 1607 a
2980 1546 3009 1628 j
3033 1593 3216 1610 .....
3259 1565 3461 1612 manu
3502 1550 3784 1632 propria.
3829 1561 3838 1570 ·

2487 1640 2721 1708 Foslix
2790 1644 3134 1729 Cruciger,
3222 1648 3766 1731 superintendens
3833 1651 4254 1721 ecclesiarum

2618 1729 2889 1796 minoris
2941 1730 3266 1798 Poloniae.

2486 1828 2859 1898 Stanislaus
2896 1832 3397 1912 Linthomirski,
3462 1837 4006 1920 superintendens
4048 1839 4252 1908 eccle-

2618 1917 2863 1984 siarum
2898 1918 3210 1987 dioecesis
3229 1921 3722 1990 Pinczoviensis
3748 1944 3947 1991 manu
3967 1928 4249 2011 propria.

2484 2018 2586 2085 Gr
2669 2021 2844 2088 orius
2901 2021 3167 2104 Paulus,
3233 2024 3779 2108 superintendens
3838 2035 3907 2093 et
3947 2028 4252 2095 minister

2671 2127 2836 2173 racz.

2479 2206 2729 2274 Paulus
2792 2209 3115 2290 Gilonius,
3191 2212 3495 2279 minister
3556 2234 3633 2281 ac
3703 2215 4247 2299 superintendens

2616 2294 2923 2363 ecclesiae
2964 2297 3093 2362 Dei
3129 2295 3403 2364 ducatus
3445 2297 3900 2368 Sacomiensis.

2481 2394 2812 2483 Georgius
2852 2398 3231 2480 Blandrata,
3276 2400 3381 2467 D‘.
3429 2407 3496 2466 et
3538 2404 3772 2469 senior.

3075 2692 3486 2704 n———————.-—

3179 2944 3379 3016 8649.
3393 2959 3400 2968 '

2746 3099 3326 3171 LISMANINUS
3369 3100 3803 3170 OALVINO.

2480 3271 2731 3340 Muzuc
2769 3278 2860 3340 est
2899 3272 2972 3337 in
3010 3272 3446 3340 conscribenda
3487 3274 3777 3359 apoloyia
3807 3280 4067 3358 propter
4108 3296 4249 3343 eam

2307 3378 2470 3441 quae
2524 3359 2655 3441 ipsi
2695 3378 2833 3425 cum
2874 3356 3241 3450 Blando-ata
3292 3365 3429 3426 erat
3473 3359 3995 3443 familiaritatem,
4053 3363 4250 3428 simul

2306 3442 2967 3613 Wffiw
3017 3446 3154 3526 ipse
3206 3450 3498 3596 uexatum
3541 3466 3607 3512 se
3646 3448 3932 3530 queritur
3971 3449 4043 3513 in
4083 3447 4252 3514 alios

2304 3702 2415 3826 ξι
2441 3700 2759 3784 apographo
2793 3700 2922 3756 cod.
2959 3700 3133 3755 Paris.
3167 3701 3364 3784 anuy
3399 3702 3518 3771 102,
3553 3703 3644 3787 1101.
3683 3702 3799 3759 14⁷.
3818 3703 4246 3787 mendosissimo.

2351 3771 2546 3826 ’ω
2578 3770 3378 3895 Μῖἒιῗῖῗῆἓᾞὲοῗῖὢαῖ
3406 3778 4076 3910 ἲι-Ἐῗὲἑὶἓῖωω
4109 3788 4245 3827 '¹⁰¹²‘

2472 4008 2856 4077 Clarissimo
2920 4009 3067 4077 viro
3131 4008 3218 4077 D.
3284 4011 3519 4077 Ioanni
3590 4010 3867 4078 Oalvino
3930 4011 4240 4079 ecclesiae

2301 4095 2717 4164 Genevensis
2748 4098 2996 4181 pastori
3017 4096 3398 4164 fidelissimo
3419 4097 3610 4164 ftatri
3628 4097 4235 4251 obsgevnagiffisimo.

2467 4354 2800 4421 Martinus
2860 4353 3244 4433 OsechoviuS,
3270 4351 3322 4439 ¹)
3379 4353 3690 4439 principis
3744 4354 4018 4438 palatini
4058 4355 4236 4423 Wil-

2295 4440 2518 4507 nensis
2561 4439 2644 4506 ad
2687 4449 2755 4507 te
2791 4442 3093 4521 nuncius,
3136 4437 3417 4507 reddidit
3456 4439 3623 4505 mihi
3664 4443 3888 4522 tuas2)
3925 4445 4129 4526 quum
4159 4441 4237 4508 in

2295 4525 2547 4611 synodo
2604 4528 2936 4594 seniorum
2954 4529 3012 4608 ⁸)
3067 4547 3275 4594 essem
3318 4546 3483 4609 quae
3526 4525 3881 4594 Oracoviae
3924 4550 3990 4593 x.
4038 4527 4237 4594 huius

2294 4612 2544 4678 mensis
2585 4613 2811 4679 habita
2852 4621 2973 4694 est,
3017 4612 3129 4679 ubi
3172 4618 3241 4678 et
3281 4616 3431 4677 tuae
3475 4611 3558 4677 ad
3600 4612 3686 4679 D.
3731 4613 4022 4681 Felicem
4074 4611 4237 4683 Om-

2292 4699 2568 4784 ciqemm
2645 4706 2713 4765 et
2788 4705 3188 4784 symmystas
3207 4701 3261 4774 ⁴)
3338 4696 3595 4780 publice
3670 4698 3877 4766 lectae
3947 4700 4234 4766 fuerunt.

2291 4785 2525 4869 Egone
2559 4790 2852 4868 repetam
2874 4803 3036 4868 quae
3071 4782 3262 4847 toties
3296 4783 3548 4866 scripsi:
3596 4805 3816 4851 coram
3838 4784 3975 4852 Deo
4007 4791 4235 4852 sancte

2292 4875 2520 4953 testor,
2577 4869 2743 4935 mihi
2798 4888 3134 4953 nunquam
3185 4868 3255 4934 in
3312 4868 3530 4936 animo
3584 4869 3791 4939 fuisse
3846 4878 3923 4936 ut
3962 4870 4071 4937 vel
4114 4870 4234 4938 tibi

2290 5109 2479 5163 8649.

2494 5109 2663 5372 ἓξὲξ

2701 5107 2859 5372 .ἒέἒὲ

2531 5255 2556 5384 >¹
2654 5288 2671 5372 .·
