4850 6117
246 433 365 497 269

1110 618 1309 691 87⁰⁸.

784 772 1257 844 OALVINUS
1302 774 1627 842 ΒΕΖΔΕ.

407 945 650 1014 Exitus
696 951 1022 1014 commta
1062 951 1380 1031 conseptae
1428 947 1566 1031 spei
1616 946 1873 1012 minime
1929 963 2184 1097 rw

246 1034 382 1100 dore
445 1031 707 1100 videtur.
798 1031 1135 1098 Praeterea
1188 1034 1579 1118 attin-qum
1624 1031 1927 1099 nonnulla
2076 1030 2091 1045 '

245 1118 863 1187 mundabimur-e
905 1116 1191 1184 delibata.

242 1289 651 1357 (Anthonium
698 1293 979 1362 exemplar
1020 1299 1202 1348 mm
1250 1292 1308 1346 in
1343 1290 1471 1346 cod.
1509 1290 1712 1344 aanor.
1749 1287 1896 1350 107⁸,
1932 1288 2024 1342 fol.
2062 1285 2183 1344 250.
2200 1247 2229 1314 '¹

452 1359 567 1428 pha
599 1361 842 1430 reperies
876 1363 933 1415 in
978 1361 1108 1418 Cod.
1159 1360 1302 1428 111⁸,
1336 1360 1429 1416 fol.
1462 1358 1582 1424 208,
1616 1360 1674 1413 in
1721 1359 1859 1428 Epp.
1898 1357 2056 1412 Bern.
2091 1356 2181 1412 VI.

643 1446 699 1498 p.
734 1426 870 1484 1007
905 1436 964 1485 et
996 1431 1142 1502 apud
1178 1428 1466 1484 Simlerum
1484 1428 1601 1483 Vol.
1629 1425 1772 1496 103.)

244 1601 302 1668 A
320 1602 666 1668 Monsienr
708 1612 775 1668 et
820 1602 969 1669 bien
1017 1604 1187 1669 aime
1226 1603 1399 1669 frere
1421 1601 1754 1668 Monsieur
1798 1599 1879 1666 de
1920 1599 2116 1666 Beze.
2134 1603 2180 1679 ¹)

400 1774 670 1839 Literas
713 1781 863 1841 tuas
878 1777 937 1850 ²)
982 1775 1199 1858 accepi
1243 1774 1489 1841 mixtas
1514 1771 1755 1859 gaudio
1799 1779 1865 1838 et
1909 1771 2182 1838 tristitia

242 1868 372 1926 tum
394 1857 655 1943 publice
678 1869 822 1925 tum
840 1861 1174 1944 privatim.
1246 1859 1421 1927 Nam
1463 1860 1588 1927 etsi
1609 1856 1906 1925 nondum
1942 1878 2180 1927 conva-

242 1943 431 2012 lueris
489 1945 712 2029 aliqua
764 1952 990 2011 tamen
1042 1968 1125 2012 ex
1182 1953 1374 2031 parte
1434 1945 1814 2031 mitigatum
1855 1964 1999 2010 esse
2041 1964 2181 2010 ma-

241 2031 387 2110 lum,
431 2043 499 2097 et
540 2042 609 2098 te
630 2030 852 2098 dolore
884 2030 1179 2098 levatum
1217 2053 1362 2099 esse
1393 2031 1608 2098 laetus
1643 2030 1937 2116 cognovi,
1973 2051 2183 2114 quan-

244 2137 426 2201 quam
468 2137 582 2184 me
622 2116 820 2183 simul
877 2120 1063 2202 angit
1122 2117 1294 2202 quod
1336 2115 1666 2185 residuum
1712 2127 1830 2196 est,
1874 2127 2182 2200 ao'prae-

242 2203 457 2270 sertim
536 2202 737 2269 timor
819 2213 976 2270 tuns
1050 2224 1246 2289 quem
1329 2213 1552 2272 tamen
1631 2210 1966 2269 extenuas.
2073 2202 2181 2269 De

244 2300 472 2356 eventu
542 2288 929 2356 Conventus
993 2299 1091 2355 tot
1154 2290 1311 2356 laeti
1374 2290 1602 2354 nuncii
1666 2286 2036 2366 volitarunt,
2101 2297 2182 2353 ιιι

244 2374 397 2440 nihil
427 2374 600 2440 mihi
634 2375 991 2441 iucundum
1024 2376 1097 2441 in
1131 2385 1249 2441 tna
1282 2377 1662 2441 narratione
1694 2374 1908 2440 fuerit.
1969 2370 2180 2454 Quid-

244 2459 384 2544 quid
423 2461 748 2528 hactenus
780 2461 1058 2530 feliciter
1091 2461 1437 2539 acciderat,
1470 2482 1601 2527 uno
1635 2468 1965 2526 momento
1992 2480 2180 2526 ever-

247 2566 375 2612 sum
430 2555 558 2613 est.
661 2545 909 2628 Quales
961 2547 1309 2615 habiturus
1364 2548 1455 2614 sis
1497 2546 1706 2614 socios
1749 2542 1964 2612 video:
2066 2567 2178 2611 uo-

245 2652 378 2698 rum
432 2633 607 2699 alter
661 2632 969 2717 garrulus
1032 2644 1099 2700 et
1153 2634 1357 2700 nimia
1411 2631 1806 2700 confidentia
1859 2631 2036 2718 turgi
2081 2652 2177 2710 us,

248 2718 396 2785 alter
468 2728 698 2785 antem
774 2718 997 2787 fatuus
1075 2727 1145 2786 et
1200 2718 1495 2799 stolidus,
1561 2716 1796 2785 deinde
1862 2719 2179 2802 profanus

246 2812 304 2871 et
351 2803 487 2872 sola
546 2805 808 2873 inscitia
862 2804 1100 2885 audax,
1158 2825 1234 2872 ac
1275 2826 1541 2889 prorsus
1583 2803 1792 2869 nihili.
1817 2804 1872 2886 ⁸)
1954 2802 2177 2888 Oppo-

244 2899 467 2957 nentnr
529 2898 755 2957 autem
808 2890 995 2957 vobis
1048 2891 1348 2958 homines
1402 2900 1539 2957 tam
1580 2889 1711 2956 Dei
1752 2897 1934 2955 metu
1977 2910 2176 2974 quam

244 2976 473 3060 pudore
536 2976 757 3044 soluti.
844 2976 1016 3043 Nam
1073 2977 1439 3044 Monachus
1455 2978 1516 3055 ⁴)
1569 2977 1681 3061 qni
1738 2974 1902 3040 mihi
1961 2995 2177 3059 nuper

243 3063 585 3148 rescripsit,
629 3063 775 3129 vult
815 3064 884 3130 in
926 3062 1219 3130 Domino
1264 3064 1479 3147 potius
1521 3082 1719 3146 quam
1763 3063 1907 3128 Deo
1949 3062 2176 3127 vivere

244 3156 302 3214 et
349 3151 544 3216 mori.
629 3147 894 3217 Senties
944 3149 1102 3235 quid
1157 3149 1480 3216 hactenus
1543 3147 1779 3216 occulti
1823 3149 2060 3214 veneni
2102 3149 2176 3214 in

245 3233 420 3302 corde
461 3235 720 3301 aluerit.
794 3235 939 3301 Iam
982 3238 1040 3301 si
1083 3243 1381 3301 veterum
1438 3234 1836 3301 testimoniis
1871 3254 2176 3319 pugnan-

246 3319 383 3386 dum
417 3324 568 3399 erit,
613 3321 781 3388 nihil
816 3322 1027 3408 magis
1061 3320 1405 3389 confusum
1441 3332 1662 3388 vestra
1695 3320 2174 3404 disceptatione.

242 3405 471 3473 Verum
519 3407 687 3474 haee
727 3407 1193 3492 intempestive
1237 3408 1468 3485 scribo,
1535 3407 1690 3490 quia
1734 3405 1842 3472 vel
1883 3405 2177 3473 confecta

245 3511 336 3557 res
389 3494 537 3573 erit,
594 3493 700 3558 vel
754 3494 823 3560 in
880 3494 1020 3560 luto
1062 3494 1247 3560 eritis
1290 3492 1570 3560 demersi
1613 3499 1962 3575 antequam
2005 3492 2177 3559 istuc

244 3581 618 3658 perveniant
669 3599 858 3646 meae
908 3579 1158 3646 literae.
1246 3578 1384 3646 Sed
1427 3577 1758 3663 rogandus
1802 3578 1930 3644 erit
1967 3578 2176 3658 Deus,

245 3671 309 3727 ut
360 3675 422 3732 ts
474 3665 754 3732 oonsilio
806 3675 1015 3750 regat,
1068 3665 1341 3750 dissipet
1394 3678 1575 3732 astus
1615 3662 2068 3747 improborum
2111 3677 2178 3730 et

244 3746 488 3832 laqueos
547 3771 774 3817 omnes
832 3748 1293 3835 decipulaswe
1348 3749 1634 3818 Satanae
1698 3748 1911 3817 solvat
1951 3759 2021 3816 et
2061 3750 2176 3816 ab·

245 3854 373 3900 rum
454 3849 501 3901 t.

374 3856 681 4004 Quando
758 3932 1056 4006 repertus
1134 3932 1237 3989 est
1314 3932 1447 3988 tam
1524 3919 1799 3989 idoneus
1873 3919 2179 3990 Baduezu

247 4024 576 4087 moeessor,
618 4009 947 4090 paciscere
988 4029 1135 4076 cum
1159 4028 1252 4086 eo,
1299 4015 1375 4074 ut
1408 4007 1623 4075 visum
1664 4008 1876 4086 fuerit,
1922 4007 2003 4073 de
2035 4010 2176 4076 via-

250 4091 378 4170 floo,
418 4094 616 4159 modo
657 4114 744 4159 ne
784 4092 936 4177 plns
979 4094 1206 4178 exigat
1244 4115 1440 4177 quam
1481 4094 1650 4159 ferat
1692 4101 1920 4160 nostra
1960 4094 2175 4161 tenui-

249 4183 354 4243 tas.
436 4180 843 4264 Magnopere
886 4191 1110 4246 tamen
1166 4178 1520 4246 videndum
1562 4189 1680 4260 est,
1744 4199 1829 4245 ne
1871 4181 1945 4245 in
1988 4191 2175 4247 tanta

361 4266 503 4331 uria
559 4286 712 4332 eum
766 4266 954 4332 nobis
997 4265 1167 4332 elabi
1209 4266 1405 4332 sinas.
1493 4264 1919 4333 Samaverius
1961 4266 2175 4335 adhuc

355 4349 576 4432 umbit,
621 4362 690 4417 et
728 4371 980 4431 vereor,
1023 4353 1081 4417 si
1114 4351 1464 4435 pristinum
1503 4351 1793 4435 vigorem
1832 4371 2175 4438 recupera-

252 4436 422 4516 verit,
466 4458 552 4504 ne
593 4438 667 4503 in
704 4438 985 4522 patriam
1022 4437 1254 4505 evolet.

404 4522 817 4591 Pennltimas
872 4531 1021 4591 tuas
1076 4543 1211 4589 non
1268 4523 1522 4675 attmuglo’
1524 4573 1538 4588 .
1617 4522 1969 4608 Negotium
2012 4523 2177 4591 illud

255 4602 325 4671 de
363 4629 482 4692 quo
522 4611 657 4676 iam
694 4631 827 4677 non
871 4622 973 4676 est
1013 4609 1219 4677 libera
1259 4630 1416 4677 cons
1489 4609 1665 4689 tatio,
1710 4609 1876 4675 mihi
1918 4608 2175 4695 perple-

256 4878 421 4937 8700.
440 4884 498 4950 1)
531 4885 688 4941 Haec
721 4882 985 4939 Calvinus
1019 4899 1087 4939 m.
1119 4899 1205 4952 pr.

437 4950 497 5021 2)
530 4952 595 5008 N.
628 4951 781 5008 3693.
816 4950 956 5009 3698
990 4967 1129 5023 quas
1159 4950 1332 5034 adeas
1365 4952 1433 5007 ds
1465 4952 1541 5008 iis
1573 4967 1712 5036 quae
1745 4959 2085 5037 sequuntur..

252 5020 900 5215 ww&
909 5020 2174 5161 eifflssffiumofffflsswoeffiwfuae

1947 436 2106 498 1562
2151 401 2530 504 IANUAR.

260 5290 296 5344 ι,
440 5195 901 5298 4)Νοε’φη·αω
948 5227 1015 5283 ae
1064 5227 1107 5282 s
1176 5228 1187 5241 ·
1309 5298 1321 5311 .
1515 5228 1760 5285 ravimus
1799 5230 1960 5285 eum
2003 5229 2174 5311 εριεω

260 5297 552 5436 (affl-3345?
566 5297 975 5423 gaggam„
990 5295 1448 5437 ἷαιιοεοτςκαοωῆο
1478 5302 1872 5424 ὴαῖοοωέιαᾱρῖννὲ
1899 5301 2175 5425 vemat&

4106 439 4236 504 270

2284 629 2663 807 {ms
2684 620 3189 776 ”giam
3202 621 4233 796 ffflffiffiffiffl:

2282 793 2642 877 promissis,
2685 812 2851 877 qnae
2894 813 2935 859 a
2966 794 3207 860 nostris
3241 794 3442 862 stulte
3475 797 3712 863 iactata
3745 806 3919 876 sunt,
3955 816 4061 862 res
4094 818 4230 865 non

2283 876 2723 964 respondebit.
2806 878 2983 961 Quid
3027 878 3213 948 dico?
3281 880 3397 947 vix
3439 882 3857 948 centesimam
3901 882 4036 966 spei
4079 903 4230 967 par-

2281 972 2417 1031 tem
2460 962 2884 1048 explebimus.
2961 962 3096 1032 Sed
3132 967 3333 1032 finem
3366 966 3548 1048 facio,
3589 968 3743 1052 quia
3784 988 3890 1034 me
3934 977 4001 1034 et
4044 967 4229 1035 dolor

2283 1059 2353 1117 et
2392 1049 2758 1118 sollicitudo
2796 1051 3202 1137 constringit.

2454 1135 2562 1202 De
2607 1136 3001 1204 Normandio
3043 1136 3298 1204 nullum
3342 1147 3407 1204 te
3450 1136 3724 1206 verbum
3763 1139 3836 1204 in
3886 1139 4231 1225 postremis

2282 1224 2419 1290 tuis
2495 1223 2724 1289 fecisse
2788 1224 3062 1289 miratus
3127 1244 3291 1290 sum.
3402 1223 3793 1309 Ubicunque
3855 1232 4079 1292 tamen
4141 1226 4229 1293 sit

2283 1308 2559 1375 multam
2596 1308 2658 1374 ei
2700 1307 2981 1376 salntem
3022 1329 3264 1393 precor.
3338 1308 3644 1396 Collegae
3687 1311 3886 1378 etiam
3928 1318 3996 1377 et
4035 1310 4231 1379 amici

2282 1415 2510 1463 omnes
2591 1403 2655 1460 te
2729 1393 3090 1479 plurimum
3154 1394 3461 1463 salutant.
3572 1393 3912 1472 Senatum,
4121 1417 4227 1464 em

2281 1479 3985 1651 masatitias.133⁶...02323332a2f32-‘0
4030 1480 4228 1636 ‘ea‘

2282 1652 2707 1737 integerrime
2784 1660 2853 1717 et
2932 1650 3300 1721 dulcissime
3375 1653 3596 1719 frater.
3704 1655 4032 1721 Dominus
4107 1654 4228 1720 tibi

2281 1759 2542 1823 semper
2561 1736 2749 1819 adsit,
2787 1744 2852 1805 te
2886 1739 3206 1824 gubernet
3246 1738 3621 1823 invictaque
3642 1741 3885 1807 virtuts
3907 1740 4233 1808 sustineat

2280 1846 2488 1909 nsque
2529 1825 2601 1890 in
2644 1825 2865 1891 finem.
2953 1829 3028 1890 5⁰
3057 1823 3209 1892 Oai.
3253 1824 3450 1892 Febr.
3505 1829 3683 1890 1562.

3102 1961 3430 2027 Iohannes
3464 1959 3784 2029 Calvinus
3823 1971 3997 2028 tuns.
4011 1965 4063 2039 ⁸)

3038 2256 3444 2272 ——un——n—

3162 2510 3332 2581 8707
3338 2563 3351 2577 .

2811 2664 3175 2735 ZANOUS
3218 2663 3707 2733 GAILLETO.

2454 2835 2700 2917 Inveni,
2744 2843 2813 2902 ut
2848 2838 3110 2916 videtur,
3154 2837 3259 2903 Ar
3613 2836 3927 2904 Genavam
3951 2836 4227 2921 profecto

2279 2926 2464 2990 autor
2526 2928 2618 2990 est
2671 2929 2744 2990 ut
2782 2925 3055 2990 mamitus
3097 2924 3301 2990 studio
3346 2924 3771 2990 Institutionis
3817 2920 4226 2990 calvinianae

2279 3008 2596 3077 incumbat
2638 3015 2694 3076 et
2755 3029 2822 3077 se
2875 3010 3091 3092 ipsum
3153 3005 3565 3080 calvinistam
3594 3010 3940 3093 profitetur,
3985 3029 4110 3092 qua
4150 3008 4226 3078 de

2278 3115 2478 3165 causa
2517 3116 2562 3163 a
2610 3093 2950 3164 Gemanis
2991 3096 3343 3179 impetatur.

2556 3269 2665 3337 (nx
2702 3267 2874 3324 'romo
2910 3266 3066 3322 vm.
3102 3266 3238 3337 Opp.
3275 3265 3478 3322 zanobi
3519 3267 3581 3322 P.
3618 3266 3687 3322 11.
3722 3284 3775 3336 p.
3812 3265 3955 3329 ιιι.)

2278 3525 2475 3594 Nunc
2539 3526 2725 3593 vides
2785 3528 2861 3591 in
2903 3525 3234 3610 quodnam
3292 3524 3585 3592 studium
3649 3525 3770 3590 tibi
3835 3525 3923 3591 sit
3976 3524 4226 3592 incum-
4363 3571 4378 3585 .

2279 3610 2585 3687 bendum,
2634 3620 2700 3678 et
2742 3612 2900 3678 dum
2941 3612 3093 3678 istic
3132 3631 3203 3676 es
3246 3631 3407 3677 cura
3447 3618 3525 3677 ιιι
3557 3631 3640 3677 ex
3675 3619 3901 3677 sancto
3937 3610 4050 3676 illo
4085 3612 4225 3676 viro

2277 3699 2603 3765 rationem
2666 3698 2953 3783 aliquam
3007 3697 3228 3782 capias
3284 3696 3645 3764 studiorum
3699 3705 3961 3763 tuorum
4027 3715 4224 3778 quam

2276 3793 2412 3851 toto
2457 3785 2630 3851 vitae
2674 3793 2825 3851 tuae
2867 3783 3190 3852 curriculo
3233 3783 3665 3868 persequaris.
3708 3791 3845 3848 tam
3888 3782 3958 3847 in
3998 3781 4221 3864 legen-

2277 3870 2379 4022 ἔξω
2438 3870 2782 3953 scripturis
2837 3890 3038 3955 quam
3095 3870 3168 3933 in
3211 3868 3371 3936 locis
3413 3868 3866 3936 communibus
3909 3865 4222 3965 colligen-

2345 3977 2396 4022 s.

2275 4062 2470 4127 quem
2514 4041 2755 4110 librum
2795 4042 2942 4111 illos
2981 4041 3331 4127 praecipue
3372 4040 3546 4108 locos
3579 4039 3694 4124 qni
3727 4043 4222 4107 controvertun-

2274 4135 2386 4195 tur
2428 4128 2555 4194 hoo
2598 4137 2889 4213 tempore
2932 4129 3105 4195 inter
3147 4148 3268 4193 nos
3309 4134 3378 4194 et
3415 4125 3705 4211 papistas
3747 4123 4034 4207 aliosque
4066 4122 4222 4189 hae-

2276 4214 2546 4282 reticos:
2589 4214 2670 4281 iis
2709 4221 2955 4299 postea,
2998 4215 3058 4281 si
3099 4211 3257 4299 quid
3297 4215 3472 4282 inter
3513 4208 3909 4278 studendum
3951 4228 4034 4276 ss.
4079 4207 4223 4275 lite-

2277 4302 2388 4381 ris,
2456 4301 2563 4368 vel
2625 4301 2698 4365 in
2765 4299 3043 4367 lectione
3107 4307 3386 4383 patrum,
3453 4297 3553 4362 vel
3613 4296 3683 4360 in
3738 4294 4223 4362 commentariis

2277 4385 2616 4455 doctorum
2660 4386 2954 4454 virorum
2996 4387 3204 4452 nostri
3265 4384 3594 4468 temporis,
3659 4379 3766 4448 vel
3798 4380 3932 4447 alia
3972 4381 4225 4447 ratione

2277 4473 2400 4540 tibi
2429 4479 2734 4540 occurrat
2787 4470 2956 4556 qnod
3015 4470 3100 4537 ad
3142 4490 3252 4537 eos
3297 4470 3471 4537 locos
3512 4468 3855 4553 pertineat,
3898 4465 4063 4534 illud
4106 4465 4224 4534 ad-

2277 4558 2424 4626 des:
2469 4560 2599 4624 .ita
2639 4559 2819 4624 intra
2861 4577 3101 4641 paucos
3143 4576 3350 4622 annos
3391 4553 3509 4621 tibi
3550 4574 3856 4639 magnam
3903 4552 4222 4638 supellee-

2279 4644 2465 4711 tilem
2529 4646 2806 4729 parabis.
2907 4642 3043 4709 Sed
3106 4648 3363 4726 praeter
3419 4640 3542 4708 hoc
3594 4659 3813 4706 meum
3880 4638 4222 4707 consilinm

2278 4730 2562 4810 consule,
2619 4739 2695 4796 ut
2736 4738 2932 4796 antea
2973 4749 3310 4813 coeperam
3356 4725 3588 4805 dicere,
3642 4724 3727 4793 D.
3781 4725 4113 4794 Calvinum
4156 4734 4224 4791 et

2275 4816 2458 4884 illius
2502 4837 2774 4900 sequere
2828 4813 3192 4882 consilium.
3243 4848 4221 4862 ————————

2449 4901 2821 4980 Caeterum,
2877 4899 3049 4983 quod
3104 4897 3188 4966 ad
3243 4899 3367 4966 hoc
3423 4898 3660 4986 dogma
3717 4900 3970 4976 attinet,
4014 4895 4222 4963 habeo

2320 5009 2442 5053 uae
2484 4988 2650 5052 meis
2694 4986 3088 5052 adversariis
3130 5007 3212 5069 op
3302 5007 3454 5052 nam
3499 5008 3583 5051 ex
3626 4985 3876 5051 duobus
3911 4982 4221 5050 Martinis

2341 5072 2649 5152 ermanis‚
2731 5071 2998 5139 Laeahero
3063 5079 3129 5138 et
3190 5007 3437 5139 ffucero
3501 5070 3843 5155 permulta.
3951 5068 4217 5134 Etenim

2486 3956 2746 4022 Deinde
2790 3977 2870 4021 ex
2914 3956 3093 4022 illius
3136 3955 3667 4021 Institutionibus
3709 3952 3945 4037 collige
3988 3952 4057 4017 in
4102 3951 4224 4017 ah-

2478 5366 2538 5434 5)
2579 5366 2770 5424 Ehem
2805 5366 3129 5437 subscriptio
3163 5370 3371 5437 autom.
