4850 6117
256 417 392 481 6³57

241 606 414 692 pari
446 607 500 682 ¹)
558 604 954 671 honorificae
1009 604 1366 669 memoriae
1421 604 1653 685 filium,
1713 605 1839 671 hac
1881 604 1962 670 de
2018 625 2216 671 causa

254 691 607 759 Basileam
640 696 718 756 ut
759 710 908 757 cum
947 689 1372 773 optimatibus
1414 698 1570 776 agat
1610 697 1680 756 et
1721 688 1891 770 inde,
1935 690 1993 756 si
2030 688 2215 756 vide-

253 778 467 856 bitur,
511 777 804 843 Bernam
847 782 1100 862 pergat.
1170 775 1241 843 Is
1282 775 1438 859 quid
1496 777 1566 843 in
1622 775 1755 841 illis
1806 776 1966 842 locis
2007 777 2216 862 egerit

255 863 347 930 ad
394 883 517 930 vos
558 870 660 928 est
701 863 1203 946 perscripturus.
1284 861 1436 928 Non
1477 882 1643 946 opus
1685 870 1788 927 est
1828 881 2043 928 orare:
2100 882 2214 928 oro

254 957 493 1015 tamen
549 955 627 1014 ut
680 948 871 1014 nobis
924 969 1060 1014 non
1113 947 1304 1015 desis.
1394 947 1473 1015 Si
1516 948 1792 1032 pecunia
1855 948 2057 1014 etiam
2098 955 2217 1015 tua

252 1034 641 1119 respublica
684 1055 849 1117 opus
891 1032 1127 1099 habeat
1167 1033 1547 1117 partiamur.

443 1119 1010 1204 Oldcnburgicum
1067 1120 1440 1196 institutum
1496 1120 1710 1204 placet
1764 1118 2211 1202 Principibus:

255 1207 504 1272 habuit
557 1204 731 1290 apud
784 1226 891 1270 me
954 1214 1108 1272 ante
1165 1205 1434 1274 biduum
1496 1206 1923 1273 secretarium
1987 1226 2211 1272 suum:

253 1293 567 1379 perrexit
600 1293 801 1358 etiam
837 1293 895 1357 si
917 1311 1063 1357 sero
1095 1291 1193 1356 illi
1214 1312 1255 1356 a
1274 1292 1464 1358 nobis
1484 1311 1872 1377 responsum
1893 1293 1996 1357 sit.
2044 1289 2215 1356 Gas-

253 1400 504 1464 parum
554 1378 835 1445 Gamaut
859 1379 918 1461 ²)
963 1377 1047 1442 ad
1101 1378 1292 1443 illum
1333 1379 1631 1445 misimus
1686 1399 1836 1444 cum
1888 1377 2215 1444 mandatis

254 1466 600 1566 Principis
648 1463 988 1544 Condiani,
1047 1484 1214 1548 quae
1269 1471 1442 1564 ante·
1482 1485 1769 1564 pugnam
1825 1463 2055 1564 eadem
2087 1463 2215 1564 ‘die

254 1558 1262 1703 ffixaewfffiussuffffi
1283 1550 1977 1720 sszzffizdfflss
2014 1559 2214 1702 {2352

255 1725 504 1790 bamus
545 1725 618 1789 in
663 1743 910 1807 papyro
954 1721 1118 1787 alba.
1204 1721 1337 1788 Hic
1379 1720 1518 1787 dies
1579 1729 1682 1787 est
1737 1721 2026 1789 decimus
2082 1730 2214 1787 ter-

260 1812 402 1875 tius
423 1809 594 1893 quod
633 1810 963 1875 misimus:
1009 1808 1399 1891 promiserat
1433 1829 1505 1873 se
1538 1818 2011 1892 perventurum
2055 1807 2212 1874 duo·

259 1896 545 1961 decimo.
611 1894 681 1961 Is
725 1902 921 1960 notus
963 1901 1063 1958 est
1097 1891 1560 1976 Oldenbmyioo,
1607 1900 1674 1959 et
1707 1893 2214 1960 Francofordiae

257 1981 626 2066 postulavit
675 1980 1164 2064 Oldenbwryious
1221 1987 1298 2044 ut
1351 1979 1472 2045 sibi
1528 1981 1918 2046 mitteretur.
2003 1979 2214 2064 Spero

259 2068 610 2134 audituros
653 2086 774 2131 nos
817 2074 969 2130 ante
1011 2065 1162 2131 idus
1204 2064 1482 2131 Martias
1524 2086 1667 2132 esse
1708 2067 1780 2131 in
1823 2067 1947 2133 via.
2027 2066 2212 2131 Misi-

257 2174 417 2219 mus
475 2151 762 2218 nobilem
821 2150 1174 2218 Claudium
1229 2150 1594 2216 Boeclinum
1619 2155 1671 2232 Β)
1733 2150 1816 2216 ad
1868 2152 2211 2218 conficien—

260 2238 428 2304 dum
467 2238 836 2322 equitatum
860 2237 1435 2320 Lugdunensibus.
1500 2238 1840 2304 Promissa
1861 2237 2023 2302 mihi
2059 2244 2214 2304 sunt

258 2326 335 2389 in
385 2325 560 2390 hanc
602 2344 745 2390 rem
781 2345 822 2389 a
855 2325 1097 2390 nostris
1130 2323 1650 2406 negotiatoribus
1692 2344 1798 2389 me
1832 2323 2211 2389 fideiussore

258 2432 389 2477 sex
432 2410 646 2476 millia
689 2417 1166 2476 coronatorum.
1233 2408 1419 2474 Haec
1463 2411 1842 2476 suffecerint
1885 2410 1941 2474 si
1985 2430 2103 2475 vos
2144 2415 2213 2474 et

257 2496 753 2582 Lugdunenses
776 2496 960 2561 brevi
992 2494 1405 2562 succurratis.
1477 2493 1554 2561 Si
1582 2494 2066 2579 oldenburyicus
2105 2516 2208 2561 ce-

255 2582 473 2648 lerius
531 2584 775 2666 poterit
837 2582 909 2647 in
963 2582 1306 2665 procinctu
1362 2601 1503 2647 esse
1558 2580 1638 2647 de
1701 2580 1879 2647 illius
1935 2589 2211 2664 quatuor

255 2668 560 2734 millibus
628 2669 925 2751 equitum
989 2675 1268 2751 quatuor
1331 2666 1885 2752 Lugdunensibus
1963 2676 2211 2733 turmas

257 2755 696 2821 conficiemus.
765 2755 1027 2838 Regina
1048 2754 1328 2839 Angliae
1371 2755 1558 2820 fortis
1593 2753 1976 2820 Semiramis
2018 2753 2211 2818 etiam

258 2841 588 2924 equitatui
609 2840 1006 2907 Germanico
1041 2841 1153 2923 qui
1196 2848 1297 2922 est
1338 2839 1410 2904 in
1446 2839 1666 2907 Gallia
1705 2838 2028 2923 stipendia
2061 2860 2211 2924 pro-

257 2926 475 2991 mittit
516 2931 587 2991 et
628 2927 853 2993 mittit.
871 2929 931 3007 ⁴)

441 3010 579 3078 Sed
642 3012 798 3097 quid
876 3012 1097 3078 istud?
1169 3012 1399 3095 Neque
1463 3019 1539 3077 tu
1600 3032 1812 3095 neque
1879 3009 2211 3093 Spifamus

258 3098 627 3182 quidquam
670 3098 754 3163 ad
796 3098 945 3165 me?
1027 3099 1275 3164 Ambos
1321 3119 1436 3164 vos
1480 3098 1656 3163 viros
1699 3099 1976 3181 optimos
2017 3105 2211 3180 atque

257 3185 432 3250 mihi
467 3185 840 3252 carissimos
875 3186 1128 3251 salvere
1171 3190 1238 3249 et
1270 3203 1618 3267 prosperos
1651 3205 1793 3250 esse
1836 3188 2005 3267 opto.
2075 3184 2210 3248 Da-

257 3278 410 3337 tum
454 3272 648 3337 nonis
692 3272 851 3338 febr.
876 3275 927 3349 ε)

1383 3408 1564 3472 Τιιιιε
1609 3427 1802 3490 quem
1846 3406 2036 3472 nosti.

585 3501 676 3508 .-

256 3601 454 3655 8909.
475 3598 535 3663 1)
574 3599 697 3653 olim
732 3613 783 3651 v.
821 3597 877 3651 d.
913 3613 981 3651 m.
1018 3596 1512 3666 Amastor-atensis.

470 3667 530 3736 2)
564 3670 661 3738 qui
695 3668 795 3721 sub
827 3668 988 3748 fiuent
1024 3681 1076 3721 a.
1113 3664 1250 3718 1562
1295 3679 1418 3746 cam
1453 3664 1712 3746 Boeotiae
1756 3665 1821 3717 in
1858 3663 2212 3720 Germaniam

257 3735 1440 3883 mwmguilrgsshgsaffgetgfmffiepffitzkaffi
1459 3740 1820 3856 ἕξις-ἰιῗὲηᾶἕέ
1841 3802 2038 3884 reitrcs
2074 3819 2213 3870 pour

259 3876 344 3929 les
396 3876 676 3945 Lyonnais
723 3891 849 3928 sous
895 3875 950 3927 la
993 3878 1241 3942 garantie
1285 3873 1353 3925 de
1396 3871 1606 3937 Sturm3
1657 3871 1739 3925 les
1786 3876 2099 3940 negociants
2142 3871 2212 3925 de

259 3944 728 4068 {ttrasbourglggi
780 3940 1110 3996 avancerent
1162 3940 1196 3994 ὁ
1246 3949 1336 3994 cet
1388 3940 1514 3993 effet
1560 3938 1699 3993 6000
1744 3940 1872 3994 ecus
1921 3939 2213 4007 (Schmidt,

470 4030 544 4149 45,
568 4080 823 4151 L’argent
872 4079 1248 4149 d’Angleterre
1289 4078 1472 4131 arriva
1505 4082 1562 4131 et
1595 4077 1678 4130 sut
1712 4077 1871 4130 conte
1905 4095 1975 4131 au
2008 4076 2209 4131 Havre.

259 4151 518 4205 L’amiral
554 4151 674 4203 rint
708 4167 776 4204 en
824 4166 1092 4218 personne
1135 4147 1169 4201 a
1203 4148 1348 4201 Caen
1381 4164 1521 4216 pour
1565 4164 1600 4217 y
1636 4146 1774 4200 faire
1824 4147 1875 4200 le
1922 4152 2214 4216 payement

262 4220 362 4274 des
399 4221 638 4273 reistres.
710 4218 889 4283 (Eiet.
926 4219 1045 4272 eccl.
1083 4219 1151 4271 ΙΙ.
1187 4215 1329 4284 260.)

469 4287 530 4351 5)
567 4286 657 4342 De
690 4302 841 4341 aomo
886 4302 998 4341 non
1045 4285 1423 4341 dubitandum.
1513 4283 1589 4337 D.
1634 4282 1720 4337 22.
1766 4283 1930 4338 Febr.
1981 4281 2115 4337 1563
2148 4285 2212 4339 in

259 4358 474 4413 Senatu
525 4355 828 4411 Genevensi
870 4355 935 4410 de
974 4356 1212 4423 pecunia
1257 4352 1511 4409 Gondaeo
1553 4357 1741 4407 mutuo
1793 4352 1985 4407 danda
2028 4357 2211 4407 actum

257 4434 354 4492 eet,
390 4433 443 4480 ot
476 4426 692 4495 quidem
724 4430 953 4546 wgv‘moe
989 4423 1066 4476 D.
1104 4423 1170 4476 de
1211 4422 1364 4492 Roye
1393 4439 1493 4490 per
1527 4422 1708 4491 ipsum
1747 4420 2050 4476 Calvinum.
2090 4422 2209 4475 Ex-

256 4499 371 4551 stat
421 4497 586 4549 etiam
705 4534 720 4549 .
831 4493 1059 4547 rideriei
1102 4490 1201 4546 111.
1259 4492 1509 4546 Palatini
1561 4492 1615 4544 d.
1664 4491 1716 4544 d.
1762 4490 1847 4545 18.
1897 4491 2024 4546 Ian.
2072 4489 2210 4546 1563

259 4562 620 4630 (ΚωσΙσΙιοΙιη
638 4510 708 4617 ef
762 4561 864 4617 365
933 4561 1011 4616 ad
1057 4561 1268 4615 Ducem
1316 4560 1759 4628 christophorum
1802 4561 2086 4624 referentis
2131 4561 2206 4614 D.

258 4634 325 4688 de
363 4632 455 4687 Ro
553 4633 787 4715 aliquem
886 4673 896 4683 .
934 4630 1001 4684 de
1033 4630 1091 4686 la
1138 4630 1339 4698 Veufve
1373 4629 1449 4683 ad
1482 4645 1539 4682 se
1572 4630 1802 4697 misisse,
1835 4628 1975 4683 2000
2008 4631 2209 4699 equites

258 4708 308 4758 et
339 4648 737 4771 *leogepeduoe
781 4698 1192 4757 wadnam-um.
1290 4698 1544 4768 Denique

1698 4715 1776 4752 na
1817 4698 1894 4753 ad
1937 4714 2103 4768 quam
2146 4701 2208 4754 in

253 4777 411 4827 ‘textu
443 4775 635 4826 nostro
669 4769 937 4825 alluditur
970 4768 1125 4823 uuna
1160 4782 1275 4823 esse
1301 4774 1479 4836 potest
1514 4768 1627 4822 nisi

1721 4766 2014 4822 midensis.

1023 5078 1433 5092 ⁴*-

466 5438 685 5494 Galm'm'
706 5452 889 5504 opera.
968 5437 1081 5492 Vol.
1120 5435 1290 5490 xlx.

1935 416 2095 480 1563
2138 412 2602 483 FEBRUAR.

4140 423 4266 488 658

3197 606 3391 678 391⁰.

2564 747 3011 827 RfiGERUS
3057 759 3476 829 GALVINO
3520 762 3640 829 Em
3682 763 4010 830 BEZAE.

2493 929 2887 998 Commendat
2949 934 3229 999 iuvenem
3284 934 3635 1001 studiorum
3697 954 3893 1002 caasa
3951 934 4263 1003 Genavam

2306 1017 2804 1100 proficiscentem,

2608 1190 2721 1256 (Ex
2755 1189 3092 1259 autographo
3128 1189 3259 1245 God.
3296 1189 3503 1245 Genev.
3540 1189 3658 1257 109,
3692 1190 3784 1250 fol.
3822 1189 3968 1257 122.)

2471 1361 2887 1428 Doctissimis
2908 1369 3105 1445 atque
3125 1361 3710 1446 praestantissimis
3732 1361 3892 1428 viris
3913 1361 3997 1429 D.
4022 1362 4263 1429 Ioanni

2317 1444 2597 1513 Calvino
2666 1455 2735 1513 et
2778 1445 2863 1511 D.
2909 1447 3250 1513 Theodoro
3310 1448 3527 1513 Bezae
3581 1447 4106 1515 moderatoribus
4156 1468 4261 1515 ec-

2316 1532 2552 1598 clesiae
2596 1532 3008 1599 Genevensis
3052 1532 3329 1599 dominis
3373 1553 3451 1599 ac
3505 1532 3819 1600 fratribus
3874 1534 4016 1600 suis
4055 1533 4262 1618 pluri-

2316 1639 2501 1683 mum
2545 1617 2851 1686 colendis.

3756 1701 4087 1772 Genevae.

2485 1874 2557 1941 S.
2629 1875 2839 1955 Licet,
2894 1877 2999 1941 vir
3055 1874 3445 1957 deotissime,
3502 1897 3542 1941 a
3582 1875 3748 1941 facie
3803 1873 3921 1941 tibi
3974 1876 4101 1942 sim
4153 1877 4258 1942 in-

2312 1962 2613 2044 cognitus
2657 1981 2870 2044 neque
2913 1960 3048 2027 ulla
3101 1961 3280 2027 inter
3324 1982 3442 2027 nos
3499 1981 3790 2044 unquam
3849 1961 4257 2029 familiaritas

2312 2047 2774 2126 intercesserit,
2829 2055 3051 2113 tamen
3093 2046 3606 2112 familiaritatem
3628 2046 4258 2133 'humanitatemque

2313 2141 2493 2197 tuam
2541 2134 2702 2198 satis
2743 2154 2903 2218 erga
2934 2153 3040 2197 me
3075 2132 3421 2199 declarasti
3457 2152 3631 2198 anno
3673 2133 4012 2216 superiori,
4056 2153 4255 2217 quum

2313 2232 2508 2285 tenue
2552 2217 2901 2284 admodum
2947 2219 3320 2303 epistolium
3364 2218 3447 2283 ad
3492 2226 3556 2284 te
3599 2217 3841 2297 darem,
3864 2223 3916 2295 ι)
3960 2239 4087 2302 quo
4122 2240 4256 2285 non

2312 2311 2688 2388 contempto
2729 2305 3032 2370 mittebas
3076 2324 3243 2388 quae
3297 2305 3614 2389 petieram
3672 2304 3916 2388 scripta
3956 2311 4094 2369 tam
4138 2311 4258 2371 tua

2311 2410 2512 2473 quam
2563 2391 2648 2456 D.
2691 2389 2901 2456 Besae
2956 2388 3037 2456 de
3094 2411 3294 2458 causa
3346 2390 3808 2470 eucharistica,
3862 2409 4027 2473 quae
4081 2388 4254 2474 apud

2312 2497 2434 2542 nos
2474 2476 2832 2559 comparari
2890 2497 3026 2541 non
3080 2483 3401 2560 poterant,
3459 2475 3633 2541 unde
3684 2473 3897 2541 adhuc
3949 2475 4256 2559 ingentes

2313 2569 2466 2628 tuae
2509 2561 2907 2628 humanitati
2951 2564 3196 2647 gratias
3240 2583 3362 2647 ago
3407 2568 3474 2627 et
3516 2561 3743 2628 habeo.
3808 2562 4019 2627 Porro
4059 2562 4130 2626 in
4167 2560 4256 2626 D.

2314 2647 2493 2713 Beza
2547 2647 2645 2714 bis
2709 2668 2825 2731 per
2881 2646 3374 2714 Schaffhusiam
3439 2648 3566 2712 iter
3627 2646 3895 2713 facienti
3960 2665 4117 2712 cum
4166 2647 4253 2714 D.

2328 2734 2576 2800 Varello
2603 2736 2660 2812 2)
2702 2734 3029 2818 ipsissimo
3084 2734 3519 2799 animadverti
3562 2732 4056 2812 humanitatem,
4100 2753 4255 2800 cum

2355 2819 2551 2885 uibus
2596 2820 2724 2885 duo
2781 2820 3080 2886 convivia
3130 2818 3470 2886 celebravi.
3563 2816 3728 2882 Inde
3786 2818 3917 2883 iam
3972 2819 4068 2895 fit,
4124 2819 4254 2885 viri

2359 2905 2691 2986 octissimi,
2741 2911 2817 2972 ut
2867 2904 3310 2984 confidentior,
3364 2905 3499 2969 imo
3550 2902 3997 2986 impudentior
4038 2903 4254 2970 factus

2315 3012 2515 3057 ausus
2572 2992 2699 3056 sim
2754 2996 3014 3056 teneras
3055 2999 3308 3058 vestras
3361 3009 3553 3056 aures
3606 2988 3849 3073 ineptis
3889 2999 3958 3054 et
4007 2990 4252 3056 incom-

2311 3077 2542 3161 positis
2585 3076 2845 3161 scriptis
2886 3074 3265 3157 obtundere,
3309 3076 3433 3142 etsi
3475 3075 3676 3141 sciam
3699 3095 3820 3141 vos
3862 3074 4025 3141 alias
4066 3096 4255 3142 occu-

2361 3163 2704 3229 atissimos.
2792 3163 2885 3228 Et
2941 3160 3195 3228 confido
3248 3182 3366 3228 vos
3420 3161 3598 3227 viros
3661 3161 4262 3245 praestantissimos

2312 3184 2435 3314 Eoo
2477 3248 2790 3332 quidquid
2850 3256 2952 3313 est
3005 3247 3209 3314 errati
3262 3247 3333 3312 in
3374 3246 3713 3313 meliorem
3757 3257 4017 3330 partem
4058 3248 4263 3313 inter-

2313 3342 2703 3417 pretaturos,
2759 3332 3228 3418 admittereque
3285 3339 3359 3399 ut
3410 3332 3520 3398 vel
3577 3331 3827 3417 aliquid
3881 3332 4055 3416 apud
4112 3354 4259 3399 ves-

2313 3431 2486 3486 tram
2540 3420 2927 3506 dignitatem
2982 3421 3301 3503 scriptum
3355 3417 3524 3484 illud
3580 3418 3817 3498 valeat,
3874 3418 4261 3500 praesertim

2311 3507 2383 3572 in
2428 3508 2689 3590 negotio
2733 3504 2908 3589 quod
2952 3504 3170 3572 studia
3211 3514 3281 3572 et
3336 3504 3660 3572 studiosos
3704 3504 3941 3569 attinet
3981 3524 4258 3586 quorum

2313 3594 2554 3658 summi
2617 3614 2733 3659 vos
2796 3592 2954 3658 estis
3018 3592 3327 3657 fautores.
3430 3589 3565 3673 Qui
3630 3591 3753 3655 has
3816 3589 4001 3657 vobis
4063 3589 4260 3655 affert

2310 3679 2533 3744 literas
2595 3679 2829 3745 Foelix
2890 3677 3099 3760 Heqer
3151 3676 3765 3760 Ravenspurgensis
3828 3695 3947 3757 per
4009 3674 4259 3758 aliquot

2313 3785 2522 3830 annos
2565 3785 2826 3847 operam
2873 3762 3054 3828 dedit
3095 3761 3279 3828 bonis
3334 3762 3541 3827 literis
3596 3760 3772 3844 apud
3814 3781 3951 3838 nos,
3998 3762 4258 3845 Argen-

2313 3852 2510 3928 tinae,
2556 3851 2713 3914 item
2749 3849 3271 3935 Heydelbergae,
3314 3848 3410 3913 ita
3440 3857 3519 3912 ut
3561 3848 3847 3912 fructum
3886 3845 4043 3911 inde
4078 3845 4257 3912 haud

2313 3935 2778 4019 poenitendum
2820 3936 3067 4002 tulerit.
3144 3935 3307 4001 Post
3348 3935 3421 3998 in
3465 3931 3751 3999 Galliam
3797 3953 3867 3997 se
3910 3930 4256 3998 conferens

2312 4042 2449 4086 non
2493 4022 2707 4088 solum
2735 4030 2813 4085 ut
2844 4023 3189 4104 proficeret
3230 4021 3299 4084 in
3338 4019 3548 4085 literis
3583 4018 4100 4097 humanioribus,
4138 4018 4255 4083 sed

2311 4117 2388 4172 ut
2429 4108 2721 4191 linguam
2765 4107 3066 4191 gallicam
3112 4106 3404 4185 disceret,
3459 4102 3809 4187 impeditus
3862 4100 4075 4168 turbis
4117 4101 4254 4169 bel-

2313 4193 2455 4259 licis
2498 4193 2719 4276 (sicuti
2762 4195 2933 4258 inter
2968 4213 3154 4257 arma
3195 4192 3426 4257 literae
3469 4198 3536 4253 et
3576 4189 3756 4272 leges
3799 4188 4027 4273 silent)
4071 4190 4254 4255 varia

2312 4280 2614 4345 tentavit.
2694 4278 2987 4345 Tandem
3032 4299 3158 4362 quo
3203 4299 3275 4342 se
3318 4283 3602 4342 verteret
3645 4274 3924 4350 nescius,
3966 4274 4253 4357 patriam

2310 4365 2575 4446 repetiit
2615 4365 2685 4428 in
2730 4386 2860 4447 qua
2903 4364 3058 4430 dum
3103 4364 3327 4429 omnia
3365 4363 3436 4427 in
3480 4368 3726 4427 certum
3772 4368 4016 4426 statum
4065 4359 4252 4426 rede-

2309 4450 2422 4536 git,
2471 4451 2566 4515 nil
2609 4450 2967 4517 consultius
3020 4459 3151 4514 tam
3209 4449 3334 4532 ipsi
3377 4468 3576 4531 quam
3620 4447 3848 4513 amicis
3890 4445 4106 4511 visum
4151 4455 4253 4511 est

2310 4537 2439 4602 nisi
2505 4545 2581 4601 ut
2644 4537 2943 4620 proxima
2998 4535 3342 4602 Genevam
3406 4555 3479 4599 se
3541 4532 3837 4600 conferat
3900 4532 4019 4615 (ibi
4074 4533 4250 4598 enim

2307 4625 2543 4689 florere
2588 4622 2826 4702 studia,
2867 4620 3019 4688 'esse
3056 4621 3301 4688 ibidem
3343 4620 3521 4685 viros
3564 4617 3999 4695 doctissimos)
4044 4626 4113 4682 et
4153 4619 4251 4684 ita

2306 4711 2605 4793 linguam
2658 4708 2955 4793 gallicam
3012 4707 3272 4791 plenius
3316 4704 3646 4770 addiscere
3692 4711 3902 4787 queat.
3990 4703 4292 4784 Placuit,

2306 4795 2684 4864 consilium:
2740 4800 3164 4878 suscepturus
3206 4791 3799 4876 peregrinationem
3842 4811 3957 4856 seu
4001 4791 4248 4874 profec-

2306 4883 2552 4948 tionem
2597 4880 2680 4945 ad
2718 4902 2848 4961 vos,
2893 4902 2999 4945 me
3034 4878 3341 4946 convenit
3374 4884 3604 4961 petens
3646 4876 3872 4942 literas
3916 4896 4249 4941 commen-

2307 4967 2571 5035 datitias
2587 5019 2604 5046 ‚
2664 4988 2748 5032 ne
2802 4967 3136 5034 videretur
3194 4973 3501 5048 tanquam
3557 4983 3702 5029 erro
3769 4962 4033 5047 quidam
4091 4960 4248 5026 hinc

2305 5204 2997 5346 ⁸⁹²⁰'12332322nm
3040 5273 3188 5346 quoa
3227 5288 3332 5343 pro
3378 5271 3761 5328 Wazaemvus
3804 5284 3858 5324 a.
3893 5265 4029 5321 155⁷
4070 5281 4248 5323 moe-

2301 5352 2520 5418 parm.
3771 5422 3841 5475 42
