4850 6117
270 403 357 466 89

264 586 506 655 licebit
560 588 872 657 fratribus
929 590 998 656 in
1045 588 1316 657 aedibus
1369 591 1646 676 privatis
1689 587 1938 656 occulte
1982 588 2065 655 ad
2110 588 2231 656 du-

272 682 512 742 centos
557 697 766 759 usque
808 667 1202 762 in‘singulis
1245 676 1538 744 coetibus
1580 675 1945 742 convenire.
2036 673 2231 758 Quod

272 761 328 826 si
398 760 845 829 tumultuetur
907 762 1204 847 populus,
1284 763 1640 829 autoritate
1691 761 2146 847 gubernatoris
2177 765 2229 840 ⁸)

273 854 752 931 compescetur.
830 847 978 915 Hoc
1017 855 1095 914 ut
1128 847 1260 914 illis
1294 849 1677 915 nunciarem
1713 846 1959 913 nudius
1993 848 2231 915 tertius

273 950 352 997 eo
391 952 548 998 sum
584 934 911 1016 profectus
946 955 1028 999 ex
1066 934 1368 1020 Reginae
1400 933 1731 1001 mandato.
1805 933 2229 1001 Gubernator

272 1018 504 1084 omnia
561 1039 632 1085 se
686 1019 1015 1085 facturum
1082 1020 1414 1105 promisit,
1478 1019 1669 1087 modo
1722 1039 1792 1086 se
1851 1020 2230 1086 contineant

270 1105 490 1168 nostri
547 1105 727 1170 intra
781 1125 933 1171 suos
981 1107 1166 1172 fines.
1266 1106 1498 1173 Nostri
1552 1126 1806 1190 quoque
1869 1105 2033 1170 mihi
2098 1105 2229 1171 visi

270 1196 436 1255 sunt
480 1190 912 1274 acquiescere.
999 1190 1077 1258 Si
1120 1189 1279 1274 quid
1319 1192 1675 1258 moliantur
1718 1190 1957 1270 hostes,
2038 1191 2228 1259 novis

270 1274 590 1341 remediis
651 1296 814 1361 opus
873 1276 1014 1343 erit.
1112 1277 1259 1363 Ego
1322 1298 1482 1344 vero
1537 1277 1693 1362 quid
1751 1277 1857 1343 hic
1925 1277 2226 1343 interea?

267 1359 630 1427 Remansit
693 1381 951 1427 mecum
1017 1362 1192 1428 solus
1263 1362 1592 1444 Gala-siue,
1657 1361 1773 1429 sed
1837 1360 1921 1428 ad
1985 1383 2228 1447 paucos

272 1445 432 1513 dies.
527 1447 704 1513 Nam
750 1447 1008 1532 Martyr
1061 1447 1257 1514 hodie
1316 1448 1617 1515 discedet.
1645 1454 1699 1523 ⁶)
1775 1448 2050 1516 Nullum
2096 1468 2228 1516 uon

269 1533 456 1598 movi
493 1532 804 1618 lapidem,
840 1542 915 1598 ut
950 1533 1185 1599 saltem
1222 1534 1389 1600 mihi
1423 1533 1647 1602 liceret
1668 1535 1837 1601 istuc
1859 1555 2225 1616 excurrere,

271 1617 387 1685 sed
425 1618 728 1686 nondum
773 1619 1138 1702 impetravi.
1218 1619 1486 1687 Interea
1526 1640 1656 1685 non
1702 1622 1883 1687 deest
1917 1617 2090 1705 quod
2124 1642 2229 1688 me

269 1713 547 1771 strenue
602 1713 922 1772 exerceat.
1024 1704 1514 1772 Providendum
1564 1706 1742 1771 enim
1799 1717 1902 1772 est
1965 1718 2040 1771 ut
2101 1707 2229 1772 viri

268 1789 426 1855 boni
494 1812 585 1856 ex
641 1790 1087 1857 Parlamentis
1141 1802 1497 1859 evocentur
1552 1800 1619 1857 et
1660 1791 1951 1859 ecclesiis
1992 1807 2228 1858 consu·

269 1874 572 1952 lendum,
649 1897 816 1960 quae
861 1875 1207 1944 durissime
1249 1876 1639 1962 quibusdam
1681 1876 1838 1945 locis
1882 1887 2227 1958 vexantur,

270 1969 339 2026 et
379 1960 804 2044 quotidianas
847 1962 1145 2045 querelas
1188 1961 1270 2029 ad
1315 1983 1435 2029 nos
1479 1963 1799 2030 adferunt.
1886 1961 2230 2029 Praeterea

266 2046 618 2112 habendae
652 2047 1024 2132 frequentes
1046 2051 1407 2130 conciones,
1449 2058 1528 2115 ut
1545 2049 1891 2133 Principes
1924 2050 1993 2113 in
2013 2048 2229 2114 officio

271 2132 756 2199 contineamus.
835 2133 1067 2217 Itaque
1122 2144 1299 2201 totus
1358 2156 1535 2203 nunc
1591 2156 1734 2202 sum
1790 2135 1859 2199 in
1910 2155 1986 2199 eo
2029 2142 2105 2200 ut
2147 2155 2230 2200 ex

270 2217 476 2284 tribus
523 2217 793 2286 familiis
828 2240 1066 2303 nempe
1100 2241 1172 2285 re
1223 2222 1365 2287 'uae
1406 2221 1835 2300 Navarrenae,
1889 2219 2229 2287 (londensis

269 2304 590 2387 principis
661 2312 728 2370 et
789 2303 877 2370 D.
947 2308 1180 2373 Amira
1249 2308 1277 2373 s·
1339 2328 1548 2373 unum
1609 2326 1843 2390 corpus
1920 2305 2228 2373 ecclesiae

271 2391 688 2466 constituam,
747 2393 883 2458 suis
924 2393 1224 2458 omuibus
1267 2394 1580 2477 partibus,
1640 2391 1853 2477 quoad
1897 2393 2040 2457 eius
2082 2391 2227 2457 fieri

269 2477 512 2560 poterit
559 2476 735 2542 iuter
776 2478 934 2544 istos
979 2478 1225 2545 aulicos
1266 2479 1610 2558 tumultus,
1668 2479 2115 2562 compositum.

441 2561 808 2629 Perocezius
824 2567 879 2642 ⁷)
914 2586 1113 2630 suasu
1141 2563 1379 2631 Secheli
1419 2565 1628 2630 nostri
1663 2564 2016 2631 accersitus
2051 2572 2151 2629 est
2184 2585 2224 2630 a

271 2648 588 2799 grinoipe.
691 2647 1004 2716 Ostendit
1061 2650 1245 2716 nobis
1305 2651 1695 2716 seutentiam
1756 2650 2220 2715 absolutoriam

327 2742 568 2800 enatus
644 2735 1179 2803 Francfurtensis
1257 2746 1324 2802 et
1408 2737 1837 2803 honorificum
1915 2736 2223 2802 ecclesiae

274 2838 424 2884 suae
487 2821 967 2902 testimonium,
1031 2822 1139 2888 cui
1202 2821 1730 2906 subscripserunt
1791 2826 1909 2886 112
1965 2822 2219 2887 fratres.

275 2902 449 2986 Quid
492 2906 709 2990 igitur
751 2928 1094 2992 ageremus
1107 2906 1140 2972 ’ἲ
1228 2908 1507 2974 Hortati‘
1527 2929 1754 2975 sumus
1795 2916 1873 2974 ut
1914 2928 1985 2973 se
2028 2906 2222 2991 placi·

277 2989 425 3055 dum
472 3003 550 3057 et.
589 2991 955 3059 modestum
1019 2994 1325 3080 deinceps
1368 2994 1743 3061 ostenderet
1785 3000 1854 3060 et
1894 2992 2221 3060 Hobracho

274 3077 593 3143 scriberet
644 3075 727 3144 de
780 3080 1303 3147 reconciliatione
1359 3088 1556 3164 atque
1610 3080 1809 3147 etiam
1870 3099 2013 3146 sese
2068 3078 2220 3145 sub·

274 3163 574 3230 mitteret
613 3163 921 3232 ecclesiae
962 3165 1224 3246 iudicio,
1269 3168 1328 3233 si
1367 3165 1523 3249 quid
1567 3165 1879 3234 adversus
1923 3185 2075 3231 eum
2110 3163 2222 3231 vel

275 3245 669 3317 Francfurto
742 3251 855 3317 vel
931 3250 1196 3319 aliunde
1272 3253 1632 3320 afferretur.
1745 3249 1937 3334 Quae
1998 3251 2222 3317 omnia

275 3334 458 3402 nobis
526 3335 892 3421 spopondit.
993 3335 1400 3423 Subscripsit
1455 3338 1652 3404 etiam
1712 3337 2102 3404 confessioni
2156 3343 2224 3402 et

278 3417 662 3505 disciplinae
748 3429 1119 3489 nostrarum
1199 3424 1621 3491 ecclesiarum
1696 3431 1765 3489 et
1844 3422 2224 3490 Castalwnis

278 3504 713 3589 blasphemias
748 3506 991 3574 diserte
1023 3517 1089 3573 et
1123 3509 1516 3575 articulatim
1554 3509 1905 3576 damnavit.
1978 3506 2223 3591 Quam-

279 3588 387 3655 diu
425 3600 653 3657 autem
696 3594 804 3661 hic
846 3594 1159 3661 versabor
1200 3594 1427 3662 sedulo
1475 3593 1831 3661 observabo
1886 3595 2222 3660 homiuem

278 3684 342 3740 et
377 3678 583 3744 officii
626 3678 999 3746 admonebo.
1074 3680 1460 3748 Amiraldus
1505 3680 1680 3765 apud
1714 3700 1786 3747 se
1842 3680 2145 3747 Virdlum
2160 3680 2224 3760 ⁸)

277 3758 559 3843 habebit,
618 3767 938 3850 tantisper
980 3764 1137 3833 dum
1181 3765 1568 3847 rescribatis,
1629 3767 1787 3851 quid
1831 3765 1912 3832 de
1956 3765 2225 3834 Moruni

475 4086 545 4158 5)
576 4088 669 4144 La
717 4089 1043 4147 Rodio-sur·
1054 4092 1173 4148 Yon
1218 4092 1284 4148 ia
1326 4093 1596 4149 ministris
1642 4093 2054 4150 Pontianum
2166 4111 2217 4150 o-

282 4154 517 4279 mab
531 4164 657 4293 podet}
687 4159 976 4284 tfflmadbtffla
1007 4161 1061 4217 d.
1098 4163 1179 4217 12.
1223 4160 1337 4218 Oct.
1373 4164 1596 4228 factum·
1663 4162 1948 4233 (Lm-auct
1984 4109 2167 4232 1505'

332 4359 345 4372 .
579 4294 670 4352 De
702 4297 944 4353 discessu
975 4299 1094 4354 eius
1125 4315 1164 4354 a
1187 4299 1714 4367 Fbmcfortenu'bus
1740 4300 1873 4355 haec
1904 4299 2103 4354 habau
2126 4300 2224 4354 mi-

286 4363 447 4418 num-i
475 4366 636 4420 urbia
668 4367 731 4420 in
766 4383 867 4422 suo
902 4367 1301 4439 Gegeubericht
1334 4369 1526 4437 (Fr-kf.
1569 4369 1686 4424 Bel.
1734 4368 1909 4426 Hndz.
1948 4367 2037 4423 11.
2084 4368 2226 4426 Rea.

288 4428 376 4509 fin
402 4446 464 4500 p.
501 4431 658 4501 100).·
708 4435 784 4490 In
817 4437 1082 4509 colloquio
1115 4454 1236 4493 cum
1268 4439 1342 4493 iis
1385 4439 1570 4494 habito
1616 4437 1931 4505 declaravit,
1976 4453 2038 4490 er
2070 4436 2224 4492 hette

281 4514 408 4566 Jnen
451 4502 608 4556 mehr
651 4503 966 4586 nachgeben
1008 4507 1155 4561 deun
1201 4523 1263 4561 er
1306 4507 1395 4561 ffir
1440 4508 1618 4562 seiuer
1661 4506 1888 4562 Gemeiu
1936 4504 2221 4561 bekenuen

289 4566 495 4624 carme.
564 4571 724 4625 Deun
757 4573 847 4627 die
871 4591 1015 4628 were
1050 4592 1157 4630 vou
1192 4575 1400 4631 audem
1427 4575 1633 4630 Lereru
1662 4591 1762 4629 vor
1789 4575 1871 4644 jm
1905 4573 2222 4630 dermasseu

297 4636 600 4707 abgericht,
653 4641 753 4695 das
801 4644 880 4696 sie
922 4645 980 4697 iu
1018 4646 1161 4699 allen
1204 4645 1391 4699 diesen
1426 4650 1660 4726 puncteu
1696 4644 1824 4698 keiu
1860 4647 2005 4697 wort
2039 4644 2230 4698 weiter

293 4707 508 4761 vui-den
542 4710 874 4779 nachgeben.
943 4712 1253 4768 Derhalbeu
1291 4729 1352 4766 er
1385 4714 1538 4768 mcht
1569 4710 1787 4780 gleubte
1821 4713 1920 4765 das
1953 4712 2222 4766 awischeu

291 4789 387 4856 vus
430 4777 540 4832 vnd
581 4779 714 4848 jueu
763 4781 882 4835 eine
924 4783 1306 4854 vergleichung
1362 4782 1662 4852 geschehen
1717 4782 1830 4835 vud
1871 4781 1953 4835 sie
2003 4798 2071 4834 zu
2105 4782 2224 4852 jrer

292 4840 523 4901 Kirchen
566 4848 938 4905 widerkomen
987 4851 1225 4906 wurdeu.
1306 4851 1387 4905 Er
1432 4866 1574 4906 were
1617 4851 1677 4905 iu
1719 4848 2086 4905 Franckreich
2132 4852 2223 4907 be·

296 4912 471 4981 ruffcu,
507 4915 581 4969 da
616 4918 749 4973 volt
782 4936 844 4973 er
877 4919 972 4974 hin
1007 4920 1214 4975 zieheu.
1280 4920 1571 4975 Daruebeu
1606 4919 1771 4974 volte
1815 4936 1878 4973 er
1910 4918 2001 4972 die
2035 4918 2222 4973 seineu

296 4982 476 5036 vsitcr
509 5001 802 5067 ver-manen
838 4988 936 5042 das
972 4989 1052 5043 sie
1087 4989 1201 5043 sich
1234 4992 1366 5044 vmb
1400 4989 1579 5043 dieser
1610 5005 1637 5043 s
1730 4993 1867 5070 tuug
1901 4988 2083 5043 willcu
2115 5004 2224 5043 von

298 5062 450 5104 mer
482 5054 720 5111 Kirchen
754 5057 901 5111 nicht
946 5057 1254 5113 sonderteu.
1334 5058 1417 5114 Ist
1460 5059 1576 5113 also
1674 5057 1926 5113 eundhoh
1960 5073 2069 5110 von
2116 5057 2222 5111 deu

299 5131 487 5198 *uteru
527 5124 850 5193 gesohiedeu
896 5126 1010 5180 vnd
1065 5127 1122 5179 iu
1166 5125 1449 5197 folgender
1490 5124 1836 5184 norb-tmen
1881 5126 1941 5180 iu
1984 5126 2223 5182 Franck-

298 5188 437 5242 meh
469 5208 535 5245 au
568 5192 691 5249 dem
725 5194 909 5250 Herru
945 5212 996 5248 v.
1033 5193 1218 5249 Ooude
1250 5211 1504 5267 gezogen.

493 5259 796 5329 &videtur
848 5263 1028 5332 tuisse
1079 5265 1428 5323 concionator
1484 5265 1826 5322 Paem'sieasis
1865 5268 1917 5322 ct
1962 5263 2222 5334 colloquio

302 5319 639 5386 Pomacensi
666 5333 992 5403 interfuisse.

2016 403 2178 468 1561
2218 399 2546 469 OO'I'OB.

4189 413 4272 476 90

2328 590 2537 657 nostri
2581 588 2797 656 reditu
2839 591 3045 675 possit
3086 610 3365 675 sperare.
3384 596 3440 674 ⁹)
3533 593 3911 661 Navarrena
3956 592 4273 663 destituta

2329 685 2447 755 est,
2493 696 2707 761 neque
2761 675 2859 741 illi
2901 676 3181 761 prospici
3223 685 3437 761 potest
3477 679 3801 747 Lutetiae.
3890 678 4119 765 Itaque
4158 702 4272 748 cu-

2328 759 2607 827 randum
2670 762 2856 830 uobis
2920 782 3153 830 censeo
3217 762 3428 829 modis
3474 766 3789 845 omuibus,
3854 772 3930 831 ut
3992 766 4272 835 idoneus

2328 848 2586 931 aliquis,
2644 846 2713 914 id
2754 855 2871 927 est,
2938 848 3101 915 satis
3142 847 3371 915 doctus
3413 859 3481 917 et
3521 849 3806 918 disertus
3848 860 3918 917 et
3969 861 4272 920 maturae

2327 934 2563 1000 aetatis
2637 933 2956 1000 mittatur.
3052 932 3186 1001 Ubi
3263 955 3424 1001 vero
3500 936 3994 1004 nanciscemur?
4072 938 4268 1006 dices.

2327 1018 2464 1085 Ubi
2519 1027 2585 1085 et
2635 1017 2893 1103 quando
2938 1018 3192 1085 dederit
3232 1018 3578 1088 Dominus.
3661 1020 3795 1090 Sed
3879 1022 4029 1090 lane
4071 1021 4272 1110 digna

2327 1101 2491 1171 haec
2525 1111 2625 1171 est
2657 1105 2841 1173 cuius
2874 1105 3164 1171 maxima
3195 1107 3364 1172 ratio
3399 1107 3734 1174 habeatur.
3866 1108 4029 1174 imul
4076 1117 4272 1194 atque

2329 1211 2487 1256 vero
2529 1190 2706 1257 nacti
2745 1192 3019 1271 fueritis,
3075 1191 3387 1259 curabitis
3429 1214 3537 1259 me
3585 1191 4084 1271 admouendum,
4144 1194 4269 1276 vel,

2327 1276 2636 1360 quoniam
2682 1276 2978 1342 fortassis
3022 1276 3236 1357 abero,
3293 1277 3631 1345 ecclesiam
3671 1279 4133 1362 Parisieusem,
4190 1287 4271 1347 ut

2327 1359 2756 1429 accersendus
2798 1372 3062 1429 curetur
3105 1384 3297 1445 quem
3349 1363 3738 1450 delegeritis.

2499 1448 2605 1513 De
2637 1467 2783 1513 meo
2817 1446 3030 1513 reditu
3066 1449 3193 1515 scis
3228 1447 3386 1532 quid
3415 1451 3691 1535 cupiam.
3764 1448 3942 1533 Quid
3969 1449 4272 1534 expediat

2329 1532 2486 1599 dum
2552 1534 2784 1619 cogito,
2860 1534 3079 1600 nescio
3144 1533 3301 1618 quid
3370 1538 3766 1603 constituere
3821 1536 4084 1621 possim,
4159 1537 4273 1603 vel

2331 1620 2528 1685 etiam
2599 1618 2884 1686 debeam.
2973 1617 3108 1686 Sed
3166 1620 3338 1704 quod
3395 1619 3643 1687 dederit
3698 1622 3863 1688 mihi
3928 1621 4274 1690 consilium

2330 1704 2658 1771 Dominus
2702 1705 2773 1770 in
2817 1706 2942 1771 ista
2986 1704 3256 1769 ἐπιτάσει
3309 1705 3379 1769 id
3432 1727 3667 1790 sequar
3710 1716 3778 1773 et
3818 1729 3975 1794 rogo
4030 1717 4097 1774 te
4138 1729 4275 1775 uua

2331 1811 2481 1858 oum
2534 1791 2810 1858 caeteris
2861 1789 3191 1870 fiatribus,
3245 1800 3321 1857 ut
3363 1812 3470 1857 me
3513 1792 3637 1860 hoc
3682 1800 3993 1878 tempore,
4045 1795 4100 1857 si
4146 1815 4273 1859 un-

2328 1896 2524 1959 quam
2583 1876 2763 1958 alias,
2826 1875 3127 1960 precibus
3183 1876 3438 1943 iuvetis.
3527 1877 3746 1944 Pudet
3799 1900 3907 1944 me
3963 1889 4100 1945 tam
4156 1878 4275 1945 diu

2329 1960 2653 2046 stipendia
2695 1961 2986 2046 accipere
3030 1984 3072 2028 a
3113 1969 3338 2029 nostro
3381 1964 3786 2048 magistratu,
3813 1963 3896 2048 ¹⁰)
3953 1965 4060 2030 cui
4102 1964 4273 2030 nihil

2329 2068 2596 2132 prorsus
2638 2057 2914 2132 praesto,
2958 2055 3026 2114 et
3068 2049 3123 2115 si
3165 2069 3349 2115 meae
3391 2048 3730 2115 facultates
3766 2049 4031 2128 ferrent,
4075 2070 4273 2133 pecu-

2328 2133 2508 2199 niam
2554 2134 2743 2200 uxori
2785 2133 3132 2199 mitterem.
3218 2132 3353 2201 Sed
3396 2134 3525 2201 Dei
3566 2134 3881 2200 beneficio
3924 2135 4015 2200 ita
4059 2133 4272 2202 adhuc

2329 2219 2487 2298 vixi,
2554 2228 2629 2285 ut
2681 2218 2849 2284 nihil
2903 2220 3217 2303 pecuniae
3271 2240 3312 2286 a
3366 2240 3686 2305 quoquam
3750 2221 3858 2286 vel
3910 2222 4271 2303 acceperim

2328 2303 2437 2370 vel
2472 2305 2790 2389 petierim,
2852 2303 2969 2371 sed
3001 2306 3255 2372 interea
3287 2305 3457 2372 nihil
3491 2306 3772 2389 supersit
3805 2306 3974 2390 quod
4009 2305 4273 2374 mittam

2327 2390 2635 2473 quoniam
2679 2392 2749 2455 iu
2792 2389 2954 2456 alios
2993 2401 3296 2476 sumptus
3338 2411 3414 2458 ac
3501 2391 3841 2459 raesertim
3882 2399 4096 2458 vestes
4138 2412 4272 2457 om-

2325 2477 2439 2542 nia
2480 2496 2688 2560 paene
2732 2477 3060 2543 cousumsi
3101 2498 3270 2561 quae
3309 2485 3406 2542 att
3479 2498 3674 2543 eram.
3757 2476 3832 2543 Si
3888 2485 4110 2542 tamen
4173 2477 4270 2542 ita

2326 2562 2676 2643 censueris,
2711 2563 2926 2646 potius
2969 2562 3244 2648 accipiat
3275 2584 3447 2629 uxor
3489 2562 3569 2629 de
3613 2583 3710 2642 eo,
3754 2560 3925 2648 quod
3957 2562 4270 2647 magister

2327 2668 2411 2714 ex
2466 2669 2573 2712 me
2624 2647 2841 2728 habet,
2907 2669 3102 2733 quam
3162 2657 3475 2733 gravetur
3519 2648 3653 2715 ullo
3705 2670 3853 2714 sum
3903 2655 3974 2713 tu
4017 2648 4271 2728 civitas,

2325 2734 2513 2801 cuius
2546 2734 2679 2801 scio
2701 2734 3073 2801 decrescere
3093 2736 3332 2819 copias,
3383 2756 3514 2801 non
3540 2754 3755 2801 onera.
3957 2733 4272 2800 ravioium

2322 2828 2481 2903 puto
2546 2820 2673 2885 iam
2740 2819 2823 2884 ad
2889 2829 2954 2886 te
3017 2821 3412 2904 pervenisse.
3502 2820 3809 2886 Nondum
3863 2819 4092 2885 inveni
4154 2820 4272 2903 qui

2325 2905 2638 2972 Baduello
2673 2914 2894 2972 nostro
2929 2904 3319 2973 succederet.
3380 2906 3674 2974 Sanellus
3705 2906 4001 2972 fortassis
4034 2906 4092 2971 is
4123 2905 4266 2972 erit.

2325 2989 2461 3057 Sed
2496 2989 2820 3057 nihildum
2854 2993 3016 3059 certi
3053 3013 3318 3077 possum
3337 2993 3745 3062 constituere.
3803 2990 4271 3058 Nomandium

2323 3085 2623 3143 nostrum
2690 3087 2993 3162 exspecto
3056 3100 3136 3145 cu
3183 3077 3487 3145 idissime.
3600 3077 3921 3145 Germani
3980 3076 4270 3163 theologi

2324 3161 2539 3230 adhuc
2594 3164 2870 3229 haerent
2920 3164 3264 3232 Lutetiae:
3294 3168 3379 3242 ¹²)
3443 3172 3753 3249 exspecto
3809 3163 3966 3229 dum
4025 3162 4267 3229 adhae-

2323 3258 2535 3330 reant,
2599 3270 2793 3335 quam
2838 3270 3014 3331 uam,
3079 3257 3157 3316 ut
3213 3250 3512 3331 arbitror,
3581 3251 3799 3335 potius
3853 3254 4270 3316 revertentur

2322 3335 2538 3401 invisi.
2649 3334 2758 3401 Ba
2831 3337 3025 3402 uinus
3050 3339 3132 3416 ¹²)
3199 3357 3451 3422 quoque
3523 3336 3700 3402 iutra
3759 3334 3875 3401 illa
3937 3334 4270 3420 pomoeria

2323 3442 2393 3487 se
2436 3427 2634 3500 tenet,
2679 3421 2818 3488 sive
2864 3443 2983 3487 nos
3025 3428 3293 3503 metuat,
3350 3422 3490 3490 sive
3532 3429 3925 3489 contemnat.
4016 3419 4270 3488 Novar*-

2318 3527 2499 3587 rena,
2842 3508 2858 3522 ’
2942 3529 3091 3575 cum
3148 3529 3337 3574 socru
3360 3511 3443 3587 ¹⁸)
3498 3515 3565 3573 et
3619 3529 3845 3586 uxore,
3890 3505 4268 3573 Amiraldus

2322 3613 2473 3658 cum
2519 3594 2765 3677 optima
2806 3613 2926 3660 sua
2968 3595 3242 3679 coniuge
3286 3593 3480 3660 hodie
3523 3595 3850 3679 expressis
3884 3601 3950 3659 et
3983 3590 4267 3660 solenni-

2321 3678 2445 3745 bus
2508 3678 2733 3746 verbis
2794 3679 2958 3745 mihi
3016 3680 3426 3764 imperarunt
3483 3686 3564 3746 ut
3625 3700 3744 3747 suo
3806 3678 4070 3745 nomine
4145 3674 4268 3741 tibi

2321 3765 2574 3849 totique
2651 3763 2958 3832 ecclesiae
3034 3765 3382 3849 plurimam
3460 3765 3741 3834 salutem
3809 3763 4262 3831 adscriberem.

2322 3850 2471 3936 Ego
2523 3871 2703 3930 vero,
2770 3850 2864 3916 mi
2918 3859 3123 3935 pater,
3186 3861 3254 3919 et
3308 3853 3510 3920 oculis
3561 3861 3630 3919 et
3681 3857 3822 3917 toto
3876 3856 4138 3933 pectore
4200 3853 4267 3912 te

2323 3935 2463 4003 fero
2506 3945 2573 4003 et
2608 3935 2962 4017 absentem,
3020 3946 3214 4023 atque
3256 3940 3512 4005 utinam
3553 3959 3687 4004 non
3727 3938 4043 4003 iacentem
4079 3952 4268 3999 oscu-

2322 4021 2426 4088 lor
2469 4031 2537 4088 et
2567 4022 2938 4107 amplector,
2982 4022 3333 4108 Deumque
3374 4044 3533 4108 rogo
3577 4033 3652 4090 ut
3694 4033 3759 4087 te
3792 4019 3978 4087 nobis
4013 4037 4269 4087 conser-

2327 4118 2439 4173 vet
2477 4117 2672 4192 atque
2715 4131 2851 4176 uua
2891 4118 3110 4176 tecum
3168 4111 3404 4176 tratres
3446 4117 3513 4174 et
3556 4108 3799 4174 amicos
3841 4125 4069 4171 omnes
4117 4102 4268 4188 plu-

2325 4194 2572 4260 rimum
2636 4195 2891 4262 salvere
2954 4203 3023 4260 et
3077 4196 3298 4264 valere
3352 4196 3556 4261 iubeo.
3643 4193 3752 4258 Ex
3812 4189 4268 4275 Sangermano

2325 4281 2522 4346 tertio
2565 4279 2891 4348 Oaleudas
2938 4281 3345 4351 Novembris.

3671 4430 3854 4496 Tuus
3896 4428 4092 4495 Besa.

2529 4776 2589 4846 9)
2624 4775 2764 4848 Rea.
2799 4776 2879 4831 du
2928 4774 3141 4832 Οοηεαῖ
3181 4771 3265 4827 23.
3308 4770 3394 4826 27.
3434 4769 3552 4828 oa.
3633 4770 3729 4829 un·
3769 4767 4038 4854 Animi&
4079 4769 4272 4826 literae

2321 4848 2636 4918 resonantur
2670 4847 2769 4928 Qui
2802 4845 3101 4901 Medium
3134 4842 3344 4900 damus
3377 4840 3484 4898 sibu·
3515 4840 3738 4898 conada·
3768 4846 3936 4910 cupa.

2496 4914 2593 5052 ff}
2626 4912 2883 5051 {offan-9⁸1⁶&
2913 4909 3159 5063 IIVLovtlfiss.
3193 4978 3248 5035 ἆ.
3283 4979 3337 5035 d.
3374 4977 3459 5033 10.
3495 4977 3673 5062 Now?
3703 4979 3811 5034 Iac.
3827 4977 4084 5032 Burliuus
4117 4991 4266 5098 {gili-

2322 5051 2696 5192 ῗὲιίῗοιξ
2718 5049 3186 5175 (ὗθῗὲιὲὲξῗᾱω
3221 5047 4173 5174 Ρῗῗυᾎέἑῲἓωᾞᾚῧω.
4207 5071 4268 5165 οἱ

2320 5207 2517 5261 parum
2550 5189 2726 5244 adhuc
2797 5188 3122 5245 refecerunt.
3191 5187 3417 5257 (Baun-
3453 5185 3525 5241 ΙΙ.
3561 5183 3667 5241 422
3699 5184 3805 5256 ος.)

2495 5256 2590 5398 {33
2624 5258 2786 5386 ilua.
2807 5257 2891 5386 '5³5
2924 5325 3092 5400 Rom.
