4850 6117
255 423 379 487 613

253 611 370 696 661
403 619 554 678 6661
584 610 734 694 6166
769 611 1289 697 qn'jnexorables
1324 634 1409 680 66
1442 614 1620 680 16616
1651 633 1994 693 16666666,
2034 618 2198 682 s'ac-

255 696 602 764 corderont
660 699 992 765 tonsiours
1034 708 1242 782 quant
1295 721 1436 784 ung
1493 720 1778 786 ennemy
1833 699 2198 767 11616166166

252 805 326 851 66
410 803 609 849 16616
683 804 801 850 661
875 805 1025 851 661.
1110 785 1297 850 Vons
1378 785 1617 852 n'estes
1694 790 1936 870 qn’nne
1997 787 2200 870 petite

251 890 557 956 pongnee
599 868 681 935 de
722 889 889 954 gena
943 869 1113 955 haya
1158 870 1239 936 de
1280 877 1430 937 tous
1470 893 1595 937 1166
1635 872 1900 952 voisins,
1945 881 2013 938 et
2055 881 2200 938 tou·

253 956 479 1023 tesfois
522 976 685 1021 vous
729 978 810 1021 ne
852 955 1080 1023 1616666
1117 976 1287 1040 6661
1324 956 1466 1023 cela
1508 955 1588 1024 de
1620 979 1787 1024 vous
1829 966 2200 1024 entreman-

254 1062 374 1128 ger
427 1060 678 1107 comme
733 1042 963 1109 chiens
1020 1051 1090 1108 et
1139 1043 1348 1111 611616.
1437 1043 1616 1111 Vous
1672 1064 1901 1128 scavez
1955 1044 2113 1128 qu'il
2154 1066 2201 1130 y

253 1149 342 1194 611
383 1149 428 1193 6
468 1135 615 1194 1661
656 1128 768 1211 661
810 1128 950 1194 font
1006 1128 1069 1195 le
1111 1138 1275 1213 guet
1328 1149 1495 1212 pour
1548 1137 1818 1196 trouver
1860 1151 1901 1195 a
1940 1129 2202 1196 mordre

253 1233 373 1279 sur
418 1234 602 1292 vous,
653 1221 723 1278 et
774 1232 945 1280 vous
995 1235 1278 1281 mesmes
1336 1216 1481 1281 leur
1547 1213 1799 1281 (166666
1861 1214 2201 1282 1’66666166

253 1299 454 1384 611’116
496 1298 873 1379 cherchent,
939 1321 1024 1367 en
1081 1321 1250 1368 vous
1296 1302 1643 1367 diffamant
1694 1300 1879 1385 l’ung
1920 1299 2199 1380 l’aultre,

250 1405 509 1453 comme
550 1386 607 1451 si
649 1406 815 1452 vous
854 1385 1038 1454 aviez
1073 1385 1358 1453 1161111616
1401 1385 1769 1473 d’aignyser
1799 1387 1863 1451 le
1895 1395 2201 1454 cousteau

251 1492 424 1556 pour
466 1491 629 1538 vous
672 1473 833 1537 faire
873 1493 1155 1555 6666661
1196 1473 1262 1539 16
1304 1494 1520 1559 gorgo.

427 1556 493 1623 Π
557 1577 597 1622 6
651 1556 812 1622 fallu
869 1579 995 1641 que
1042 1561 1221 1644 j’aye
1276 1568 1395 1625 666
1451 1559 1531 1624 (16
1593 1558 1747 1624 16116
1805 1558 2202 1625 vehemence

249 1664 424 1729 pour
488 1664 651 1710 vous
714 1644 1066 1710 resveiller.
1170 1643 1303 1711 Oar
1359 1645 1419 1711 61
1475 1665 1640 1711 vous
1692 1645 2008 1711 n’eussiez
2065 1652 2203 1711 este

252 1751 381 1814 par
423 1737 570 1811 trop
614 1728 965 1809 6611611616,
1024 1750 1189 1797 vous
1243 1752 1329 1797 ne
1383 1750 1545 1796 vous
1586 1730 1851 1797 fuissiez
1894 1752 2013 1815 pas
2056 1737 2204 1796 tant

250 1817 480 1883 flattez
516 1817 792 1898 Ι1666666
856 1816 962 1900 icy
1017 1836 1102 1881 en
1159 1816 1275 1881 (166
1332 1817 1509 1882 vices
1567 1817 1623 1881 si
1668 1837 1884 1900 grans.
1971 1815 2034 1881 Il
2075 1840 2122 1902 y
2164 1838 2205 1882 a

252 1901 374 1966 des
432 1901 779 1966 infirmitez
833 1922 954 1985 par
1006 1909 1168 1980 tout,
1243 1902 1411 1968 mais
1465 1909 1687 1968 vostre
1740 1902 1872 1968 mal
1930 1910 2030 1967 est
2085 1923 2204 1985 par

249 1997 408 2070 trop
450 1988 742 2053 excessis.
821 1988 1156 2054 'Pontefois
1196 2008 1351 2052 mon
1388 1988 1724 2071 ‚intention
1766 1988 1935 2054 n'est
1971 2008 2090 2071 pas
2125 1988 2206 2053 de

249 2094 422 2139 vous
465 2071 925 2158 descourager,
990 2074 1157 2140 mais
1212 2073 1359 2157 plus
1417 2081 1551 2139 tost
1607 2072 1690 2138 de
1747 2095 1912 2139 vous
1956 2072 2207 2140 donner

250 2178 615 2241 esperanoe
679 2180 807 2242 que
850 2160 1023 2226 Dieu
1077 2168 1175 2226 est
1245 2167 1427 2243 prest
1481 2180 1523 2223 6
1562 2159 1855 2225 recevoir
1898 2181 1939 2225 a
1980 2180 2206 2245 mex-cy

249 2266 427 2312 ceux
465 2244 577 2328 qui
610 2253 950 2311 retornent
984 2266 1024 2311 a
1055 2245 1189 2332 luy.
1260 2244 1486 2325 Quant
1518 2264 1652 2309 661
1686 2253 2206 2312 16166661166666

249 2350 384 2414 666
420 2333 493 2415 Je
534 2352 701 2396 vous
743 2352 829 2415 ay
872 2332 1096 2398 faictes
1138 2329 1218 2397 de
1261 2350 1381 2396 166
1423 2331 1620 2408 vices,
1666 2330 1821 2396 c’est
1864 2351 2044 2398 assez
2082 2352 2207 2413 que

249 2425 487 2482 vostre
530 2416 653 2496 vie,
699 2418 812 2500 661
857 2436 942 2481 66
987 2436 1151 2484 vous
1205 2415 1390 2499 66611
1445 2417 1858 2482 16616166661
1899 2425 2207 2501 66661161

245 2522 386 2586 (166
431 2502 633 2568 honte
675 2512 743 2567 et
794 2503 1132 2586 666161116,
1199 2523 1390 2569 serve
1433 2523 1473 2568 a
1527 2502 1594 2568 la
1634 2501 1843 2586 gloire
1886 2502 1967 2567 de
2010 2504 2203 2583 Dieu‚

248 2588 603 2654 tellement
659 2609 785 2672 666
842 2610 1003 2654 vous
1055 2589 1192 2654 6166
1245 2587 1502 2671 dequoy
1554 2608 1720 2654 vous
1775 2588 2065 2673 glorifier
2122 2610 2204 2655 en

250 2673 378 2758 luy
418 2696 460 2739 6
503 2675 636 2740 1166
679 2673 870 2750 droit,
936 2682 1003 2740 et
1057 2695 1181 2758 666
1237 2694 1403 2739 vous
1462 2695 1546 2739 ne
1603 2673 1978 2757 pretendiez
2020 2675 2208 2757 point

249 2781 378 2826 666
419 2781 579 2825 6616
618 2781 659 2825 6
693 2761 943 2826 1666666
977 2762 1333 2841 enseignes.
1391 2758 1640 2825 Incitez
1677 2780 1843 2825 vous
1878 2758 2207 2844 doneques

248 2865 290 2910 6
355 2845 652 2912 recevoir
698 2846 1098 2930 jnstruotion
1155 2846 1236 2912 de
1271 2844 1446 2910 Dieu
1488 2865 1653 2928 pour
1695 2867 1860 2911 vous
1902 2845 2203 2930 reduyre.

249 2930 452 2998 Soiez
495 2932 642 3015 plus
686 2931 965 3016 diligens
1010 2953 1050 2997 a
1092 2932 1158 2996 16
1199 2932 1446 2997 1661616
1489 2940 1557 2997 61
1600 2931 1847 2997 6611166
1882 2933 2207 2999 616161666

250 3039 383 3101 666
449 3031 617 3084 vo'us
667 3022 893 3084 n’avez
950 3026 1104 3083 6616.
1189 3016 1388 3084 06166
1456 3016 1542 3081 du
1601 3017 1849 3082 millieu
1905 3017 1987 3084 de
2040 3039 2207 3085 vous

249 3112 481 3169 tontes
545 3102 918 3186 pollutione.
1006 3103 1242 3169 Portez
1301 3102 1455 3168 telle
1507 3123 1859 3169 reverence
1913 3125 1997 3170 66
2051 3124 2206 3170 6616

250 3188 336 3255 (16
382 3188 579 3267 Dieu‚
646 3209 772 3273 que
815 3210 979 3255 vous
1035 3189 1184 3255 n’en
1228 3189 1473 3273 parliez
1518 3190 1708 3255 sinon
1753 3211 1919 3273 pour
1962 3189 2207 3257 l’hono·

249 3296 382 3342 rer.
487 3274 634 3356 Que
691 3275 947 3341 chacun
1008 3276 1426 3341 s’entretiene
1481 3274 1892 3342 chastement
1947 3297 2031 3341 en
2087 3297 2206 3342 son

247 3381 588 3445 mesnage‚
649 3382 734 3426 66
793 3360 1089 3427 (1666661
1142 3361 1418 3428 6616666
1477 3361 1801 3444 suspition
1842 3362 2208 3428 maulvaise

251 3446 724 3532 d’jmpudicite.
834 3445 982 3528 Que
1048 3456 1269 3513 tontes
1333 3448 1589 3514 vanitez
1662 3459 1729 3512 et
1794 3447 2209 3515 dissolutione

254 3532 637 3600 ‘ndeoentes
702 3553 743 3597 a
795 3532 1178 3601 Chrestiens
1237 3533 1452 3599 soient
1503 3534 1940 3599 retranchees.
2029 3535 2210 3600 Pour

293 3620 409 3685 166
456 3617 824 3685 (1661661661
868 3620 964 3686 166
1006 3620 1260 3703 haynes
1303 3625 1371 3683 et
1414 3616 1664 3698 (1611616,
1709 3628 1885 3684 66166
1926 3620 2207 3703 premie-

250 3713 522 3771 rement
562 3706 660 3770 166
698 3724 952 3770 causes:
1030 3704 1209 3772 O’est
1251 3725 1378 3787 que
1420 3724 1582 3770 vous
1625 3705 1795 3770 66166
1838 3726 2083 3791 purgez
2128 3704 2208 3770 de

251 3799 445 3857 toute
467 3791 848 3856 desloiaulte
883 3799 948 3857 61
976 3792 1223 3856 1661166.
1292 3791 1384 3855 Et
1418 3810 1503 3854 66
1546 3799 1719 3855 16616
1754 3811 1880 3873 666
1913 3790 2209 3876 l'orgueil

251 3899 340 3943 66
387 3876 650 3944 domine
688 3878 875 3960 point
916 3885 1059 3942 tant
1101 3897 1226 3960 qne
1279 3875 1535 3942 6116666
1594 3876 1721 3940 1116
1765 3896 1805 3940 6
1848 3898 1984 3963 soy.
2073 3875 2209 3943 Sur

251 3970 405 4030 tout
465 3962 723 4029 advisez
775 3962 857 4028 de
913 3965 1089 4047 61161
1143 3962 1318 4027 Dieu
1372 3962 1529 4045 qu'il
1585 3961 1706 4046 luy
1761 3963 1966 4046 plaise
2023 3963 2208 4029 avoir

251 4049 422 4134 pitie
468 4048 548 4114 de
588 4069 775 4127 vous,
821 4057 966 4115 tant
1005 4070 1173 4133 pour
1227 4047 1549 4114 ensevelir
1605 4069 1722 4114 166
1778 4048 2017 4113 faultez
2058 4070 2207 4132 pas-

254 4156 425 4212 sees,
471 4155 596 4217 que
638 4156 805 4217 6661
844 4154 1012 4201 vous
1047 4135 1197 4225 bjen
1243 4134 1557 4199 reformet
1600 4142 1668 4198 61
1701 4133 1960 4199 16116116
1997 4156 2037 4199 6
2070 4155 2207 4219 soy.

254 4219 396 4286 Gar
431 4220 489 4304 jl
525 4219 695 4286 fault
738 4221 894 4304 qu'il
936 4243 983 4305 y
1018 4220 1349 4304 besongne
1395 4220 1475 4284 de
1517 4241 1591 4285 66
1642 4220 1842 4300 16616,
1906 4241 1992 4285 66
2027 4219 2085 4370 {l
2126 4240 2212 4306 ya

255 4305 514 4389 danger
555 4327 680 4389 666
716 4328 876 4372 vous
910 4328 994 4371 66
1029 4307 1199 4372 66166
1235 4326 1316 4371 66
1353 4306 1652 4390 exemplo
1686 4326 1726 4370 6
1760 4313 1908 4372 1666
1943 4328 2028 4372 66
2056 4314 2209 4385 1166,

254 4412 433 4475 pour
452 4402 781 4458 monstror
804 4413 930 4475 que
968 4413 1041 4458 66
1076 4396 1246 4458 6’661
1280 4393 1467 4476 66161
1501 4413 1638 4477 ung
1672 4391 1942 4457 maistre
1976 4390 2210 4475 auquel

254 4476 304 4542 il
368 4497 442 4543 66
495 4477 673 4544 faille
719 4480 928 4563 Jouer.
1014 4479 1109 4543 Et
1165 4478 1402 4563 gardez
1455 4476 1537 4542 de
1594 4498 1757 4544 vous
1812 4475 2118 4543 enduroir
2171 4499 2212 4543 a

256 4571 406 4630 cest
462 4562 1022 4645 advertissement,
1088 4562 1333 4647 depeur
1391 4562 1473 4628 de
1526 4564 1778 4630 16161161
1821 4585 1905 4629 66
1950 4562 2015 4629 16
2056 4584 2208 4630 666-

258 4650 646 4717 (1616661166
681 4649 762 4714 de
805 4668 969 4714 ceux
1010 4649 1121 4732 qui
1165 4671 1356 4733 apres
1400 4650 1582 4716 avoir
1615 4651 1854 4717 1616616
1886 4670 1963 4715 66
1996 4671 2207 4734 grace,

259 4748 385 4802 661
427 4736 669 4801 61161116
711 4734 772 4799 16
815 4736 923 4800 feu
981 4756 1148 4819 pour
1203 4758 1275 4801 66
1328 4755 1762 4801 66666161661.
1849 4735 2023 4801 Mais
2057 4735 2208 4819 j'es-

348 4842 419 4887 16
485 4821 708 4885 611661
773 4820 854 4886 de
916 4842 1101 4901 vous,
1166 4820 1459 4887 (16611661
1519 4823 1662 4887 6611
1726 4821 2067 4889 nouvelles
2123 4843 2209 4887 66

305 4906 448 4983 rief,
502 4923 754 4971 comme
799 4906 869 4989 je
921 4907 1058 4973 suis
1105 4907 1520 4972 maintenant
1565 4908 1895 4974 666111616.
1982 4908 2077 4972 Ε1
2128 4906 2208 4973 de

259 4990 399 5057 cela
431 4991 502 5074 je
545 4991 810 5076 prieray
851 5001 1075 5059 nostre
1131 4992 1258 5058 1166
1302 4992 1494 5067 Dion,
1558 4994 1622 5058 le
1679 4994 2014 5078 suppliant
2054 4993 2210 5077 qu'il

261 5097 346 5141 66
390 5085 720 5160 661166616
765 5078 951 5160 66161
993 5099 1118 5163 666
1160 5079 1225 5145 16
1267 5098 1459 5162 grace
1498 5078 1655 5162 qu'il
1699 5081 1877 5146 avoit
1917 5080 2081 5145 mise
2125 5100 2208 5145 en

262 5183 429 5229 vous
471 5165 595 5229 soit
640 5164 915 5230 66161616
960 5174 1027 5229 61
1070 5165 1389 5243 66666116,
1435 5174 1503 5229 61
1545 5166 1844 5232 666111166
1880 5186 2005 5249 666
2039 5184 2209 5234 vous

266 5250 436 5315 66166
499 5247 800 5329 (16611666,
878 5249 1036 5334 qu’il
1097 5271 1261 5317 vous
1324 5256 1620 5317 16616616
1682 5251 2022 5318 tellement
2083 5273 2210 5335 666

266 5355 429 5400 vous
471 5334 640 5401 66166
683 5358 933 5403 6616166
975 5336 1293 5402 161166616
1347 5334 1426 5403 de
1483 5357 1557 5403 66
1609 5337 1807 5403 116616
1843 5338 2097 5421 Jnfinie,
2144 5345 2210 5404 61

2082 429 2245 492 1562
2288 446 2340 493 6.
2385 426 2448 494 d.

4118 439 4247 503 614

2297 635 2428 699 666
2489 635 2611 699 661
2672 636 2746 682 66
2802 615 3018 681 166166
3081 637 3198 683 666
3261 638 3416 685 6616
3478 620 3608 687 6611
3669 620 3886 688 616116
3949 643 4036 689 66
4077 643 4245 691 vous

2299 701 2524 767 611661
2564 702 2724 785 qu'il
2765 721 2850 767 ne
2890 701 2993 767 fut
3025 703 3282 787 jamais.
3307 707 3366 784 ⁸)

3048 994 3493 1011 ψ

3169 1249 3361 1321 3891.

2669 1420 3311 1490 MORELLANUS
3338 1426 3391 1504 ¹)
3435 1421 3871 1493 GALV'INO.

2472 1607 2578 1677 De
2617 1609 2959 1691 disciplina
3014 1612 3354 1677 exercenda
3408 1617 3466 1677 et
3519 1612 3754 1679 iudicio
3806 1614 3885 1680 de
3931 1611 4245 1682 Gaisiano

2304 1693 2456 1762 duce
2512 1694 2592 1761 ab
2643 1696 2785 1777 ipso
2829 1696 3079 1780 prolato
3134 1717 3274 1763 cum
3320 1698 3577 1765 ducissa
3619 1697 4026 1766 Ferrariensi
4061 1700 4247 1768 verba

2303 1782 2517 1847 minus
2538 1782 2745 1848 amica
2764 1781 2926 1848 ultro
2957 1783 3232 1864 citroque
3264 1783 3431 1850 dicta
3462 1787 3642 1849 sunt.-
3674 1783 3904 1867 quibus
3923 1790 4247 1868 permota-s

2303 1867 2438 1932 iam
2479 1868 2802 1934 stationem
2842 1888 3025 1934 suam
3061 1868 3409 1952 relinquere
3450 1869 3638 1952 eupit.

2309 2055 2720 2125 (Anthenticum
2765 2056 2996 2110 habetur
3036 2057 3094 2110 16
3127 2056 3259 2114 Cod.
3295 2056 3497 2113 Genev.
3544 2055 3660 2123 109,
3709 2057 3800 2112 fol.
3843 2056 3948 2112 221
3997 2058 4117 2112 sine
4164 2058 4250 2114 in·

2842 2124 3134 2195 scriptione
3168 2131 3226 2180 61
3259 2125 3700 2195 subscriptione.)

2477 2311 2549 2379 S.
2595 2313 2745 2379 Etsi
2807 2321 2873 2380 16
2914 2313 3328 2397 gravioribus
3379 2334 3637 2397 semper
3695 2311 3930 2380 studiis
3971 2335 4128 2381 6666
4177 2335 4251 2380 a·

2306 2406 2453 2464 tum
2495 2408 2611 2464 aut
2652 2399 2878 2465 morbo
2931 2400 3326 2484 implicitum
3380 2420 3513 2465 non
3558 2399 3834 2466 libenter
3885 2400 4140 2483 1616166
4190 2422 4261 2482 6,

2305 2506 2393 2550 66
2427 2482 2514 2550 611
2550 2493 2840 2552 66616166
2874 2486 3207 2551 molestias
3229 2485 3392 2551 11666
3409 2506 3663 2569 666666
3698 2485 3980 2564 66661161,
4027 2496 4251 2553 161666

2306 2569 2432 2637 1166
2508 2577 2799 2654 16166616
2875 2571 3238 2638 6666666116
3317 2578 3385 2636 16
3469 2571 3817 2638 6611161616
3879 2571 4250 2638 faciendum

2308 2677 2451 2723 esse
2493 2655 2654 2723 duxi
2697 2654 2779 2721 de
2817 2676 2963 2722 meo
3019 2655 3459 2741 ecclesiaeque
3515 2676 3700 2724 16666
3756 2664 3951 2723 61616.
4041 2659 4104 2719 N
4107 2678 4253 2723 emo

2309 2754 2412 2807 661
2476 2744 2651 2808 66116
2715 2741 2889 2825 66611
2953 2762 3149 2825 66616
3212 2742 3440 2808 malim
3504 2742 3700 2809 officii
3759 2743 3889 2809 mei
3931 2743 4255 2810 rationem

2308 2836 2608 2894 66661616
2662 2849 2859 2912 66616
2914 2825 3089 2911 66611
3144 2833 3230 2906 16,
3296 2828 3485 2895 66166
3541 2827 3881 2894 6111666116
3922 2829 4256 2912 missuque

2310 2915 2723 2997 potissimum
2800 2913 2994 2980 huius
3071 2915 3289 2997 gregis
3360 2914 3886 2996 procurationem
3974 2915 4253 2999 6666661.

2311 2999 2509 3082 Quod
2553 3000 2610 3065 si
2652 2999 2881 3065 literae
2903 3018 3065 3082 6666
3088 2999 3172 3064 611
3214 3009 3281 3064 16
3324 2997 3559 3065 dabam
3605 3010 3758 3065 6616
3801 2999 4023 3067 decem
4068 3021 4256 3065 men-

2309 3105 2413 3152 ses
2478 3085 2754 3152 Niverni
2817 3085 3218 3167 interceptae
3279 3106 3412 3151 non
3479 3085 3757 3151 fuissent
3777 3136 3795 3164 ,
3871 3107 4007 3152 non
4085 3094 4258 3153 esset

2311 3179 2448 3236 tam
2489 3171 2619 3238 alte
2683 3169 3106 3254 repetendum
3167 3170 3563 3254 principium
3624 3170 3892 3236 huiusce
3936 3173 4258 3239 narratio·

2310 3257 2435 3323 nis.
2521 3256 2727 3323 Dabis
2768 3256 2972 3342 igitur
3025 3257 3286 3323 veniam
3341 3265 3409 3322 61
3451 3277 3658 3340 66666
3702 3257 3920 3323 661616
3961 3258 4257 3344 perleges

2309 3363 2476 3427 quae
2517 3343 2855 3426 scripsero.

2480 3429 2706 3512 Quum
2769 3428 3078 3495 Possiaco
3144 3426 3487 3494 rediissem
3505 3430 3565 3503 ²)
3647 3448 3822 3494 6666
3900 3430 4254 3511 666611616,

2310 3515 2593 3582 16611616
2638 3534 2789 3581 cum
2809 3514 3118 3597 Principe
3160 3520 3383 3580 nostra
3424 3514 3529 3597 egi
3562 3513 3643 3579 de
3666 3512 4009 3596 disciplina
4051 3513 4256 3581 eoele-

2308 3602 2588 3680 siastica‚
2633 3599 2744 3666 661
2785 3599 3278 3667 constituendae
3320 3600 3619 3666 volebam
3658 3599 4075 3665 autoritatem
4113 3601 4255 3666 6166

2309 3687 2734 3763 161616611616,
2789 3693 2866 3750 61
2909 3685 2966 3750 61
3009 3687 3154 3769 6616
3210 3687 3443 3769 iugum
3487 3685 3894 3762 detrectaret,
3939 3685 4114 3768 quod
4158 3687 4257 3751 fu-

2308 3782 2534 3840 turum
2578 3770 2955 3856 suspicabar
2988 3771 3060 3836 16
3096 3771 3262 3849 6616,
3309 3779 3716 3837 66616616161
3754 3771 3892 3836 6166
3926 3770 4254 3854 gravitate

2308 3859 2674 3926 insolentia.
2754 3857 2947 3940 Quod
2982 3878 3185 3940 quum
3227 3856 3505 3921 multum
3550 3856 3859 3939 probasse
3903 3855 4254 3938 videretur,

2309 3945 2669 4028 delegimus
2722 3943 3026 4010 diaconos
3083 3962 3157 4009 ac
3215 3941 3505 4008 seniores
3547 3940 3811 4024 aliquot,
3853 3940 4256 4026 feliciterque

2307 4029 2654 4116 procedere
2697 4029 3042 4096 videbatur
3081 4028 3435 4113 negotium,
3504 4025 3717 4110 quoad
3759 4025 4024 4110 quidam
4066 4028 4254 4093 fami-

2309 4116 2493 4183 liaris
2559 4114 3001 4198 deprehensus
3055 4115 3125 4180 in
3182 4123 3407 4198 stupro
3471 4113 3711 4179 citatus
3765 4122 3869 4179 661
3924 4113 4008 4179 611
4051 4113 4256 4180 66616-

2311 4205 2494 4269 61616.
2579 4201 2704 4267 1116
2748 4201 3187 4280 refractarius,
3233 4201 3354 4265 etsi
3397 4200 3723 4283 particeps
3765 4219 4003 4264 coenae
4047 4198 4255 4265 domi-

2312 4290 2497 4356 nicae
2538 4288 2773 4365 fuerat,
2817 4294 3038 4352 tamen
3081 4287 3382 4353 ferociter
3425 4294 3647 4351 nostra
3688 4284 3938 4351 monita
3969 4293 4259 4351 contem-

2311 4395 2497 4442 nere:
2544 4395 2665 4459 ego
2719 4382 2944 4438 666116
2998 4373 3246 4437 1661616
3300 4380 3377 4436 61
3418 4392 3489 4436 66
3531 4372 3815 4437 sisteret.
3904 4370 4073 4435 Tum
4118 4370 4258 4454 qui·

2312 4461 2465 4527 dam
2506 4481 2544 4525 e
2587 4458 2949 4525 senioribus
2990 4459 3178 4537 61616,
3226 4465 3412 4533 (6661
3468 4466 3693 4521 161666
3746 4477 3830 4521 ex
3873 4476 4041 4534 6166,
4100 4458 4254 4523 toti-

2310 4546 2463 4613 dem
2502 4544 2858 4629 oppidanos
2898 4541 3418 4628 institueramus)
3463 4542 3530 4608 id
3573 4540 3741 4625 quod
3778 4549 4003 4625 666166
4023 4540 4256 4626 depre-

2312 4631 2532 4710 hendi,
2589 4650 2823 4696 arcane
2880 4627 3053 4713 apud
3095 4628 3455 4695 Dominam
3508 4635 3804 4711 pastores
3859 4649 4085 4694 omnes
4127 4629 4255 4696 cri-

2308 4719 2604 4784 minatur
2685 4715 3026 4782 affectatae
3088 4716 3162 4781 in
3224 4713 3630 4782 nobilitatem
3692 4721 3893 4798 atque
3957 4714 4119 4783 adeo
4180 4716 4255 4782 in

2513 5009 2575 5074 3)
2613 5007 2756 5062 Bene
2787 5024 2825 5077 y
2860 5021 2898 5061 a
2924 5009 3028 5060 mis
3061 5006 3118 5059 la
3151 5006 3275 5060 date
3310 5004 3465 5059 1562.

2308 5078 2486 5133 8891.
2512 5078 2565 5143 1)
2607 5077 2699 5131 Sic
2728 5093 2833 5131 nos
2883 5090 2949 5129 eae
2984 5090 3135 5129 mera
3166 5072 3495 5129 coniectura.
3567 5072 3794 5129 06116161
3826 5074 4013 5128 salton·
4047 5087 4167 5125 oum
4201 5088 4259 5128 a.

2311 5146 2447 5202 1562
2488 5148 2551 5200 in
2588 5145 2781 5200 Monte
2813 5145 2955 5212 Argi
2987 5158 3077 5210 ap.
3118 5143 3388 5197 Renatam
3434 5142 3735 5198 ministerio
3776 5143 4024 5207 functum
4067 5141 4260 5220 ῇιίεεο.

2312 5217 2403 5271 De
2436 5216 2732 5283 disciplina
2766 5216 2927 5269 etiam
2961 5214 3024 5267 in
3056 5225 3176 5279 epp.
3213 5228 3282 5265 m.
3318 5211 3443 5264 Ian.
3479 5209 3616 5264 1563
3648 5210 3873 5278 scriptis
3904 5213 4120 5277 satamt,
4159 5210 4265 5266 etas·

2312 5288 2379 5343 dc
2402 5283 2624 5341 Bonam
2657 5285 2738 5339 ibi
2769 5284 2928 5338 aliter
2962 5282 3230 5350 loquatur,
3265 5283 3425 5334 etiam
3459 5285 3725 5349 quantum
3758 5278 3836 5332 ad
3867 5292 3955 5331 res
3988 5278 4265 5344 politicae.

2521 5353 2583 5423 2)
2613 5354 2710 5410 ubo·
2747 5352 3086 5409 Marsuam-s
3119 5349 3302 5417 adfuit
3333 5353 3463 5404 testo
3492 5346 3641 5403 Hist-
3677 5345 3799 5404 cccl.
3836 5345 3904 5401 11.
3940 5344 4060 5400 465.

3735 5429 3847 5486 39*
