4850 6117
247 408 344 471 361

242 596 530 676 augentur
569 590 808 672 copiac-
891 588 1054 655 Heri
1112 589 1377 655 demum
1420 609 1563 656 sese
1606 589 1945 655 nobiscum
1991 610 2142 654 con-

242 676 425 744 iunxit
488 673 883 751 Posidonium
971 676 1082 758 qui
1148 677 1401 741 utinam
1474 675 1668 740 citius
1745 673 2142 740 advenisset.

240 765 376 830 Grae
415 779 692 838 coenam,
750 761 1011 825 favente
1056 761 1218 838 Deo,
1267 760 1756 839 celebrabimus,
1800 760 2148 826 Andelotus

240 866 458 933 quoque
511 844 723 911 aderit
777 867 927 911 cum
983 868 1224 931 magna
1279 848 1489 928 turba,
1546 856 1612 911 et
1667 846 1826 912 alios
1870 844 2146 911 subinde

237 934 630 999 adventantes
673 932 1091 1016 excipiemus.
1148 933 1391 999 Hostes
1433 932 1659 999 relicto
1703 933 1772 997 in
1816 931 1978 997 urbe
2014 953 2147 996 non

236 1040 442 1104 magno
482 1016 819 1100 praesidio,
864 1019 935 1084 in
978 1018 1198 1084 aulam
1239 1017 1543 1085 abierunt
1559 1020 1619 1102 2)
1665 1015 1835 1100 quod
1878 1017 2146 1083 difficile

234 1126 344 1171 non
385 1113 515 1169 erat
558 1111 626 1168 et
666 1104 1035 1187 prospicere
1076 1114 1145 1170 et
1187 1104 1521 1188 impedire.
1632 1102 1769 1171 Sed
1812 1103 2002 1169 aliter
2044 1103 2146 1168 vi-

235 1212 357 1258 sum
396 1198 491 1256 est
531 1191 731 1255 certis
774 1188 854 1254 de
898 1190 1131 1269 causis,
1198 1211 1360 1274 quas
1405 1199 1627 1256 tamen
1671 1209 1795 1256 nec
1838 1189 2000 1255 satis
2043 1190 2146 1254 in-

234 1276 425 1360 telligo
475 1296 598 1342 nec
649 1275 866 1359 probo.
954 1273 1288 1356 Quorsum
1329 1296 1449 1359 pro
1530 1276 1738 1342 essuri
1782 1275 1988 1340 simus
2032 1274 2145 1339 ad‘-

233 1364 340 1428 huc
376 1362 697 1427 incertum
758 1382 899 1427 esse
952 1361 1162 1427 video.
1250 1361 1333 1427 In
1380 1384 1459 1427 ur
1580 1370 1870 1445 pergunt
1911 1361 2145 1426 fratres

231 1467 330 1514 suo
381 1467 579 1527 more,
605 1449 659 1524 ³)
741 1468 953 1530 neque
1015 1447 1321 1513 existimo
1386 1448 1609 1513 hostes
1674 1448 1800 1512 nisi
1873 1446 2146 1513 rescisso

230 1532 413 1600 edicto
453 1533 593 1598 vim
638 1544 931 1617 apertam
974 1531 1402 1599 adhibituros.
1493 1533 1751 1600 Nostris
1792 1531 1982 1600 video
2027 1553 2146 1598 nec

231 1619 490 1685 animum
534 1618 762 1685 deesse
806 1640 928 1685 nec
970 1619 1167 1698 vires,
1213 1619 1327 1685 sed
1371 1619 1739 1702 praeclaras
1772 1618 2146 1684 occasiones

229 1713 423 1772 nostra
463 1705 877 1771 cunctatione
918 1704 1055 1771 iam
1098 1707 1372 1771 amissas
1415 1726 1558 1771 esse
1593 1705 1954 1789 aegerrime
1987 1704 2144 1770 fero.

228 1790 437 1856 Parisii
485 1792 561 1857 in
619 1790 964 1857 collatione
1021 1792 1351 1873 pecuniae,
1395 1791 1696 1875 quamvis
1734 1791 1807 1856 in
1851 1801 2146 1856 extremo

229 1888 292 1941 ut
347 1875 517 1943 vides
657 1876 884 1957 riculo,
949 1896 1083 1942 non
1137 1888 1397 1943 tantum
1453 1876 1723 1962 frigidos
1780 1875 1897 1942 sed
1951 1876 2147 1960 plane

229 1963 400 2028 etiam
440 1983 551 2028 sor
601 1963 737 2029 ‘dos
780 1984 850 2028 se
893 1962 1226 2045 praebent.
1305 1964 1580 2031 Utinam
1624 1962 1735 2027 alii
1777 1965 1912 2028 sint
1955 1960 2147 2028 dissi-

228 2047 406 2126 miles,
462 2069 537 2115 ac
597 2050 798 2114 vestri
854 2050 1236 2131 praesertim
1296 2049 1513 2116 vicini.
1617 2047 1900 2132 Alioqui,
1961 2048 2019 2113 si
2074 2047 2147 2112 in

229 2144 496 2216 apertum
557 2133 803 2200 bellum
857 2134 986 2200 ista
1042 2135 1400 2218 eruperint,
1467 2155 1731 2201 neeesse
1785 2133 1986 2200 fuerit
2029 2154 2149 2199 nos

227 2218 463 2285 succisis
526 2221 755 2285 nervis
819 2219 1068 2287 collabi.
1166 2219 1293 2286 Sin
1355 2221 1605 2300 minus,
1651 2220 1782 2286 -isti
1838 2220 2148 2285 nimirum

227 2319 548 2388 apparatus
573 2306 646 2369 in
689 2306 905 2372 fumos
948 2303 1239 2384 abibunt,
1286 2308 1610 2389 tantisper
1652 2305 1807 2372 dum
1850 2326 2149 2371 exarma-

227 2400 309 2457 tos
345 2392 716 2476 opprimant
759 2390 1133 2471 adversarii,
1196 2393 1323 2459 nisi
1366 2393 1694 2458 Dominus
1735 2392 1998 2475 firangat
2042 2412 2149 2457 eo-

227 2499 351 2541 rum
384 2477 673 2544 consilia.
763 2478 1015 2544 Iul-iani
1028 2479 1086 2561 ⁴)
1129 2476 1471 2562 perfidiam
1513 2478 1674 2544 scito
1719 2478 1940 2544 omnia
1974 2489 2148 2543 vete-

225 2585 348 2627 rum
391 2563 692 2647 exempla
734 2584 1061 2647 superare.
1151 2565 1294 2648 Ego
1338 2566 1590 2630 interea
1631 2563 1789 2647 quid
1828 2585 2089 2648 agerem
2112 2562 2145 2625 ?

226 2671 406 2732 neque
448 2650 629 2714 enim
672 2648 836 2714 mihi
880 2648 1152 2714 dubium
1196 2659 1298 2716 est
1329 2652 1488 2734 quin
1523 2650 1630 2716 vel
1666 2650 1796 2716 iam
1831 2648 2145 2716 interclu-

226 2755 318 2800 sae
337 2735 465 2802 sint
485 2737 658 2815 viae,
701 2736 808 2799 vel
851 2755 1005 2801 mox
1048 2735 1590 2803 intercludantur.
1672 2736 1889 2820 Cogor
1929 2736 2148 2818 itaque

222 2841 334 2886 non
372 2829 632 2888 tantum
685 2828 1031 2905 spectator,
1096 2822 1210 2888 sed
1257 2823 1452 2888 etiam
1498 2830 1678 2888 actor
1720 2842 1864 2887 esse
1908 2821 2148 2886 tristis-

223 2906 401 2972 simae
443 2905 834 2992 tragoediae.
920 2906 1213 2975 Uxorem
1269 2909 1342 2973 in
1408 2908 1530 2973 hac
1572 2906 1735 2973 urbe
1753 2908 1811 2982 6)
1857 2905 2145 2989 deposui,

223 2989 401 3059 donec
462 2993 646 3058 aliud
703 2993 1049 3059 consilium
1107 2995 1380 3079 capiam.
1481 2991 1629 3075 Quo
1685 2992 1788 3058 die
1846 3014 1930 3058 ex
1981 2991 2147 3057 urbe

221 3077 619 3145 discessimus
660 3079 962 3164 Pompeii
996 3080 1371 3164 exemplum
1408 3080 1682 3163 sequuti,
1709 3079 2148 3145 Normandius

222 3161 454 3231 diverso
508 3167 744 3231 itinere
798 3185 877 3230 eo
933 3167 1137 3245 venit,
1213 3166 1382 3232 sicut
1424 3188 1508 3231 ex
1557 3165 1865 3232 Gimardo
1906 3166 1979 3229 in
2020 3163 2146 3230 hac

220 3250 362 3316 urbe
401 3252 701 3336 cognovi.
789 3250 898 3317 Ita
941 3253 1183 3319 factum
1224 3261 1300 3316 ut
1343 3253 1624 3318 amicum
1668 3271 1802 3315 non
1846 3248 2143 3327 viderim,

219 3356 390 3417 quem
445 3339 668 3403 nescio
720 3359 808 3402 an
863 3338 987 3403 sim
1046 3358 1336 3420 unquam
1379 3347 1778 3420 aspecturus,
1844 3337 2144 3419 quamvis

218 3420 444 3502 placeat
463 3422 705 3489 melius
727 3423 1022 3489 ominari.
1082 3422 1301 3489 Audio
1343 3423 1540 3488 etiam
1584 3424 1982 3507 interceptas
2004 3422 2147 3488 eius

220 3527 463 3588 merces,
551 3508 749 3592 culpa
792 3508 934 3575 eius
976 3509 1091 3593 qui
1133 3507 1549 3575 advehendas
1591 3522 1983 3591 susceperat,
2071 3515 2148 3573 ut

221 3593 314 3674 qui
355 3594 600 3678 aliquot
642 3595 961 3677 sclopetos
984 3608 1049 3661 et
1092 3594 1392 3660 nonnihil
1411 3593 1701 3678 pulveris
1736 3594 2147 3659 tormentarii

219 3678 394 3745 simul
448 3702 600 3748 cum
658 3681 843 3747 libris
886 3681 1241 3760 incluserit,
1264 3679 1317 3766 ⁶)
1403 3700 1524 3746 nec
1583 3701 1846 3763 possum
1890 3679 2144 3758 absens,

290 3950 303 3965 ³
400 3883 464 3951 2)
503 3888 564 3940 in
614 3884 1061 3941 Fontainebleau.
1133 3887 1334 3942 Hostes
1384 3886 1519 3942 dicit
1566 3885 1966 3942 Navem-renum.
2032 3885 2147 3955 (Of.

221 3949 366 4006 Mem.
399 3954 470 4008 de
508 3951 696 4010 Conde'
728 3955 834 4009 ΙΙΙ.
869 3953 987 4009 216.

398 4020 462 4091 3)
501 4023 752 4094 Lanquet
787 4025 821 4078 1.
859 4026 892 4078 1.
911 4044 930 4077 .-

218 4097 330 4143 sunt
361 4094 574 4147 clausae
609 4109 797 4148 omnes
831 4100 1040 4162 portae,
1077 4095 1319 4162 exceptis
1337 4099 1571 4162 quatuor
1604 4099 1701 4146 aut
1731 4093 1971 4162 quinque
2006 4109 2145 4162 quae

216 4164 381 4213 tamen
431 4163 597 4216 etiam
649 4162 926 4216 interdum
977 4162 1318 4231 clauduntur,
1369 4168 1427 4215 et
1478 4167 1606 4215 sunt
1655 4162 1897 4215 munitae
1948 4179 2004 4214 m
2112 4177 2146 4215 o

216 4225 433 4309 militum
467 4232 754 4298 praesidio,
789 4237 846 4283 et
877 4231 1125 4300 quotidie
1160 4231 1345 4298 plures
1379 4231 1794 4284 conscribuntur
1827 4231 1906 4283 ita
1941 4235 2004 4283 ut
2035 4248 2144 4283 iam

216 4308 382 4375 omma
430 4300 595 4353 armis
647 4305 1011 4369 perstrepant.
1083 4300 1272 4352 Nostri
1324 4306 1507 4352 tamen
1560 4299 1770 4352 interea
1812 4316 1923 4352 non
1974 4301 2144 4354 inter-

215 4367 427 4419 mlttunt
471 4385 593 4421 suas
640 4369 925 4422 conciones
971 4385 1072 4421 nec
1106 4369 1177 4420 ad
1213 4385 1304 4421 eas
1339 4369 1519 4422 minor
1564 4367 1854 4422 multitudo
1890 4368 2145 4424 convenit

216 4447 365 4499 quam
416 4442 592 4491 antea.
660 4437 952 4501 Nerui-rus,
1006 4436 1420 4499 Connestabilis,
1466 4437 1680 4491 Guisius
1732 4442 1791 4489 et
1841 4438 1931 4490 alii
1983 4438 2144 4492 rebus

216 4516 333 4581 pro·
358 4519 456 4558 suo
507 4506 733 4560 arbitrio
785 4506 872 4561 hic
922 4505 1232 4562 constitutis
1283 4506 1565 4575 petierunt
1606 4523 1639 4558 a
1674 4505 1755 4558 Re
1792 4507 1883 4559 ina
1926 4510 1989 4558 ut
2038 4505 2144 4559 huc

219 4578 422 4651 yemret
463 4574 832 4654 deliberatura
876 4592 996 4656 cum
1042 4575 1201 4645 ipsis,
1249 4576 1337 4656 vel
1371 4576 1555 4644 potius
1601 4591 1772 4643 appro
1810 4580 1969 4628 atura
2003 4591 2144 4644 quae

216 4643 1988 4778 252,&ammata“.150³t{2;¹3{.⁰335.2⁸⁸1505⁹x3..⁸31?.
2015 4659 2146 4765 323:

216 4774 336 4855 dere
369 4780 635 4833 rationem
662 4781 797 4851 Regi
833 4782 925 4835 ubi
960 4801 993 4836 a
1031 4783 1276 4837 oleverit.
1343 4785 1589 4863 Accepto
1622 4797 1688 4836 eo
1723 4797 1985 4849 responso
2019 4781 2147 4834 hinc

217 4843 570 4902 discesserunt
600 4848 671 4902 26
706 4849 760 4902 h.
798 4868 867 4904 m.
906 4857 960 4905 et
993 4858 1144 4905 recta
1178 4851 1248 4904 ad
1284 4851 1459 4904 aulam
1494 4856 1710 4904 iverunt
1743 4866 1884 4918 quae
1917 4851 2025 4903 iam
2061 4857 2147 4903 est

310 4931 489 4970 arcem
525 4918 967 4973 Fontainebleau.
1879 4967 1884 4973 .

408 4983 476 5191 4}
502 4986 841 5044 Nava-neni.

1007 4043 1043 4077 n
1090 4025 1190 4076 hac
1225 4025 1360 4078 urbe
1408 4024 1694 4078 admodum
1747 4024 2055 4093 trepidatur
2091 4030 2146 4076 et

408 5055 446 5107 5
505 5056 721 5112 Meldis.
1383 5092 1386 5095 -

414 5121 448 5176 6
509 5125 770 5181 Fortasse
822 5126 924 5180 huc
975 5130 1218 5194 spectum
1261 5140 1401 5194 quae
1451 5125 1639 5179 sev-wit
1690 5122 2050 5192 chantonmy
2093 5122 2147 5175 d.

223 5184 296 5240 24.
331 5189 554 5246 Martii.-
607 5195 686 5248 Le
731 5195 859 5264 jour
905 5211 1011 5263 que
1060 5195 1113 5248 le
1149 5194 1346 5249 Prinee
1391 5193 1460 5246 de
1498 5192 1720 5263 Condey
1757 5193 1930 5261 partit
1973 5191 2014 5245 il
2064 5192 2148 5244 fut

225 5259 324 5322 Pfis
358 5277 469 5329 ung
500 5265 694 5317 bateau
729 5264 926 5332 auquel
960 5263 1064 5317 l’on
1102 5263 1271 5332 saisyt
1303 5277 1424 5315 seze
1459 5261 1661 5330 grandz
1696 5266 1934 5315 toneaux
2007 5260 2146 5314 lains

225 5322 283 5378 de
315 5329 558 5395 pistoletz
595 5348 651 5386 et
686 5333 754 5387 de
789 5333 1132 5401 haquebuzes
1167 5339 1260 5387 etc.
1307 5331 1500 5395 (Mem.
1538 5330 1603 5385 de
1641 5327 1826 5387 Gonde'
1858 5330 1930 5384 11.
1966 5275 2073 5396 59.)

1953 401 2113 462 1562
2160 400 2441 467 MART.

4060 397 4185 457 362

2244 612 2316 654 re
2362 608 2614 671 quoque
2650 585 2811 651 mihi
2848 605 2981 651 non
3015 587 3172 650 satis
3206 584 3488 670 cognita,
3532 583 3720 649 illum
3756 584 3998 648 iuvare.
4080 582 4189 646 Ad

2243 674 2404 741 haec
2446 672 2620 739 mala
2662 681 2728 738 et
2766 671 2935 737 illud
2979 669 3244 749 accedit,
3323 667 3497 754 quod
3540 667 3845 753 deinceps
3886 687 4010 734 nec
4051 676 4189 732 tam

2244 780 2438 844 saepe
2479 781 2602 826 nec
2641 758 2800 824 satis
2856 765 2997 823 tuto
3058 756 3302 841 poteris
3358 777 3398 821 a
3439 776 3545 820 me
3586 752 3668 820 de
3708 754 3904 820 rebus
3948 754 4191 819 nostris

2246 845 2482 912 certior
2523 845 2687 910 fieri.
2777 842 2911 910 Sed
2956 854 3175 908 tamen
3222 844 3511 907 intentus
3554 862 3665 907 ero
3707 842 3779 904 in
3822 860 4046 904 omnes
4081 859 4188 904 oc·-

2245 932 2555 1011 casiones,
2598 951 2721 996 nec
2762 928 2969 994 ullam
3013 929 3198 994 facile
3239 927 3775 1012 praetermittam.
3834 926 4186 991 Caeterum

2244 1018 2506 1084 obsecro
2551 1025 2636 1098 te,
2678 1015 2772 1081 mi
2811 1020 3019 1100 pater,
3058 1035 3144 1079 ne
3186 1022 3254 1080 te
3296 1014 3573 1079 moerori
3617 1012 3847 1078 dedas:
3916 1012 4079 1076 vivit
4114 1010 4187 1075 in

2244 1104 2441 1170 coelis
2486 1102 2598 1186 qui
2640 1101 2923 1185 quotidie
2967 1123 3050 1167 ex
3107 1100 3341 1166 mediis
3401 1099 3896 1182 tempestatibus
3938 1097 4188 1164 sereni-

2244 1199 2451 1256 tatem
2492 1187 2684 1264 elicit,
2730 1196 2796 1253 et
2837 1208 2959 1253 nos
3000 1187 3225 1270 procul
3272 1184 3466 1253 dnbio
3509 1183 3815 1251 tuebitur.
3897 1182 4188 1267 Amplis-

2245 1276 2411 1342 simo
2454 1274 2730 1352 senatui,
2774 1272 3055 1356 collegis,
3100 1272 3348 1350 amicis,
3391 1272 3515 1336 toti
3556 1269 3837 1353 denique
3880 1268 4189 1335 ecclesiae

2245 1361 2519 1428 multam
2583 1358 2858 1425 salutem
2912 1378 3161 1442 precor.
3250 1355 3579 1423 Dominus
3634 1354 3822 1421 Iesus
3860 1366 3928 1419 te
3973 1362 4188 1421 servet

2246 1447 2657 1525 incolumem,
2702 1447 2795 1509 mi
2828 1452 3033 1527 pater,
3079 1455 3148 1509 et
3181 1464 3406 1528 preces
3441 1452 3587 1508 tuas
3620 1438 3942 1507 exaudiat.
4026 1439 4187 1506 Mel-

2247 1532 2350 1599 dis
2388 1531 2600 1617 pridie
2637 1530 2950 1598 Paschae.
2972 1532 3028 1610 ⁷)

3601 1665 3785 1729 Tuus
3822 1664 4018 1729 Beza.

3125 2213 3321 2283 3756.

2396 2357 2827 2439 L’EGLISE
2898 2370 3023 2435 DE
3091 2351 3782 2434 MONTE’LIMAR'P
3845 2363 4047 2433 AUX

2655 2469 3161 2540 MINISTRES
3205 2471 3334 2537 DE
3381 2455 3783 2537 GENEVE.

2421 2645 2746 2712 Demande
2785 2644 2863 2710 de
2886 2649 3171 2726 pascent.

2251 2818 2638 2890 (Autographe
2673 2818 2743 2871 de
2778 2819 2833 2871 la
2856 2815 3243 2885 Bibliotheque
3274 2815 3341 2869 de
3360 2812 3595 2869 Geneve.
3636 2814 3752 2867 Vol.
3797 2812 3917 2881 196,
3950 2814 4041 2868 rol.
4082 2812 4196 2881 30.)

2421 2992 2485 3055 A
2529 3011 2649 3055 noz
2704 2990 3044 3073 seigneurs
3097 2998 3164 3053 et
3216 3007 3403 3071 peres
3447 2987 3806 3053 Messieurs
3850 2985 4085 3052 Calvin
4127 2996 4195 3051 et

2498 3086 2716 3141 autres
2760 3075 3090 3140 ministres
3133 3073 3222 3139 du
3268 3075 3479 3139 sainct
3522 3071 4005 3223 evanigeeileve

2778 3333 2971 3400 Salut
3013 3353 3134 3418 par
3176 3333 3224 3399 J
3224 3354 3374 3398 esus
3418 3331 3665 3397 Christ.

2420 3472 2585 3537 Tres
2627 3473 2956 3537 honnorez
3000 3470 3337 3555 seigneurs
3378 3476 3447 3535 et
3489 3489 3694 3552 peres.
3786 3467 4195 3532 Laccroisse-

2249 3567 2431 3623 ment
2473 3558 2610 3643 quil
2666 3557 2862 3639 plaist
2904 3577 2943 3621 a
2986 3565 3210 3621 nostre
3255 3556 3377 3621 bon
3422 3555 3598 3620 Dieu
3652 3554 3815 3618 faire
3860 3551 3973 3617 des
4017 3551 4192 3617 siens

2247 3647 2354 3730 icy
2397 3664 2482 3709 en
2526 3654 2662 3711 cest
2704 3643 2943 3727 esglize
2966 3640 3017 3728 ¹)
3060 3649 3128 3707 et
3170 3643 3313 3707 leur
3355 3640 3568 3726 grand
3612 3639 3927 3707 necessite
3969 3636 4194 3701 davoir

2249 3752 2518 3797 encores
2598 3737 2780 3796 autre
2857 3729 3156 3794 ministre
3220 3749 3384 3795 nous
3448 3747 3489 3790 a
3553 3726 3946 3792 contrainctz
4009 3722 4194 3787 Vous

2295 3817 2428 3882 rier
2470 3837 2637 3881 nous
2681 3815 2933 3880 donner
2975 3815 3320 3881 Monsieur
3364 3811 3670 3895 Parquon
3688 3813 3742 3893 2)
3788 3810 3898 3892 qui
3944 3818 4043 3874 est
4076 3811 4193 3894 jcy

2248 3838 2402 3967 Eien
2447 3901 2657 3967 desire
2702 3910 2768 3966 et
2809 3901 3043 3984 requis.
3133 3898 3387 3983 Lequel
3440 3895 3759 3981 cuydions
3804 3916 3967 3960 nous
4011 3895 4192 3959 avoir

2250 3997 2387 4055 este
2432 3987 2702 4054 accorde
2745 3995 2812 4053 et
2853 3986 2988 4070 quil
3034 3987 3231 4052 seroit
3265 3988 3378 4069 ch
3420 4004 3460 4048 a
3501 4003 3608 4049 ces
3652 4001 3959 4064 pasques:
4027 3981 4192 4044 mais

2248 4082 2470 4140 estans
2511 4076 2790 4139 frustrer.
2833 4072 2912 4138 de
2947 4081 3169 4138 nostre
3213 4079 3479 4148 attante,
3526 4089 3687 4133 vous
3708 4067 3965 4151 prirons
3999 4088 4191 4131 enco-

2247 4181 2356 4225 res
2410 4161 2491 4225 de
2546 4159 2773 4226 rechef
2820 4180 2904 4224 au
2958 4178 3113 4223 nom
3170 4157 3248 4220 de
3292 4156 3465 4220 Dieu
3510 4175 3677 4218 nous
3720 4153 3880 4217 faire
3924 4173 3997 4217 ce
4040 4152 4191 4216 bien

2248 4267 2440 4330 apres
2484 4256 2635 4311 tant
2673 4244 2937 4311 dautres
2980 4263 3272 4327 quavons
3339 4260 3529 4305 receu
3576 4239 3656 4304 de
3698 4248 3919 4304 vostre
3964 4237 4191 4322 benig-

2247 4333 2384 4398 nite
2429 4332 2510 4398 de
2553 4331 2718 4397 faire
2760 4352 2885 4415 que
2927 4351 3048 4395 son
3091 4348 3300 4411 envoy
3337 4329 3453 4410 jcy
3499 4334 3613 4410 ayt
3653 4324 3787 4389 lieu
3830 4334 3897 4387 et
3939 4332 4113 4389 sorte
4152 4344 4193 4387 a

2246 4419 2467 4485 effect:
2513 4420 2644 4483 afin
2692 4438 2815 4501 que
2857 4417 2920 4481 le
2963 4424 3323 4498 trouppeau
3367 4412 3479 4494 qui
3523 4421 3623 4475 est
3662 4408 3871 4495 grand
3916 4422 3982 4474 et
4008 4412 4193 4493 jour-

2245 4505 2606 4571 nellement
2628 4502 2796 4568 Dieu
2822 4499 3432 4585 miraculeusement
3460 4506 3809 4579 augmente
3842 4495 3970 4561 soit
3990 4516 4192 4578 repeu

2245 4842 2429 4927 3766.
2450 4776 2516 4913 ⁷13
2547 4775 3131 4925 &ffiiaflgiiss‘ff'ana
3201 4839 3367 4924 142.
3406 4843 3555 4894 Aost,
3596 4838 3729 4893 1562
3775 4841 3830 4892 ι..
3861 4838 4190 4907 compagum

2245 4920 2395 4968 avait
2427 4930 2662 4983 propose
2694 4913 2732 4969 a
2763 4907 2796 4966 1’
2867 4915 2963 4967 lise
2997 4909 3459 4993 tle-Montehmart
3490 4907 3634 4963 deux
3667 4914 3919 4989 pasteurs
3950 4909 4048 4961 des
4082 4916 4189 4961 ter-

2246 4998 2335 5037 res
2369 4983 2440 5036 de
2476 4983 2673 5049 Boi-ne,
2709 4983 2851 5036 Matt
2890 5023 2903 5034 .
2939 4981 3147 5036 Olivier
3190 4987 3249 5034 et
3281 4978 3475 5034 Pierre
3514 4977 3731 5059 Hostet,
3777 4994 3914 5031 mais
3960 4977 4065 5030 elle
4110 4976 4189 5028 les

2247 5052 2428 5104 refusa
2474 5052 2526 5104 le
2564 5049 2631 5103 10
2666 5068 2835 5120 „pour
2862 5057 3031 5104 ¹estre
3080 5049 3323 5105 fauteurs
3369 5049 3439 5103 de
3491 5053 3761 5102 certames
3815 5061 4039 5101 err-eurs-
4083 5062 4187 5111 que

2245 5137 2381 5174 nous
2416 5121 2765 5174 abominons“
2803 5118 3072 5187 (Af-nand
3101 5118 3146 5173 1.
3180 5117 3293 5186 82).

2454 5189 2513 5250 2)
2555 5188 2637 5243 Μ.
2675 5189 2916 5244 Arnaud
2960 5189 3017 5256 (1.
3052 5188 3125 5257 c.)
3167 5188 3257 5243 lit.-
3303 5186 3535 5257 Fulgon,
3581 5189 3632 5240 et
3676 5184 3760 5239 ait
3875 5183 3935 5236 ’a
3976 5181 4066 5246 tut
4097 5194 4186 5232 ac·

2248 5254 2424 5313 corde'.
2479 5257 2538 5313 11
2568 5265 2754 5382 εἵσατο
2784 5258 2952 5329 qu’au
2984 5258 3041 5313 6.-
3059 5258 3223 5312 Mars
3258 5254 3391 5311 1562
3425 5272 3497 5311 on
3532 5260 3722 5310 trouve
3755 5254 3793 5308 ὰ
4004 5249 4189 5304 ltmart

2250 5329 2299 5381 ze
2324 5332 2554 5397 pestem
2645 5330 2767 5384 ouis
2803 5327 2880 5383 du
2926 5328 3160 5397 Verqier.
