4850 6117
251 435 366 493 441
2062 433 2225 496 1562
2268 429 2453 499 IUN.
4109 435 4233 497 442

247 617 394 701 plus
435 638 631 701 quam
675 616 974 697 maiores,
1020 628 1086 684 01
1127 627 1440 702 quotquot
1481 618 1661 685 mille
1706 624 1772 684 et
1816 620 2192 705 quingentis

251 711 440 769 antea
481 704 673 769 annis
733 705 1036 782 vixerint,
1094 706 1274 784 sciat,
1320 704 1563 786 videat,
1606 706 1961 789 intelligat:
2007 704 2191 770 deni-

249 810 364 873 que
396 796 619 871 patres
654 796 908 856 nostros
949 789 1268 857 idolorum
1303 790 1602 868 cultores,
1646 788 1781 878 [fol.
1831 796 1899 871 5)
1936 790 2193 858 delusos

248 884 737 958 consecutosque
788 875 1010 957 fuisse,
1055 898 1126 942 sc
1167 898 1401 942 verum
1446 876 1700 944 Christi
1741 877 1987 943 cultum
2035 897 2192 960 quo-

248 960 391 1026 dam
451 960 676 1027 divino
732 961 968 1046 spiritu
1026 963 1439 1048 cognovisse:
1499 972 1757 1029 nostros
1814 963 2189 1046 Episcopus,

245 1047 643 1130 impostores,
696 1047 1217 1126 cacodaemonas,
1272 1049 1693 1115 antichristos
1736 1056 1805 1112 et
1847 1048 2191 1115 scelerato-

244 1152 386 1197 rum
441 1132 643 1199 duces
696 1134 928 1199 fuisse:
988 1155 1158 1213 suos,
1203 1134 1450 1200 Christi
1509 1136 1801 1214 nuncios,
1847 1134 2189 1218 apostolos,

246 1217 535 1284 doctores
579 1219 734 1284 fore.
822 1218 1008 1286 Haec
1108 1221 1394 1286 raefatus
1438 1221 1763 1304 significat
1806 1222 2005 1285 etiam
2049 1240 2191 1287 sese

244 1302 498 1388 asylum
562 1305 633 1369 in
687 1304 1004 1389 proximis
1047 1242 1306 1373 (galliae
1359 1307 1603 1373 finibus
1657 1307 2072 1373 constituisse
2114 1326 2190 1374 ac

242 1390 618 1469 munivisse,
677 1390 760 1456 ad
805 1391 975 1474 quod
1024 1392 1268 1472 exules,
1315 1392 1628 1472 damnat-i,
1673 1392 2076 1476 aborigenes,
2122 1400 2190 1458 et

242 1476 527 1542 omnium
600 1474 903 1542 ordinum
958 1478 1381 1562 gentiumque
1436 1477 1669 1562 perditi
1732 1498 1807 1544 ac
1872 1477 2188 1561 deplorati

241 1583 465 1647 greges
516 1562 658 1627 suis
719 1561 959 1630 finibus
1016 1562 1303 1648 ablegati
1355 1564 1755 1648 confugiant,
1815 1572 1882 1629 et
1934 1564 2008 1629 in
2061 1585 2188 1647 quo

240 1660 549 1732 tanquam
610 1649 680 1713 in
745 1649 1072 1715 tutissimo
1128 1656 1324 1734 portu
1388 1650 1640 1733 placide
1706 1651 2184 1733 conquiescant.

240 1731 491 1799 Deinde
555 1744 631 1800 ut
693 1735 890 1801 latius
953 1735 1127 1802 iacta
1192 1735 1491 1801 factionis
1547 1756 1701 1802 suas
1759 1734 2189 1801 fundamenta

237 1828 633 1903 promoveat,
667 1821 1017 1886 vorborum
1060 1820 1403 1901 illecebris,
1436 1821 1668 1904 quibus
1711 1829 1813 1887 est
1844 1822 2190 1905 insigniter

237 1905 596 1972 instructus
639 1905 720 1971 ad
763 1907 1310 1989 persuadendum,
1357 1927 1498 1972 sese
1542 1905 1625 1972 ad
1666 1905 2188 1992 impugnandam

235 2002 523 2057 veterem
568 1992 833 2076 pietatis
876 1993 1174 2076 regulam
1217 2005 1587 2076 comparat:
1634 1991 1718 2057 ab
1752 2012 1832 2058 sa
1874 1992 2186 2077 populum

236 2077 438 2144 modis
477 2077 782 2143 omnibus
824 2078 1125 2158 alienare,
1164 2087 1232 2145 et
1266 2077 1349 2143 ab
1382 2079 1691 2145 ecclcsiae
1726 2079 1977 2163 gremio
2011 2078 2187 2145 avel-

236 2163 396 2229 lere:
442 2172 673 2230 contra
715 2184 901 2230 suam
947 2164 1445 2231 sanctimoniam
1490 2173 1557 2229 et
1599 2165 2038 2249 integritatem
2084 2184 2187 2230 os·

237 2256 505 2328 tentare,
554 2249 918 2316 doctrinam
960 2250 1355 2334 praedicare,
1401 2272 1519 2316 sua
1562 2261 1891 2335 postremo
1935 2251 2189 2316 somnia

237 2334 663 2414 introducere,
732 2356 852 2402 sua
915 2344 1284 2403 commenta
1339 2336 1657 2420 probabili
1722 2345 1788 2402 01
1855 2335 2187 2419 plausibili

237 2421 377 2486 fuco
419 2441 766 2501 exornare,
812 2431 877 2486 et
922 2443 1114 2505 quam
1157 2422 1537 2508 longissime
1578 2423 1649 2487 in
1693 2442 1921 2487 omnes
1958 2420 2185 2488 Chris-

237 2507 393 2573 tiani
436 2508 615 2574 orbis
658 2507 956 2593 regiones
995 2507 1421 2574 disseminare
1455 2517 1744 2575 conatur.
1825 2506 2004 2588 Quid
2041 2527 2186 2591 pos-

240 2592 381 2659 tea?
425 2593 643 2659 dicam
696 2593 984 2660 breviter
1038 2593 1194 2676 quid
1240 2595 1440 2660 astuti
1485 2601 1553 2659 et
1595 2594 1767 2660 calvi
1809 2593 2185 2676 impostoris

238 2679 470 2764 scripta
538 2679 895 2758 effecerint,
957 2678 1065 2745 vel
1120 2680 1338 2764 potius
1395 2700 1590 2763 qnam
1639 2679 1883 2745 multos
1928 2698 2182 2745 veneno

237 2765 597 2832 infecerint.
700 2764 954 2831 Vereor
1017 2766 1192 2831 enim
1250 2789 1334 2833 ne
1388 2767 1443 2831 si
1500 2765 1827 2850 permulta
1881 2763 1960 2830 de
2004 2764 2182 2831 hisce

237 2851 428 2917 rebus
484 2849 720 2930 dicam,
777 2849 1023 2934 pudeat
1064 2871 1172 2918 me
1224 2852 1305 2917 de
1346 2851 1617 2918 levitate
1660 2859 1923 2918 nostrae
1966 2850 2182 2936 gentis

237 2937 547 3017 confiteri,
605 2936 779 3021 apud
836 2959 1030 3021 quam
1087 2936 1238 3021 plus
1294 2936 1621 3004 interdum
1678 2938 1875 3003 unius
1918 2935 2183 3003 Calvini

239 3023 466 3107 opinio,
514 3042 714 3106 quam
748 3026 1070 3089 maiorum
1112 3023 1421 3106 probitas,
1458 3044 1657 3108 quam
1693 3024 1985 3089 omnium
2032 3021 2181 3089 doc·

239 3116 446 3174 torum
490 3129 869 3189 consensus,
926 3130 1121 3193 quam
1165 3110 1497 3178 Ecclesiae
1554 3108 1936 3189 authoritas,
1982 3129 2181 3193 quam

237 3194 480 3262 Ohristi
540 3193 870 3274 mandata,
930 3216 1127 3278 quam
1191 3204 1290 3262 tot
1353 3196 1592 3263 seculis
1647 3203 1868 3280 1019110
1923 3195 2181 3281 populis

348 3282 500 3347 bata
544 3280 819 3347 vivendi
861 3290 1041 3348 recta
1083 3280 1483 3349 consuetudo
1533 3281 1819 3349 valuisse
1859 3280 2177 3347 videatur.

326 3388 408 3451 go
439 3366 832 3452 prodigiosis
890 3368 1156 3433 omnino
1206 3369 1624 3450 opinionibus
1665 3368 2004 3451 imperitos
2045 3366 2181 3451 pri-

237 3472 410 3518 mum
454 3452 901 3519 adolescentes
936 3454 1008 3518 in
1028 3453 1310 3537 publicis
1333 3453 1898 3538 Iurisprudentiae
1942 3452 2183 3520 scholis

237 3547 563 3623 vagantes,
623 3546 693 3605 et
748 3539 1042 3605 civilium
1098 3537 1593 3624 disciplinarum
1652 3538 2035 3605 difficultate
2081 3560 2183 3604 re-

239 3623 522 3691 tardatos
565 3624 818 3703 imbuit,
864 3624 943 3689 ad
989 3628 1541 3709 contemptionem
1583 3623 1995 3691 sacerdotum
2040 3623 2183 3689 dira

237 3710 699 3777 obtrectatione
754 3711 1053 3795 impellit,
1100 3721 1166 3776 et
1209 3709 1522 3778 adversus
1562 3732 1821 3776 omnem
1865 3712 2182 3777 rationem

237 3797 705 3880 veritatemque
740 3817 875 3862 una
908 3796 1314 3881 impudentia
1349 3806 1593 3863 armat:
1629 3796 1889 3879 quidvis
1926 3794 2184 3863 dicendi

242 3891 302 3946 et
342 3881 671 3948 scribendi
734 3881 1100 3949 libertatem
1146 3882 1598 3967 licentiamque
1651 3881 1976 3948 concedit:
2045 3902 2184 3946 ma-

241 3966 438 4033 iorum
509 3969 687 4053 leges
751 3969 891 4052 ipse
955 3968 1320 4047 labefactat,
1381 3978 1447 4036 01
1511 3968 1593 4034 ad
1651 3989 1934 4034 errorem
1991 3988 2184 4033 suum

241 4053 782 4121 corroborandum
818 4055 1088 4138 prolatis
1134 4056 1475 4139 citatisque
1519 4053 1633 4120 sed
1678 4053 1929 4120 detorte
1973 4063 2037 4119 st
2074 4053 2186 4119 de-

241 4149 505 4221 pravate
582 4141 786 4207 sacris
850 4140 1059 4207 literis
1125 4141 1433 4206 abutitur.
1545 4140 1743 4206 Enim
1809 4160 1966 4205 vero
2038 4160 2184 4206 cum

241 4226 422 4291 multi
464 4246 507 4290 a
550 4247 728 4291 more
773 4247 966 4310 quem
1013 4235 1417 4311 acceperant,
1454 4235 1519 4293 et
1561 4225 1645 4291 ab
1689 4226 2003 4292 institutis
2047 4247 2186 4292 ma·

242 4310 440 4377 iorum
481 4313 555 4376 in
590 4333 755 4396 quae
789 4314 1192 4392 iuraverant,
1230 4314 1534 4380 recedere
1570 4332 1691 4377 nec
1736 4313 1878 4377 sine
1913 4311 2188 4396 perfidia

243 4416 437 4480 posse,
483 4419 606 4464 1100
659 4399 801 4464 01110
859 4399 1194 4482 impietate
1239 4422 1309 4465 se
1364 4399 1532 4466 velle
1576 4399 1812 4463 debere
1854 4399 2186 4463 existima-

243 4492 398 4563 rent,
442 4493 674 4549 contra
717 4484 782 4549 id
827 4507 959 4550 non
1004 4483 1195 4551 modo
1229 4486 1558 4569 integrum
1606 4505 1748 4550 esse
1793 4484 2034 4563 scribit,
2072 4481 2186 4549 sed

245 4565 603 4647 honestum,
661 4570 778 4636 sed
840 4572 1039 4653 pium,
1107 4569 1223 4636 sed
1281 4572 1566 4637 salutare
1625 4571 1988 4637 confirmat.
2080 4570 2188 4634 Ex

246 4674 363 4737 quo
419 4654 673 4734 accidit,
732 4664 807 4721 ut
862 4657 918 4721 si
970 4678 1099 4740 qua
1142 4678 1340 4741 pecus
1400 4657 1691 4724 scabiosa
1730 4662 1798 4721 et
1840 4656 1911 4720 in
1954 4676 2186 4721 coeno-

246 4739 380 4820 biis,
423 4750 493 4806 et
534 4742 605 4806 in
648 4742 919 4822 iudiciis,
958 4752 1024 4807 et
1057 4743 1127 4807 in
1171 4744 1440 4810 urbibus
1477 4744 1726 4809 secerni
1750 4761 1791 4806 a
1810 4761 2029 4826 grege,
2067 4763 2186 4807 nec

248 4829 472 4905 sanari,
519 4828 633 4893 sed
677 4829 746 4892 in
791 4851 910 4894 sua
955 4828 1062 4894 lue
1106 4828 1497 4907 sordescere,
1544 4828 1922 4910 cunctisque
1967 4828 2186 4893 obser-

249 4914 502 4979 vantiae
570 4912 701 5001 [fol.
751 4917 788 4978 6
889 4936 963 4980 ac
1023 4916 1382 4981 honestatis
1448 4914 1701 5000 legibus
1765 4913 1928 4979 solvi
1987 4912 2188 4977 vellet

249 4999 546 5065 continuo
591 5000 659 5065 in
704 4999 758 5065 O
827 5002 967 5067 vini
1018 5000 1451 5080 Academiam,
1498 5000 1601 5067 vel
1648 5000 1865 5084 potius
1911 4998 1982 5063 in
2025 4998 2186 5081 Epi-

250 5085 378 5148 curi
431 5086 677 5166 hortos,
732 5086 846 5152 ubi
911 5088 1191 5170 turpiter
1257 5088 1684 5161 volutaretur,
1738 5094 1804 5149 01
1867 5084 2185 5168 intempe-

250 5180 461 5237 ranter
516 5171 1034 5255 voluptuaretur,
1100 5172 1549 5239 lubentissime
1606 5171 1927 5238 deficeret.
2016 5170 2188 5236 Eam

253 5256 556 5323 rationem
611 5259 924 5342 magister
967 5257 1347 5325 Theodorus
1398 5259 1576 5325 Beza
1629 5258 1840 5336 inivit,
1901 5267 1974 5321 ut
2025 5277 2185 5340 quo·

253 5341 417 5407 niam
455 5344 775 5425 Lutetiae,
835 5347 946 5412 ubi
1003 5343 1200 5429 lippis
1258 5353 1324 5411 et
1380 5341 1766 5422 tonsoribus,
1822 5348 1890 5408 et
1931 5342 2188 5410 lanistis

2294 630 2361 684 et
2432 617 2833 704 ganeonibus
2900 628 3042 686 erat
3099 619 3400 703 inprimis
3455 620 3753 705 cognitus
3778 673 3794 697 ,
3857 642 4235 704 summoque

2291 705 2574 788 egregiis
2608 707 3075 771 scortationum
3120 713 3189 770 et
3221 705 3528 771 ludorum
3561 705 3798 790 palmis
3834 705 4233 789 nobilitatus,

2292 789 2678 869 Candidam,
2705 794 2763 868 ⁸)
2826 812 3020 874 quam
3073 790 3330 875 perdite
3385 790 3736 875 deperibat,
3795 792 3937 858 sine
4001 791 4235 875 probro

2289 876 2707 960 periculoque
2772 876 3112 956 abducere,
3177 885 3245 941 et
3307 876 3721 954 creditorum,
3788 877 4019 961 quibus
4084 899 4234 946 aere

2289 962 2640 1029 obstrictus
2684 961 3046 1042 tenebatur,
3082 962 3277 1028 fidem
3321 961 3565 1028 diutius
3607 963 3829 1028 fallere
3875 985 4005 1029 non
4051 977 4233 1046 pote·

2289 1056 2413 1126 rat,
2459 1048 2656 1115 exilio
2700 1058 2768 1114 et
2808 1049 2964 1133 fuga
3005 1070 3147 1115 sese
3181 1050 3360 1114 omni
3402 1048 3666 1115 vinculo
3710 1071 4012 1132 nexuque
4056 1051 4233 1115 exol-

2289 1140 2495 1214 veret‚
2553 1155 2628 1200 ac
2686 1136 2757 1200 in
2811 1135 3185 1218 perfugium
3240 1133 3531 1200 libidinis
3592 1148 3782 1218 atque
3831 1135 4232 1218 petulantiae

2288 1218 2667 1286 vindicaret.
2755 1221 2927 1287 Ecce
2966 1220 3286 1287 Calvinus
3343 1218 3633 1287 advenae
3692 1221 3884 1287 istius
3926 1240 4233 1304 praesen-

2288 1306 2383 1370 tia
2407 1314 2754 1383 recreatus,
2797 1307 3011 1391 magis
3054 1326 3128 1372 ac
3156 1306 3368 1388 magis
3402 1305 3569 1371 falsa
3588 1306 3892 1372 scientiae
3930 1306 4232 1390 opinione

2287 1392 2683 1472 intumescit,
2706 1390 3113 1457 doctissimos
3146 1412 3435 1474 quosque
3457 1413 3727 1457 suarum
3763 1413 3903 1458 esse
3948 1395 4232 1475 partium

2288 1485 2637 1543 asseverat.
2726 1476 2864 1544 Gur
2907 1476 3172 1543 tandem
3192 1476 3224 1539 ⁴?
3313 1478 3565 1561 Nempe
3610 1485 3686 1543 ut
3729 1477 3978 1543 facilius
4022 1478 4229 1544 homi-

2285 1584 2449 1629 num
2492 1562 2890 1649 simplicitati
2932 1563 3182 1643 illudat,
3225 1571 3294 1627 et
3336 1563 3623 1630 virorum
3662 1584 4054 1648 magnorum
4109 1564 4233 1631 fu]-

2287 1670 2445 1734 gore
2488 1650 2673 1734 vulgi
2714 1649 2917 1716 aciem
2963 1649 3378 1733 perstringat,
3425 1660 3490 1713 01
3530 1648 4006 1732 impudentiam
4048 1672 4235 1716 suam

2286 1733 2672 1801 adulteratis
2715 1735 2893 1801 hisce
2946 1734 3279 1820 figmentis
3322 1736 3509 1817 quasi
3553 1735 3905 1819 pigmentis
3950 1735 4237 1802 fucatam

2287 1820 2712 1887 illustriorem
2770 1820 3019 1886 reddat.
3108 1821 3288 1904 Ergo
3340 1821 3448 1887 isti
3509 1819 3636 1886 duo
3694 1829 4031 1906 susceptae
4080 1842 4233 1888 con-

2288 1907 2638 1973 iurationis
2709 1905 3040 1990 principes
3121 1907 3485 1973 arctissima
3544 1907 3860 1972 scelerum
3925 1908 4235 1974 societate

2286 1994 2464 2059 inter
2519 2015 2590 2058 se
2649 1991 3001 2073 coniuncti,
3046 1991 3325 2057 maiores
3368 1992 3625 2058 animos
3668 1991 4001 2077 colligunt,
4045 1994 4236 2076 plura

2288 2079 2523 2156 moliri,
2570 2099 2834 2162 sperare
2877 2078 3208 2161 ampliora,
3253 2088 3321 2143 01
3353 2080 3485 2143 iam
3520 2078 3642 2144 sibi
3685 2077 3985 2156 honores,
4032 2077 4236 2144 domi·

2288 2173 2645 2248 natumque
2703 2163 2994 2248 polliceri
3048 2162 3310 2228 audent.
3412 2162 3546 2244 Qui
3602 2185 3754 2230 cum
3809 2184 3894 2229 ex
3947 2165 4236 2248 antiquis

2286 2251 2740 2317 Romanorum
2798 2260 2865 2316 et
2918 2249 3423 2316 Atheniensium
3488 2249 3777 2316 historiis
3842 2249 4235 2330 didicissent,

2286 2340 2401 2420 9111
2444 2338 2635 2402 novis
2684 2337 2882 2402 rebus
2938 2334 3297 2414 studerent,
3356 2356 3465 2401 eos
3507 2337 3577 2400 in
3611 2334 4050 2403 multitudinis
4092 2357 4239 2403 sen-

2288 2442 2436 2487 sum
2479 2432 2675 2505 atque
2718 2422 3071 2487 amicitiam
3116 2442 3195 2487 ea
3228 2422 3516 2487 maxime
3558 2420 3809 2487 ratione
3853 2443 4039 2506 posse
4080 2423 4239 2489 irre-

2286 2528 2462 2591 pere,
2508 2508 2566 2572 si
2622 2528 2898 2590 magnas
2941 2528 3108 2591 spes,
3157 2527 3429 2592 magnas
3476 2507 3793 2573 utilitates
3836 2516 4240 2575 ostentarent

2286 2593 2370 2660 iis
2426 2614 2700 2677 9110111111
2756 2614 2795 2658 0
2880 2615 2956 2659 ra
3010 2613 3087 2658 ac
3122 2595 3334 2677 gratia
3376 2594 3611 2658 florere
3650 2604 3990 2677 cuperent:
4034 2597 4239 2678 proti-

2286 2701 2412 2745 nus
2479 2679 2662 2744 nefas
2725 2680 2783 2746 si
2827 2680 2849 2745 i
2905 2678 3107 2744 videri
3159 2681 3367 2758 aiunt,
3424 2678 3595 2762 quod
3660 2681 3871 2747 nostri
3923 2681 4237 2764 Episcopi

2285 2772 2382 2830 tot
2440 2785 2695 2830 annuos
2760 2774 3116 2850 proventus
3161 2785 3243 2830 ex
3285 2765 3740 2832 ecclesiasticis
3794 2766 4076 2850 praediis
4130 2788 4238 2832 ca.-

2284 2850 2477 2935 piant
2492 2903 2508 2929 ‚
2574 2851 2746 2934 quod
2804 2851 2889 2917 ad
2953 2850 3366 2934 turpissimos
3445 2873 3602 2917 usus
3666 2851 3798 2918 illis
3861 2852 4235 2919 abutantur.

2285 2937 2496 3003 Porro
2548 2945 2915 3021 queruntur
2971 2936 3227 3003 nullum
3295 2958 3436 3003 esse
3482 2937 3697 3004 locum
3757 2937 4064 3004 charitati
4119 2944 4238 3004 aut

2285 3024 2515 3107 pietati
2536 3075 2553 3103 ,
2635 3032 2892 3089 exteros
2958 3022 3239 3107 hospitio
3301 3043 3554 3103 carere,
3619 3022 3847 3108 inopes
3909 3023 4238 3091 alimentis

2285 3129 2498 3193 egere,
2558 3109 2833 3176 afflictos
2892 3108 3179 3175 destitui.
3270 3109 3492 3175 Aliam
3534 3108 3975 3209 apostolorum
4016 3108 4239 3176 condi-

2284 3195 2533 3261 tionem
2609 3195 2811 3262 fuisse
2875 3194 3236 3272 clamitant,
3316 3197 3430 3279 qni
3493 3193 3758 3279 9111110111
3824 3197 4110 3261 1011111101
4174 3204 4240 3262 01

2332 3303 2480 3348 arce
2515 3282 2837 3361 viverent,
2882 3291 2950 3346 01
2990 3302 3145 3365 opes
3180 3282 3237 3346 si
3275 3303 3437 3365 quas
3470 3282 3808 3360 haberent,
3846 3282 4240 3366 pauperibus

2283 3303 2644 3433 liberaliter
2701 3377 3050 3467 erogarent
3073 3418 3090 3445 ,
3156 3388 3385 3452 aegros
3464 3367 3777 3443 viserent,
3836 3388 3911 3433 su
3959 3366 4239 3451 plicibus

2284 3454 2607 3519 auxilium
2666 3453 3137 3536 consiliumque
3190 3475 3325 3519 non
3379 3453 3801 3538 denegarent.
3971 3474 4240 3519 norsum

2284 3561 2440 3605 vero
2496 3539 2658 3604 haec
2715 3538 2993 3605 duorum
3051 3539 3579 3606 concionatorum
3621 3548 3759 3606 tam
3801 3539 3929 3625 pia,
3975 3548 4238 3622 tamque

2285 3625 2626 3691 charitatis
2686 3644 2760 3691 ac
2813 3625 3121 3709 propensi
3180 3628 3420 3691 amoris
3468 3625 3668 3709 plena
3724 3627 3932 3691 oratio
3945 3624 3977 3687 ‘2
4066 3625 4243 3689 Beza

2284 3712 2641 3795 Episcopos
2705 3711 3080 3778 sacerdotiis
3146 3710 3535 3796 locupletari
3600 3709 4020 3794 reprehendit
4043 3763 4058 3789 ,
4125 3710 4239 3794 qui

2285 3819 2370 3862 ex
2427 3797 2658 3863 iisdem
2717 3796 2912 3882 longe
2966 3797 3372 3863 uberrimum
3429 3806 3771 3881 quaestum
3813 3797 4037 3863 fecerit
4056 3795 4088 3858 *ἲ
4130 3796 4242 3879 9111

2284 3904 2648 3966 pauperum
2692 3883 3038 3967 pecuniam
3072 3884 3143 3949 in
3188 3883 3417 3968 epulis,
3463 3881 3634 3962 ludo,
3680 3883 3858 3961 iocis,
3903 3884 4241 3948 scortatio-

2288 3969 2482 4035 nibus
2539 3976 2674 4034 tam
2734 3969 2975 4035 multas
3032 3967 3448 4053 prodegerit?
3509 3970 3621 4051 qui
3656 3968 4031 4047 sacerdotia,
4075 3987 4242 4050 quae

2288 4055 2449 4133 satis
2509 4055 2727 4138 ampla
2769 4063 2838 4121 et
2879 4056 3097 4140 opima
3150 4054 3449 4130 habebat,
3493 4052 3792 4137 pluribus
3837 4053 4240 4138 emptoribus

2287 4139 2515 4207 eadem
2559 4151 2736 4208 certo
2778 4142 2992 4224 pretio
3035 4139 3405 4206 addixerit?
3452 4159 3618 4223 quae
3665 4137 3800 4226 [fol.
3850 4144 3885 4203 7
3892 4144 3917 4217 J
3961 4140 4057 4216 si,
4104 4160 4239 4204 non

2291 4226 2500 4292 dicam
2565 4247 2779 4293 novus
2838 4225 3271 4305 Christianus,
3327 4225 3442 4292 sed
3501 4225 3785 4309 antiquis
3803 4229 3863 4301 ⁴)
3918 4225 4235 4291 iuriscon-

2289 4313 2500 4378 sultus
2544 4334 2687 4379 esse
2727 4313 3055 4391 voluisset,
3100 4320 3290 4378 extra
3332 4313 3790 4376 commercium
3834 4318 3901 4377 01
3939 4311 4240 4377 licitatio-

2289 4420 2443 4464 nem
2487 4420 2628 4465 esso
2684 4399 3115 4483 cognovisset.
3203 4397 3532 4478 Quorsum
3593 4398 3794 4481 igitur
3835 4408 4022 4463 tanta
4064 4417 4240 4463 com-

2290 4485 2566 4550 mutatio
2587 4484 2619 4548 ?
2709 4484 2803 4550 Ut
2856 4484 3162 4566 quoniam
3219 4484 3400 4548 Beza
3454 4483 3796 4567 plerosque
3849 4482 4237 4550 sacerdotio-

2289 4591 2437 4636 rum
2483 4571 2783 4637 censibus
2818 4568 3253 4652 adipiscendis
3292 4569 3663 4635 inhiaturos
3706 4569 4079 4648 confideret,
4117 4570 4238 4634 hac

2287 4657 2436 4720 illos
2480 4678 2596 4740 spe
2641 4655 2724 4721 ad
2767 4668 3026 4721 veteres
3076 4654 3337 4722 colonos
3375 4655 3454 4720 de
3497 4676 3615 4722 sua
3671 4655 3825 4721 sede
3873 4676 3949 4722 ac
3991 4676 4240 4741 posses-

2288 4742 2471 4806 sione
2527 4740 2968 4808 deturbandos
3011 4741 3415 4807 accenderet:
3466 4751 3542 4806 ut
3584 4743 3694 4825 qui
3737 4742 3904 4807 forte
3946 4741 4237 4808 Oalvini-

2287 4847 2431 4892 cam
2487 4836 2730 4893 sectam
2772 4848 2889 4910 per
2932 4848 3003 4893 se
3046 4849 3180 4894 non
3224 4826 3788 4910 amplecterentur,
3847 4850 3981 4911 sps,
4039 4849 4235 4912 quam

2291 5002 2406 5009 -.d-„4
2462 5004 2501 5009 —
2626 5006 2635 5007 1

2407 5155 2417 5165 Ι
2491 5085 2524 5139 3
2592 5083 2752 5168 Quod
2796 5098 2989 5139 nomen
3025 5084 3175 5138 Besa
3222 5085 3283 5138 in
3323 5085 3443 5167 sauss
3478 5083 3818 5167 Iuvenilibus
3860 5085 4077 5164 puellae·
4102 5098 4236 5137 suae

2287 5152 2451 5220 dedat,
2493 5085 2760 5208 (31an
2795 5153 3033 5219 Desnoz,
3179 5169 3228 5235 m.
3265 5153 3494 5224 legitime
3527 5153 3689 5209 dume
3719 5168 3904 5236 guum·
3926 5151 4112 5234 ⁶9¹²ss
4144 5166 4236 5232 ⁶10,-

2286 5221 2494 5304 cederet
2535 5230 2586 5278 et
2630 5237 2752 5277 cum
2797 5237 2909 5294 qua
2951 5169 3324 5292 mmmmm
3368 5238 3547 5279 annos
3578 5223 3808 5290 feliciter
3844 5227 3983 5276 vnxit
4016 5235 4136 5272 stne
4168 5221 4234 5273 l·-

2290 5296 2448 5348 ‘m-
2495 5292 2727 5432 ,3³23ae
2761 5290 3033 5430 111,
3936 5358 3941 5363 ·
