4850 6117
257 435 366 499 541

259 622 362 690 (Β
408 621 749 747 maa:
776 621 1170 764 aava:
1183 625 1488 750 affl:-
1514 623 1825 763 131111
1868 627 2000 681 0¹²¹:
2042 627 2184 699 ¹³²1*-

253 880 639 949 Clarissimis
703 888 774 948 et
823 882 1269 969 integerrimis
1310 883 1472 951 viris
1511 884 1599 950 D.
1656 883 1860 951 Petro
1900 884 2189 970 Martyri

255 975 315 1034 et
351 966 735 1052 Heynricho
775 968 1166 1054 Bullingero
1206 969 1363 1036 Iesu
1408 969 1663 1037 Christi
1724 968 2026 1036 fidelibus
2079 988 2188 1037 or-

252 1053 429 1138 ganis
467 1052 697 1139 'Piguri
758 1053 1074 1121 fratribus
1129 1055 1203 1120 in
1245 1054 1534 1122 Domino
1576 1054 2187 1125 observandissimis

669 1145 739 1205 et
778 1140 1314 1225 praeceptoribus
1355 1140 1773 1210 venerandis,

255 1343 539 1429 Gratiam
605 1370 673 1429 et
732 1385 958 1449 pacem
1016 1386 1056 1431 a
1079 1364 1501 1518 Offitpmo
1557 1371 1624 1431 et
1679 1363 1967 1432 Domino
2029 1365 2185 1434 Iesu

1306 1472 1364 1518 o.

407 1653 806 1740 Scripsimus
861 1657 1062 1738 vobis,
1127 1657 1259 1724 viri
1310 1656 1656 1724 clarissimi
1710 1664 1778 1724 et
1830 1657 2070 1723 fratres
2111 1659 2184 1724 in

251 1739 520 1807 Domino
560 1741 937 1821 venerandi,
983 1743 1065 1809 de
1108 1743 1388 1810 turbatis
1429 1743 1679 1810 nostris
1720 1743 2008 1811 ecclesiis
2063 1764 2183 1827 per

253 1825 635 1908 &anetarum
699 1849 835 1894 non
877 1828 1090 1895 solum
1145 1830 1217 1894 in
1271 1848 1470 1895 causa
1522 1829 1899 1896 mediatoris
1941 1829 2183 1915 integri

249 1910 487 2005 Christi
528 1913 822 1994 Domini,
886 1914 1001 1981 sed
1045 1916 1243 1982 etiam
1285 1915 1358 1981 in
1402 1915 1700 1982 doctrina
1741 1915 1822 1981 de
1863 1915 2179 1984 trinitate.

245 1998 342 2065 Ita
393 1999 569 2065 enim
624 2008 976 2084 utrumque
1043 2001 1165 2069 hoc
1221 2002 1561 2086 coniungit
1623 2007 1689 2067 et
1754 2000 2043 2068 defendit
2104 2008 2181 2068 ut

247 2091 586 2170 utrumque
631 2085 827 2152 simul
871 2095 1148 2154 evertat.
1214 2087 1579 2154 Confundit
1621 2108 1776 2153 vero
1816 2089 2179 2152 trinitatem

247 2179 307 2235 et
344 2191 428 2236 ex
468 2192 548 2238 ea
587 2193 801 2238 unum
842 2172 1062 2239 Deum
1104 2173 1490 2239 trinomium
1532 2175 1790 2252 conflat,
1857 2172 1939 2239 ad
1982 2193 2179 2255 quem

244 2276 488 2406 quue
529 2257 965 2325 mediatorem
1004 2259 1213 2325 filium
1256 2254 1547 2325 eiusdem
1589 2259 1905 2325 trinitatis
1926 2259 2175 2325 statuit.

309 2341 486 2409 ‘vidit
527 2351 757 2410 autem
799 2352 1026 2410 contra
1066 2367 1274 2410 unum
1317 2344 1659 2412 Christum
1702 2351 1771 2410 et
1801 2344 1901 2409 illi
1933 2365 2177 2410 nomen

244 2427 362 2493 Dei
419 2428 493 2494 in
567 2429 868 2495 trinitate
926 2430 1259 2514 relinquit.
1345 2431 1705 2497 Hominem
1766 2450 1926 2496 vero
1990 2437 2180 2495 extra

245 2513 590 2581 trinitatem
634 2514 996 2596 submovet,
1041 2517 1149 2583 cui
1185 2523 1408 2599 partes
1444 2516 1842 2597 mediatoris,
1886 2516 2063 2583 servi
2097 2518 2179 2597 {et

246 2598 676 2667 intercessoris
739 2602 971 2667 tribuit
1023 2601 1108 2668 ad
1151 2602 1547 2668 trinitatem:
1614 2622 1813 2686 quam
1875 2601 2178 2668 haeresin

248 2681 537 2751 describit
599 2687 1011 2754 Athanasius
1077 2688 1183 2755 fol.
1247 2693 1324 2753 91
1394 2700 1632 2768 (novae
1696 2687 1849 2755 edit.
1915 2687 2173 2768 Basil.).

246 2767 364 2835 Ubi
419 2770 751 2839 distinctio
802 2794 968 2840 vera
1019 2784 1087 2841 et
1127 2774 1322 2841 realis
1381 2775 1454 2840 in
1495 2774 1792 2840 trinitate
1833 2773 2178 2840 retinenda

245 2862 350 2935 est,
383 2856 639 2923 nullam
674 2859 819 2925 vult
852 2859 982 2926 nisi
1015 2861 1384 2927 nominum:
1427 2860 1542 2926 ubi
1576 2860 1797 2926 unitas
1832 2858 2177 2926 retinenda

243 2936 309 3004 in
346 2962 472 3008 uno
506 2942 796 3024 Christo,
839 2946 931 3012 ibi
975 2954 1254 3030 separat.
1312 2945 1575 3013 Deinde
1616 2953 1718 3013 tot
1756 2945 1934 3013 locos
1977 2947 2176 3030 scrip-

242 3032 412 3094 turae
449 3029 591 3111 {hoc
655 3051 775 3097 suo
837 3031 1159 3099 iudaismo
1214 3038 1370 3117 (quo
1424 3038 1691 3116 propter
1744 3031 2174 3098 mediatorem

243 3131 420 3180 suum
459 3115 798 3182 hominem
838 3118 1204 3185 trinitatem
1237 3117 1580 3186 confundit
1619 3127 1685 3184 et
1725 3117 1859 3184 filio
1900 3118 2032 3183 Dei
2073 3116 2172 3183 di-

242 3199 569 3267 vinitatem
613 3200 856 3280 aufert)
896 3205 993 3269 ita
1033 3206 1342 3290 corrupit,
1399 3212 1476 3271 ut
1518 3204 1664 3290 quis
1706 3206 1794 3271 sit
1832 3204 2018 3270 Deus
2058 3223 2173 3288 pa-

246 3289 354 3367 ter,
424 3288 573 3372 quis
630 3287 771 3355 01118
825 3289 1002 3356 filius
1053 3291 1305 3370 unicus,
1368 3292 1440 3358 in
1483 3312 1608 3376 quo
1651 3297 1787 3357 tota
1828 3289 2008 3356 881118
2050 3290 2178 3357 sita

244 3369 323 3435 sit
377 3372 740 3440 secundum
802 3375 1123 3442 Ioannem
1190 3377 1336 3463 (17)
1398 3398 1535 3443 non
1592 3378 1800 3461 possit
1859 3375 2170 3460 dignosci.

246 3454 347 3523 Sic
384 3457 571 3526 illum
641 3463 696 3524 1.
741 3460 909 3527 Tim.
967 3466 1038 3528 2:
1126 3462 1318 3530 Unus
1374 3462 1552 3541 deus,
1627 3484 1798 3529 unus
1853 3461 2175 3527 mediator

242 3538 361 3608 Dei
400 3552 466 3611 et
516 3544 881 3625 hominum,
955 3546 1150 3613 homo
1192 3548 1499 3616 Christus
1535 3547 1744 3626 Iesus,
1807 3547 1923 3612 ubi
1965 3567 2174 3612 unum

242 3624 443 3696 Deum
506 3630 880 3697 trinitatem
931 3633 1421 3716 interpretatur.
1507 3633 1602 3701 Ut
1658 3640 2053 3718 cognoscant
2106 3644 2175 3698 te

241 3734 458 3783 verum
502 3716 715 3783 solum
736 3718 960 3783 Deum
1000 3719 1042 3785 i.
1090 3741 1150 3788 e.
1181 3719 1563 3798 trinitatem,
1610 3727 1677 3784 et
1711 3738 1904 3801 quem
1937 3717 2176 3785 misisti

242 3797 439 3868 Iesum
485 3802 850 3884 Christum,
893 3805 937 3871 i.
982 3827 1038 3871 e.
1082 3805 1433 3873 hominem.
1512 3804 1802 3872 Creditis
1839 3805 1910 3869 in
1953 3803 2171 3869 Deum

242 3884 281 3949 i.
320 3909 372 3953 e.
412 3889 781 3955 trinitatem
824 3895 890 3955 ct
928 3890 999 3955 in
1036 3912 1144 3956 me
1175 3890 1440 3973 credite,
1481 3890 1526 3957 i.
1562 3912 1616 3958 e.
1652 3889 2017 3990 hominem..
2078 3890 2174 3957 Ut

244 3991 692 4127 3³33&ssss
724 3975 1298 4147 ἑίῒωὲηἳὲξὶείί
1337 3982 2172 4146 affisstsstznsszrssffff‘z?

248 4143 613 4225 trinitatem,
670 4148 744 4212 in
785 4147 1053 4214 nomine
1094 4169 1259 4229 meo,
1312 4148 1356 4215 i.
1401 4170 1455 4214 e.
1499 4148 1784 4214 hominis
1827 4156 1947 4213 etc.
2034 4147 2171 4212 Nos

247 4248 389 4296 vero
421 4254 760 4317 nunquam
803 4233 926 4298 hos
966 4233 1142 4300 locos
1183 4233 1266 4300 de
1307 4234 1623 4315 trinitate,
1701 4232 1817 4300 sed
1859 4232 1942 4298 de
1980 4239 2170 4317 patre

249 4319 310 4378 et
344 4315 476 4384 filio
520 4317 829 4387 distincte
869 4320 1295 4404 interpretari
1324 4340 1670 4404 possumus
1689 4320 1858 4385 sicut
1894 4325 1963 4383 et
1981 4317 2168 4384 illos:

247 4397 351 4469 Sic
388 4402 572 4471 Deus
637 4403 868 4471 dilexit
928 4405 1271 4485 mundum,
1335 4406 1378 4471 i.
1423 4425 1479 4471 e.
1544 4413 1753 4489 pater,
1819 4412 1899 4469 ut
1959 4402 2172 4469 filium

248 4506 423 4556 suum
462 4491 666 4556 daret.
751 4491 937 4557 Deus
987 4493 1256 4577 proprio
1309 4490 1447 4557 filio
1483 4512 1617 4558 non
1658 4490 1963 4575 pepercit,
2021 4489 2066 4554 i.
2111 4510 2167 4555 e.

247 4581 436 4654 pater.
519 4576 707 4643 Deus
770 4577 1214 4644 reconciliavit
1272 4577 1402 4643 sibi
1463 4585 1702 4645 cuncta
1761 4594 1881 4661 per
1940 4573 2171 4656 fihum,

249 4656 287 4722 i.
360 4682 411 4727 e.
474 4668 681 4746 pater,
745 4683 877 4729 nou
943 4663 1225 4741 trinitas,
1291 4671 1372 4729 ut
1415 4662 1765 4730 Stancams
1824 4660 1989 4740 vult,
2047 4669 2168 4727 etc.

250 4740 802 4823 Quemadmodum
866 4749 1067 4814 etiam
1110 4748 1220 4814 alii
1261 4749 1388 4815 loci
1430 4749 1512 4816 de
1554 4749 1689 4816 solo
1731 4748 1867 4815 filio
1910 4747 2169 4813 dicunt:

250 4825 528 4899 Verbum
570 4842 713 4899 erat
753 4835 958 4900 Deus.
1026 4833 1364 4918 Sanguine
1406 4835 1535 4901 Dei
1576 4834 1880 4900 mundati
1922 4853 2168 4900 sumus.

252 4911 353 4982 Sic
389 4917 579 4985 Rom.
624 4923 662 4984 9
708 4917 789 4985 de
830 4919 965 4985 solo
1007 4919 1311 4987 Christo:
1353 4922 1466 5004 qui
1508 4929 1607 4987 est
1650 4918 1834 4987 Deus
1866 4917 2170 4986 benedic-

252 5006 345 5066 tus
382 5003 452 5068 in
492 5003 767 5072 saecula.
855 5004 1181 5072 Dominus
1222 5026 1411 5073 meus
1454 5016 1523 5072 et
1561 5006 1751 5072 Deus
1788 5026 1991 5073 meus.
2058 5002 2174 5070 Sic

255 5086 305 5151 1.
343 5086 477 5155 1011.
540 5095 597 5156 5.
685 5089 780 5157 Ut
842 5092 1017 5156 enim
1083 5092 1259 5175 patri
1320 5092 1700 5177 simpliciter
1760 5111 2001 5158 nomen
2040 5087 2172 5155 Dei

250 5170 435 5240 tribui
469 5176 769 5243 videmus
811 5176 884 5240 in
925 5177 1284 5261 scripturis,
1339 5177 1434 5242 ita
1473 5177 1609 5244 filio
1653 5198 1987 5263 nunquam
2030 5174 2169 5240 dari

251 5256 369 5323 nisi
419 5273 640 5345 aperta
694 5263 1026 5329 mentione
1081 5261 1365 5329 nominis
1417 5264 1580 5344 eius,
1642 5263 1749 5330 vel
1803 5262 2008 5342 verbi,
2062 5260 2172 5327 vel

253 5346 448 5413 carnis
507 5348 616 5417 vel
657 5349 1011 5433 sanguinis.
1099 5350 1302 5415 Pater
1344 5349 1521 5415 enim
1563 5348 1946 5433 simpliciter
1985 5346 2173 5414 Deus

1924 442 2087 506 1562
2132 438 2582 508 SEPTEMB.

4114 452 4241 517 542

2289 636 2392 696 est
2456 648 2496 693 a
2545 628 2733 696 nullo
2788 629 3070 717 genitus.
3155 630 3373 698 Filius
3427 639 3648 700 autem
3704 631 3834 702 Dei
3875 634 4060 705 Deus
4118 647 4239 721 est,

2291 714 2407 781 sed
2449 735 2533 782 cx
2574 716 2739 796 Deo,
2782 716 3057 802 ideoque
3077 717 3264 785 Deus
3305 738 3504 787 verus
3543 720 3698 802 quia
3750 740 3835 787 ex
3872 722 4020 789 Deo
4064 744 4242 805 vero,

2290 800 2839 883 quemadmodum
2881 810 2948 869 et
2988 803 3187 870 homo
3220 824 3422 871 verus
3463 806 3617 888 quia
3657 825 3742 872 ex
3761 806 4027 874 homine
4058 830 4240 878 vero.

2290 885 2485 953 Unde
2527 895 2596 953 et
2637 888 3212 956 consubstantialis
3255 889 3401 955 Deo
3457 890 3632 974 patri
3690 893 3843 975 quia
3884 915 3967 960 ex
4027 902 4238 978 patre,

2287 973 2459 1039 sicut
2500 981 2567 1039 et
2606 974 2796 1041 nobis
2837 974 3412 1044 consubstantialis
3454 977 3606 1060 quia
3647 997 3730 1043 ex
3774 977 4043 1047 homine
4076 1002 4239 1048 vero

2287 1066 2506 1140 natus,
2583 1066 2911 1140 aeternus,
2978 1062 3407 1145 omnipotens,
3471 1063 3628 1147 quia
3689 1082 3773 1129 ex
3839 1072 4108 1132 aeterno
4172 1074 4240 1133 et

2287 1144 2753 1229 omnipotente.
2822 1145 3070 1213 Contra
3092 1146 3469 1215 &ancorum
3507 1168 3686 1228 vero,
3732 1149 3888 1233 quia
3928 1170 4052 1216 sua
4084 1172 4240 1218 con-

2284 1229 2538 1296 fusione
2599 1252 2735 1297 non
2789 1231 2985 1297 modo
3038 1253 3266 1300 veram
3311 1233 3680 1300 trinitatem
3721 1256 3977 1302 cerrum
4025 1237 4079 1303 it
4121 1237 4238 1305 sed

2284 1323 2352 1380 et
2392 1315 2605 1382 filium
2647 1317 2798 1399 Dei,
2841 1317 3064 1383 Deum
3108 1317 3189 1384 de
3229 1319 3396 1400 Deo,
3458 1319 3719 1386 abolere
3759 1321 3920 1401 vult,
4014 1322 4240 1390 'stinc-

2281 1402 2527 1468 tionem
2586 1400 2827 1486 ubique
2882 1403 2957 1468 in
3012 1405 3351 1488 scripturis
3401 1404 3817 1472 observatam
3858 1407 4233 1476 obiicimus:

2282 1486 2590 1571 baptismi
2624 1488 2919 1570 formam,
2952 1489 3322 1575 symbolum
3356 1490 3801 1574 apostolicum,
3820 1492 3994 1559 locos
4028 1495 4238 1578 scrip-

2283 1581 2474 1640 turae
2508 1573 2689 1639 mille
2723 1582 2791 1640 et
2821 1575 3168 1658 praecipue
3198 1575 3390 1641 illum
3423 1574 3641 1644 locum
3674 1577 3872 1645 Pauli
3920 1585 3974 1645 l.
3998 1579 4150 1647 Cor.
4173 1586 4234 1661 8,

2282 1659 2399 1724 ubi
2424 1658 2732 1726 distincta
2765 1659 2847 1726 de
2868 1661 3013 1726 Deo
3034 1668 3221 1744 patre
3254 1681 3339 1726 ex
3372 1682 3500 1746 quo
3535 1664 3775 1744 omnia,
3810 1663 4119 1732 distincta
4153 1664 4235 1733 de

2281 1744 2420 1810 filio
2459 1744 2590 1811 Dei
2633 1746 2953 1813 confessio
2996 1745 3230 1826 editur,
3275 1755 3345 1813 et
3387 1747 3549 1813 alias
3583 1748 3665 1813 de
3698 1749 3940 1834 spiritu
3973 1757 4233 1818 sancto:

2281 1850 2412 1913 qua
2455 1831 2536 1896 de
2578 1852 2650 1898 re
2692 1832 2907 1899 fusius
2948 1831 3021 1897 in
3062 1831 3273 1899 literis
3310 1834 3553 1899 nostris
3585 1833 3669 1899 ad
3704 1855 3824 1902 vos
3857 1835 4051 1903 datis.
4116 1836 4233 1905 Sic

2281 1913 2458 1982 locos
2522 1916 2683 1982 alios
2737 1938 2898 2001 quos
2953 1937 3076 2000 pro
3132 1938 3253 1983 sua
3294 1919 3674 1985 confusione
3715 1919 3983 1988 adducit
4024 1922 4235 2008 expli·

2280 2020 2541 2068 camus:
2626 2002 2957 2069 Dominus
2998 2001 3177 2069 Deus
3220 2011 3374 2070 tuus
3415 2025 3608 2085 unus,
3652 2013 3721 2071 et
3762 2006 4028 2086 similes,
4073 2029 4234 2092 quos

2280 2087 2361 2153 de
2423 2097 2613 2172 patre
2684 2106 2820 2153 non
2879 2087 2959 2155 de
3014 2090 3315 2156 trinitate
3368 2091 3640 2157 confusa
3698 2090 3878 2158 illius
3920 2092 4234 2179 intelligi-

2278 2194 2447 2251 mus,
2510 2174 2701 2240 iuxta
2754 2174 2950 2241 Pauli
3004 2174 3619 2259 interpretationem
3673 2177 3915 2244 claram
3979 2185 4034 2244 l.
4078 2179 4232 2246 Cor.

2279 2258 2340 2337 8,
2407 2268 2476 2324 et
2533 2261 2738 2343 ipsius
2794 2260 3049 2327 Christi
3101 2261 3329 2328 Ioann.
3396 2267 3469 2328 8:
3560 2261 3778 2343 Quem
3828 2285 3952 2331 vos
4016 2264 4231 2333 dicitis

2278 2345 2503 2411 Deum
2547 2353 2851 2413 vestrum
2894 2367 3038 2413 esse
3075 2354 3262 2431 pater
3280 2368 3470 2415 meus
3505 2357 3624 2416 est.
3689 2349 3919 2417 Ioann.
3957 2353 4014 2416 3.
4040 2351 4232 2417 Rom.

2280 2435 2340 2494 8.
2428 2431 2602 2497 Item
2664 2431 2778 2498 ubi
2833 2431 2966 2498 Dei
3028 2453 3269 2498 nomen
3332 2433 3512 2518 patri
3571 2443 3838 2500 tantum
3901 2436 4229 2516 tribuitur,

2279 2517 2956 2669 1111911101
2981 2518 3329 2671 11113εέ8
3371 2519 4231 2693 1011111911·

2281 2698 2474 2754 turae
2515 2690 2893 2756 testimonia
2935 2689 3272 2771 habemus,
3317 2690 3434 2756 sed
3477 2693 3675 2757 etiam
3717 2700 3980 2775 patrum
4003 2715 4230 2760 eorum

2279 2774 2392 2859 qui
2451 2794 2604 2840 cum
2669 2774 2980 2858 apostolis
3042 2775 3355 2842 vixerunt
3418 2775 3521 2843 vel
3583 2777 3909 2861 apostolos
3972 2780 4232 2863 sequuti

2278 2866 2454 2927 sunt.
2532 2859 2648 2928 Sic
2689 2862 3004 2927 Irenaeus
3043 2861 3115 2926 in
3159 2861 3385 2929 multis
3427 2861 3606 2942 locis,
3648 2862 3761 2928 lib.
3791 2863 3916 2930 IV.
3961 2885 4015 2931 c.
4063 2871 4118 2931 1.
4166 2869 4228 2930 2.

2276 2946 2387 3012 lib.
2422 2945 2551 3011 [H.
2595 2967 2650 3013 c.
2699 2950 2756 3012 6.
2842 2946 2979 3013 Ubi
3032 2945 3177 3013 loca
3227 2947 3615 3031 scripturae:
3700 2947 3848 3033 Ego
3907 2970 4058 3016 sum
4113 2952 4229 3035 qui

2278 3048 2446 3111 sum,
2513 3033 2686 3116 patri
2751 3032 3004 3099 tribuit.
3090 3031 3207 3100 Sic
3270 3031 3490 3099 Deum
3553 3033 3936 3114 Abrahami,
4002 3034 4229 3102 Deum

2275 3117 2485 3199 Isaac,
2540 3124 2736 3185 vocat
2790 3126 3050 3204 patrem
3092 3118 3366 3185 Domini
3419 3120 3632 3187 nostri
3668 3120 3825 3188 Iesu
3869 3120 4121 3188 Christi
4161 3130 4230 3189 et

2279 3224 2435 3270 eum
2477 3204 2761 3271 invocat.
2845 3202 2960 3272 Sic
3001 3204 3112 3273 lib.
3153 3204 3283 3272 ΠΙ.
3327 3225 3382 3272 0.
3422 3210 3480 3285 9,
3527 3205 3721 3273 toties
3771 3214 3966 3274 vocat
4016 3228 4227 3274 unum

2274 3288 2499 3356 Deum
2543 3298 2800 3374 patrem
2842 3298 2912 3357 et
2952 3290 3134 3357 mille
3176 3290 3323 3355 aliis
3360 3291 3540 3358 locis.
3625 3292 3929 3375 Ignatius
3971 3313 4228 3378 quoque

2276 3376 2683 3461 apertissime
2748 3375 3056 3444 distincte
3098 3377 3181 3443 de
3222 3377 3516 3443 trinitate
3556 3377 3846 3462 loquitur
3884 3380 4010 3463 Ep.
4059 3383 4118 3459 9,
4164 3383 4224 3446 5.

2274 3470 2397 3530 etc.
2443 3482 2655 3546 neque
2694 3483 2867 3529 unus
2920 3463 3102 3530 locus
3157 3469 3381 3529 exstat
3431 3463 3547 3529 ubi
3589 3462 3857 3530 confuse
3898 3462 4225 3548 loquatur.

2276 3546 2390 3615 Sic
2425 3547 2874 3616 Tertullianus
2907 3548 2989 3615 de
3023 3569 3301 3632 praescr.
3334 3547 3832 3629 haereticorum,
3876 3548 3994 3615 ubi
4033 3569 4228 3634 regu-

2273 3631 2408 3699 lam
2452 3632 2606 3700 fidei
2673 3633 2811 3700 edit
2870 3634 3259 3701 inviolatam
3321 3634 3456 3700 nisi
3518 3635 3600 3701 ab
3670 3634 4033 3702 haereticis.
4119 3636 4225 3701 De

2273 3720 2572 3786 trinitate
2614 3740 2872 3803 quoque
2915 3719 3207 3788 scribens
3248 3718 3493 3786 librum
3535 3722 3821 3805 primum
3876 3722 4224 3789 confessio-

2273 3826 2426 3871 nem
2468 3805 2605 3871 edit
2647 3804 2728 3872 de
2769 3804 2916 3872 Deo
2952 3813 3140 3890 patre
3182 3813 3253 3871 et
3292 3806 3667 3873 testimonia
3729 3807 4093 3891 scripturae
4134 3807 4224 3874 si-

2271 3890 2513 3956 militer
2554 3897 2632 3957 ut
2671 3891 2781 3956 alii
2826 3891 2908 3958 de
2949 3911 3028 3957 eo
3069 3892 3244 3973 citat,
3292 3891 3529 3958 deinde
3572 3891 3655 3958 de
3703 3891 3841 3958 filio
3882 3893 4022 3959 eius
4065 3890 4223 3960 Iesu

2272 3974 2542 4042 Christo
2584 3976 2876 4042 Domino
2919 3985 2987 4043 et
3028 3975 3174 4042 Deo
3215 3988 3459 4059 nostro,
3500 3986 3827 4061 postremo
3871 3976 3952 4043 de
3985 3979 4223 4062 spiritu

2271 4069 2518 4140 sancte,
2580 4063 2694 4127 ubi
2734 4063 2933 4129 etiam
2974 4061 3311 4129 contendit
3353 4082 3504 4128 cum
3549 4062 3894 4129 haereticis
3935 4060 4015 4129 de
4056 4083 4219 4130 voce

2270 4146 2483 4228 Unus,
2527 4168 2693 4232 quae
2736 4146 2818 4213 de
2850 4145 3109 4215 duabus
3142 4150 3436 4232 personis
3470 4147 3576 4215 vel
3609 4146 3820 4215 tribus
3852 4169 3987 4215 non
4021 4169 4215 4215 usur-

2270 4241 2470 4316 patur
2501 4233 2574 4299 in
2609 4234 2967 4316 scripturis,
3002 4233 3119 4300 sed
3163 4241 3427 4299 tantum
3446 4241 3683 4300 neutro
3715 4253 3953 4319 genere
3974 4233 4219 4313 Unum,

2271 4326 2505 4385 contra
2546 4318 2927 4385 Sabellium.
3015 4319 3131 4386 Sic
3196 4316 3438 4385 ibidem
3500 4327 3731 4386 contra
3793 4316 4072 4386 eundem
4139 4318 4220 4386 de

2270 4404 2503 4471 eadem
2546 4405 2961 4472 distinctione
2994 4405 3133 4489 agit
3172 4405 3508 4489 praeclare
3548 4413 3617 4471 et
3658 4406 4086 4489 apertissime,
4152 4413 4221 4472 et

2272 4488 2352 4556 de
2394 4512 2473 4556 eo
2507 4490 2677 4575 quod
2720 4491 2886 4557 duos
2928 4490 3083 4558 deos
3123 4512 3260 4556 non
3299 4489 3726 4557 introducant
3767 4491 3880 4575 qui
3913 4490 4218 4559 distincte

2272 4575 2550 4642 credunt
2607 4584 2862 4661 patrem
2915 4596 3058 4643 esse
3109 4596 3343 4643 verum
3392 4585 3461 4642 et
3515 4597 3728 4642 unum
3767 4577 4006 4659 Deum,
4071 4584 4219 4644 tum

2271 4681 2533 4746 quoque
2586 4663 2800 4729 filium
2839 4660 2989 4742 Dei,
3032 4662 3252 4729 Deum
3305 4661 3385 4728 de
3424 4662 3601 4729 Deo:
3669 4661 4217 4747 quemadmodum

2270 4756 2339 4812 et
2379 4747 2752 4833 symbolum
2772 4748 3137 4814 Nicaenum
3179 4755 3405 4816 contra
3434 4748 3672 4814 Arium
3716 4747 3963 4814 editum
4009 4749 4212 4817 docet.

2270 4831 2406 4899 Sed
2451 4834 2565 4917 qui
2607 4833 2737 4899 duo
2780 4833 3100 4919 principia
3139 4834 3410 4913 inducit,
3457 4841 3574 4899 aut
3616 4833 3776 4900 duos
3819 4842 4057 4918 patres,
4098 4842 4215 4901 aut

2271 4919 2431 4985 duos
2452 4918 2640 5000 filios,
2656 4925 2771 4985 aut
2790 4940 2920 4986 non
2943 4918 3234 4987 eiusdem
3254 4926 3530 4986 naturae
3627 4920 3845 4985 nitum
3864 4941 4014 4986 cum
4036 4922 4215 5005 geni-

2268 5012 2429 5081 tore,
2465 5006 2576 5074 hic
2619 5005 2779 5072 duos
2811 5004 2967 5073 deos
2987 5006 3359 5085 introducit,
3403 4940 3627 5091 011οῗ
3616 5026 3875 5107 quqque
3892 5006 4210 5086 Hilarius,

2268 5090 2578 5172 Basilius,
2624 5092 3018 5158 Athanasius
3060 5098 3182 5157 etc.
3227 5091 3480 5170 docent,
3538 5113 3748 5177 neque
3805 5091 3937 5158 alio
3990 5090 4211 5157 diver-

2270 5176 2534 5243 sitatem
2596 5185 2710 5244 aut
2767 5175 3211 5261 pluralitatem
3279 5176 3552 5243 deorum
3605 5177 3845 5258 induci,
3911 5177 4042 5244 nisi
4084 5176 4210 5245 1100

2269 5282 2402 5328 11110
2443 5262 2658 5343 modo,
2701 5263 2758 5330 si
2799 5271 3036 5329 natura
3078 5261 3339 5330 diversa
3379 5262 3846 5342 introducatur,
3916 5262 4033 5329 ubi
4072 5263 4209 5329 iam

2271 5355 2461 5432 pater
2499 5369 2633 5415 non
2677 5355 2849 5415 esset
2888 5347 3282 5432 principium
3317 5348 3438 5415 filii
3479 5350 3599 5428 sui,
3657 5347 3774 5416 sed
3815 5353 4038 5414 essent
4078 5347 4207 5415 duo
