4850 6117
327 411 474 476 721

317 596 565 682 Spero
609 605 833 667 autem
873 601 1104 669 invitis
1161 599 1310 668 istis
1363 599 1673 672 omnibus
1727 607 2299 683 perseveraturum

319 683 414 750 in
490 687 785 754 vanitate·
887 687 1151 756 Novum
1213 685 1459 754 bellum
1478 689 1529 768 ³)
1598 693 1901 752 exertum
1961 693 2066 754 est
2127 686 2302 753 inter

319 768 651 840 Suetium
725 782 796 840 et
856 773 1114 844 Daniae
1190 773 1461 857 Regem.
1567 772 1899 839 Fortassis
1965 771 2300 842 oboriatur

472 877 555 924 ve
617 858 865 960 bellum
915 859 987 925 in
1041 858 1239 926 Italia
1293 865 1561 958 propter
1604 854 2068 960 Mediolanum,
2126 858 2298 942 quod

319 943 1633 1098 mfflffiffiwfflm..
1563 942 2299 1098 tamma-13

320 1135 550 1184 eausa
591 1116 908 1182 trinitatis
949 1126 1019 1185 et
1057 1118 1131 1186 in
1170 1137 1373 1184 cansa
1413 1114 1813 1183 Bzanaratae
1868 1125 1937 1182 et
1982 1115 2296 1186 ἅηηοανό.

322 1201 514 1269 Mox
553 1201 640 1269 ad
682 1209 751 1268 fe
789 1224 1019 1270 rursus
1061 1203 1321 1270 mittam
1362 1203 1604 1285 scripta
1636 1202 1901 1285 aliquot.
1956 1201 2300 1272 Vexamur

315 1288 624 1356 mirifice
682 1289 768 1390 ab
834 1288 999 1389 istis.
1100 1287 1366 1371 Optime
1430 1286 1582 1354 vale
1645 1307 1797 1387 cum
1859 1283 2169 1356 fratribus
2231 1295 2298 1354 et

315 1372 2297 1560 ffltffiuffiffbffiffl⁰fitzmttsssst‘waitz

331 1547 537 1612 1568.
627 1545 955 1612 Miramur
1010 1544 1202 1613 valde
1261 1544 1418 1629 quid
1473 1546 1590 1612 fiat
1643 1568 1714 1614 in
1760 1545 2013 1627 Gallia,
2079 1567 2296 1632 paxne

321 1630 440 1698 ait
479 1639 741 1716 recepta
795 1653 882 1698 an
938 1629 1323 1716 repudiata?
1401 1631 1656 1698 Iterum
1709 1632 2076 1715 iterumque
2128 1633 2293 1701 vale.

327 1715 594 1785 Salvus
635 1716 727 1785 sit
768 1719 851 1786 D.
895 1716 1255 1785 Ioavssleue.

1474 1855 1904 1941 Bullingerus
1951 1863 2122 1922 tuus.

521 2060 787 2143 Quaeso
844 2068 911 2128 te
964 2068 1041 2127 ut
1087 2060 1415 2146 scriptum
1458 2062 1599 2142 hoc,
1665 2061 1838 2145 qnod
1904 2062 2024 2130 tibi
2084 2061 2298 2146 mitto,

340 2153 610 2214 mature
663 2147 961 2215 remittas
1003 2146 1087 2213 ad
1128 2169 1251 2214 me.
1333 2147 1610 2214 Nullum
1653 2147 1862 2215 habeo
1903 2148 2295 2233 exemplum.

1219 2691 1431 2764 8938.

867 2846 1369 2916 SARNIOIUS
1413 2846 1776 2915 TRE'PIO.

522 3020 735 3087 Multa
798 3019 1420 3086 dvm-iaderabus
1468 3019 2036 3099 Polonicistradit,
2100 3022 2295 3089 sinna

347 3106 950 3188 eaminpam'am
1012 3108 1080 3169 ut
1143 3108 1674 3189 quamprimum
1737 3107 2291 3188 redeathonaaoe,

350 3191 2293 3277 ‹tatheoloqistvwiisutemsafflratadvariosprooe-

349 3298 451 3345 res
490 3278 921 3345 Athanasium
954 3283 1013 3342 et
1033 3274 1399 3344 Samicium
1441 3297 1520 3344 ex
1552 3298 1748 3361 aequo
1777 3281 2288 3347 commendantes.

357 3450 490 3515 (Per
537 3464 922 3506 amanuensem
965 3449 1195 3503 Sarnicii
1245 3449 1426 3503 deseri
1463 3454 1523 3503 ta
1577 3450 1598 3503 l
1670 3449 1778 3503 ‘tur
1826 3450 1887 3503 in
1938 3449 2069 3506 Ood.
2124 3451 2291 3508 Arch.

345 3518 525 3576 Turio.
574 3521 718 3575 Plut.
766 3518 858 3573 VI.
895 3518 1023 3572 Vol.
1072 3516 1189 3584 168,
1238 3519 1370 3572 olim
1544 3558 1557 3572 .
1641 3535 1746 3574 om.
1792 3517 1879 3588 25,
1916 3519 2009 3575 fol.
2055 3518 2176 3574 215.
2226 3548 2289 3559 -

1053 3586 1250 3642 Simler
1284 3587 1410 3642 Vol.
1449 3535 1589 3655 iffi.)

342 3759 746 3844 Exemplum
822 3715 1165 3826 literarum
1230 3758 1313 3824 ad
1378 3756 1751 3824 Thretium:
1841 3766 1908 3825 et
1981 3779 2141 3846 rogo
2206 3760 2290 3826 D.

343 3844 808 3930 Bullingerum
851 3852 924 3911 ut
967 3845 1177 3929 primo
1220 3863 1478 3929 quoque
1522 3852 1812 3928 tempore
1853 3866 1973 3930 per
2008 3846 2289 3931 aliquem

345 3939 600 3997 certum
643 3931 1049 3998 tabellarium
1097 3931 1275 3998 hunc
1315 3930 1700 3998 fasciculum
1733 3930 2073 3997 literarum
2108 3940 2291 3999 curet
2319 3951 2324 3960 ·

910 4018 995 4083 D.
1043 4015 1320 4084 Calvino
1354 4017 1732 4082 transmitti.

518 4188 777 4254 Eximie
818 4196 886 4254 et
941 4188 1207 4256 colende
1258 4190 1476 4255 frater.
1562 4187 1889 4254 Redditae
1928 4200 2085 4256 sunt
2126 4191 2292 4256 mihi

347 4271 576 4339 literae
630 4283 783 4340 tuae
850 4278 946 4340 18.
994 4275 1253 4359 Aprilis,
1322 4297 1405 4342 ex
1460 4276 1694 4361 quibus
1738 4276 1958 4340 omnia
2010 4277 2294 4343 iucunda

346 4366 414 4424 et
479 4355 652 4426 laeta
715 4361 951 4445 accepi,
1022 4362 1146 4427 hoc
1207 4383 1340 4428 uno
1406 4369 1676 4445 excepto
1740 4360 1910 4446 quod
1975 4360 2295 4432 adventus

346 4450 504 4512 tuus
567 4443 640 4512 in
720 4445 857 4513 dies
921 4448 1454 4532 procrastinatur.
1563 4448 1628 4516 N
1629 4470 1712 4514 on
1778 4448 2009 4515 fuisset
2073 4456 2295 4516 autem

346 4549 513 4615 opus
555 4540 623 4597 et
673 4540 739 4598 te
782 4553 860 4599 ea
908 4531 1345 4599 sollicitudine
1406 4533 1720 4613 distineri,
1785 4542 1853 4600 et
1907 4534 2074 4601 mihi
2117 4534 2293 4603 labo-

346 4637 489 4683 rem
527 4616 599 4683 in
642 4618 1163 4686 transmittendis
1204 4621 1535 4703 responsis
1556 4620 2051 4687 Genevensium
2077 4623 2128 4705 ²)
2168 4622 2293 4688 im-

431 4725 605 4786 nere,
649 4705 705 4770 si
747 4705 1016 4788 inquam
1060 4726 1173 4772 eae
1216 4726 1378 4789 quas
1421 4713 1616 4773 antea
1658 4706 1739 4772 ad
1797 4712 1864 4772 te
1922 4705 2292 4774 direxeram

379 4788 580 4857 ‘terae
635 4789 892 4877 integre
948 4790 1032 4858 ad
1088 4812 1326 4858 manus
1383 4799 1529 4860 tuas
1583 4789 2054 4876 pervenissent.
2157 4787 2293 4862 De-

552 5064 612 5131 3)
653 5066 888 5120 Minime
919 5082 1119 5120 novum
1153 5074 1203 5122 ei
1238 5065 1450 5122 diutius
1485 5064 1828 5122 duraturum.

553 5133 613 5192 4»
650 5136 788 5188 voni
817 5149 1079 5189 mom.

343 5199 534 5259 8988.
558 5203 617 5268 1)
654 5202 742 5257 Dc
775 5204 1102 5272 ommam
1340 5275 1349 5285 ·
1423 5203 1633 5286 ambiqi
1659 5211 1846 5270 potest,
1872 5221 2047 5287 ‘quum
2079 5209 2289 5263 mesda—

346 5285 489 5393 3¹⁸⁸]
540 5275 1191 5397 uoesswummo
1235 5279 1443 5341 sno-opta
1488 5281 1561 5329 sat
1592 5274 1912 5331 Admonitu>
1944 5291 2109 5345 quam
2149 5277 2286 5347 Opp.

552 5424 772 5481 Caluini
801 5441 987 5497 opera.
1069 5428 1181 5484 Vol.
1216 5427 1386 5482 XIX.

2105 414 2265 480 1563
2307 410 2617 478 APRIL.

4231 419 4359 490 ‘122

2399 601 2793 685 scripseram
2858 621 2982 685 ego
3033 601 3255 668 omnia
3305 600 3498 685 plene
3570 607 3638 667 et
3689 602 3965 689 integre,
4029 604 4126 669 ita
4174 605 4354 689 quod

2401 688 2724 772 deinceps·
2751 685 3212 772 promittebam
3255 708 3387 754 non
3442 707 3608 771 opus
3664 688 3831 758 mihi
3888 689 4024 755 fore
4066 689 4349 773 amplius

2400 775 2684 844 seribere
2726 774 2810 840 ad
2868 781 2935 839 te
2990 771 3300 856 quamdiu
3354 773 3504 840 istic
3556 773 3876 840 subsistis.
3965 774 4194 858 Neque
4234 775 4351 842 ad-

2400 860 2534 928 hue
2575 860 2772 943 plane
2810 858 3181 959 despondeo
3237 859 3530 924 animum
3584 859 3744 943 quin
3797 868 3946 942 post
3989 859 4348 932 discessum

2398 945 2597 1016 huius
2641 944 2964 1012 tabellarii
2996 944 3249 1028 perlata
3293 952 3451 1010 sunt
3482 964 3563 1010 ea
3594 963 3763 1028 quae
3782 945 4113 1013 miseram.
4181 946 4350 1014 Utut

2399 1040 2626 1098 tamen
2663 1039 2783 1111 est,
2826 1049 2961 1098 non
2994 1030 3321 1115 gravabor
3352 1030 3423 1096 in
3458 1051 3531 1098 re
3566 1038 3703 1096 tam
3735 1030 4072 1098 fastidiosa
4104 1032 4347 1102 iterum

2399 1117 2679 1186 eundem
2722 1133 3051 1185 resumere
3092 1116 3398 1193 laborem,
3442 1137 3520 1184 ac
3560 1117 3866 1199 inprimis
3909 1116 3991 1183 de
4031 1123 4213 1184 statu
4255 1118 4348 1186 is·

2398 1214 2618 1270 tanim
2662 1203 2771 1271 hic
2814 1202 3234 1270 ecclesiarum
3278 1199 3574 1270 delibabo
3618 1201 3956 1285 quaedam,
3998 1209 4226 1286 postea
4260 1203 4347 1270 ad

2396 1290 2803 1374 interrogata
2844 1297 2959 1355 tua
3001 1287 3230 1354 ordine
3274 1285 3694 1371 respondebo.

2570 1375 2760 1457 Quae
2801 1374 3066 1441 comitia
3080 1377 3138 1449 2)
3182 1379 3695 1454 antecesserunt,
3797 1393 4009 1441 naevo
4051 1375 4122 1440 in
4183 1375 4344 1460 ipsis

2397 1461 2678 1528 comitiis
2742 1468 2889 1528 aeta
2952 1466 3126 1539 sunt,
3194 1457 3355 1524 haee
3409 1480 3526 1542 per
3569 1459 3653 1525 D.
3715 1395 3996 1541 θεωρία,
4061 1461 4344 1544 equitem

2396 1547 2724 1614 Polonum
2779 1548 2890 1631 qui
2943 1545 3262 1630 Tigurum
3318 1544 3549 1621 iverat,
3623 1545 4110 1631 descripseram.
4198 1547 4344 1616 Iam

2397 1653 2554 1700 vero
2598 1655 2770 1699 nunc
2814 1632 2893 1699 de
2936 1631 3019 1697 iis
3061 1651 3226 1714 quae
3268 1630 3672 1714 subsequuta
3729 1640 3900 1699 suut.
3990 1631 4130 1700 Sub
4175 1641 4345 1702 tem·

2394 1740 2520 1803 pus
2582 1719 2993 1784 comitiorum
3052 1725 3273 1784 coacta
3346 1715 3474 1781 fuit
3515 1714 3827 1802 synodus
3881 1716 4143 1800 ibidem,
4219 1719 4346 1786 hoc

2395 1812 2515 1885 est,
2557 1804 2982 1882 Petricoviae,
3024 1803 3095 1868 in
3138 1822 3270 1885 qua
3310 1797 3687 1869 conclusum
3730 1811 3873 1876 erat
3914 1813 3988 1869 nt
4031 1805 4343 1887 quemad-

2396 1890 2662 1958 modum
2704 1889 3068 1956 ministerio
3119 1887 3410 1970 &rayno-ii
3463 1897 3686 1954 coetus
3731 1888 4187 1957 cracoviensis
4229 1891 4343 1957 de-

2395 1975 2693 2043 foedatus
2735 1983 2879 2041 erat
2915 1983 2992 2040 ut
3033 1973 3276 2040 iterum
3332 1972 3820 2053 reformaretur,
3875 1975 4343 2043 ministerium·

2396 2083 2523 2145 que
2557 2060 3060 2146 praedicationis
3093 2059 3298 2143 priori
3333 2058 3533 2124 nitori
3565 2060 4024 2126 restitueretur
4058 2062 4342 2147 erigere-

2393 2157 2650 2232 turque.
2736 2148 2828 2213 Et
2870 2148 2994 2213 hoc
3034 2145 3297 2229 quidem
3340 2145 3582 2210 factum
3625 2154 3743 2225 est,
3788 2147 3934 2213 Deo
3978 2147 4069 2213 sit
4108 2149 4342 2233 gloria,

2395 2234 2513 2300 sed
2556 2254 2689 2300 non
2730 2234 2872 2299 sine
2914 2253 3058 2298 meo
3102 2250 3339 2315 magno
3380 2228 3601 2296 labore
3637 2238 3704 2297 et
3746 2234 3990 2298 maiore
4031 2235 4340 2318 periculo.

2396 2319 2773 2386 Veniebant
2852 2330 3077 2383 tamen
3149 2314 3482 2382 interdum
3546 2337 3652 2383 me
3717 2317 4012 2384 adiutum
4076 2320 4343 2404 quidam

2396 2405 2552 2472 boni
2592 2406 2850 2470 fratrea.
2940 2401 3128 2470 Scire
3192 2402 3370 2468 enim
3415 2400 3610 2467 debes
3668 2402 3800 2468 iam
3843 2425 4071 2471 omnes
4113 2407 4343 2473 minis-

2397 2498 2555 2571 tros,
2602 2491 2888 2573 exceptis
2931 2511 3049 2555 sex
3091 2487 3226 2554 illis
3266 2509 3430 2572 quos
3468 2489 3710 2554 novisti
3726 2491 3783 2565 ⁸)
3839 2489 3920 2555 ad
3964 2512 4152 2557 suam
4209 2502 4344 2559 sta-

2398 2577 2643 2642 tionem
2696 2574 2983 2642 rediisse.
3073 2574 3246 2640 Nam
3301 2572 3473 2657 quod
3524 2573 3618 2639 illi
3677 2575 3973 2659 schedae,
4039 2578 4226 2645 cuius
4268 2585 4345 2645 tu

2398 2662 2799 2728 mentionem
2865 2660 3046 2740 facis,
3126 2659 3661 2743 subscripserant,
3724 2659 3795 2725 id
3856 2682 3989 2727 non
4052 2664 4346 2730 fecerant

2397 2748 2594 2813 multi
2650 2769 2738 2813 ex
2800 2746 2934 2814 illis
2997 2765 3309 2830 perverso
3374 2745 3624 2811 animo:
3690 2745 3805 2812 sed
3862 2768 3900 2812 a
3956 2748 4344 2832 Lysmanino

2397 2833 2828 2902 circumventi
2867 2839 3075 2910 erant,
3120 2833 3231 2916 qui
3273 2832 3428 2914 quia
3469 2852 3588 2914 pro
3631 2831 3980 2899 domestico
4025 2843 4094 2899 et
4126 2836 4344 2919 quieto

2398 2921 2541 2987 cive
2584 2919 2892 2987 ecclesiae
2933 2916 3313 2994 habebatur,
3376 2938 3452 2982 eo
3506 2918 3717 3002 magis
3773 2917 4040 3000 quidam
4093 2920 4344 3003 simpli-

2397 3007 2602 3073 ciores
2646 3028 2717 3073 se
2779 3005 2907 3089 ipsi
2965 3002 3336 3071 credebant.
3425 3002 3619 3070 Unde
3662 3004 3903 3070 ffictum
3949 3013 4050 3070 est
4090 3011 4168 3070 ut
4211 3006 4340 3073 tale

2397 3090 2712 3157 damnum
2753 3112 2872 3174 per
2913 3090 3103 3155 illum
3146 3089 3418 3156 ecclesia
3480 3089 3779 3172 accepit*
3822 3090 4014 3173 quale
4058 3091 4171 3160 vix
4222 3092 4340 3158 ali-

2395 3178 2543 3261 quis
2584 3178 2988 3261 opinaretur.
3077 3175 3272 3241 Nunc
3338 3173 3493 3257 quid
3548 3174 3952 3241 meditatur*
3995 3197 4208 3261 quove
4250 3177 4338 3244 sit

2395 3264 2614 3330 animo
2630 3315 2647 3344 ,
2715 3261 3042 3346 Oedipum
3108 3281 3302 3346 agere
3364 3260 3534 3326 nolo.
3633 3260 3770 3327 Sed
3825 3262 4158 3329 Protheus
4221 3275 4339 3330 est.

2395 3348 2596 3416 Oerto
2640 3356 2862 3414 tamen
2906 3347 3143 3431 accepi,
3209 3347 3383 3412 inter
3434 3367 3584 3411 eum
3651 3356 3720 3412 et
3768 3347 4139 3433 Greqorium
4181 3350 4340 3433 glis-

2394 3453 2541 3502 cere
2583 3435 2976 3513 inimicitias,
3018 3433 3114 3499 ita
3155 3432 3376 3516 quod·
3416 3433 3590 3498 inter
3632 3454 3742 3498 eos
3787 3434 4012 3500 volant
4051 3433 4340 3501 acerbio-

2392 3542 2501 3587 res
2556 3521 2804 3587 literae.
2886 3519 3336 3587 Lismaninum
3384 3517 3735 3602 Greyorius
3793 3528 4053 3587 accusat
4106 3521 4338 3588 levita-

2598 3763 2658 3822 2)
2693 3760 3036 3816 Petricoviae
3068 3759 3333 3814 celebrata
3368 3773 3434 3810 m.
3462 3755 3776 3838 Februario
3807 3758 3903 3827 (cf.
3925 3763 4250 3829 sequentem)
4288 3768 4341 3817 et

2391 3833 2506 3915 iam
2527 3833 2804 3915 ‘'parcen-te
2850 3843 3007 3913 anno·
3034 3826 3185 3894 1562,
3220 3831 3291 3908 ut·
3315 3834 3565 3909 apparet·
3581 3842 3647 3881 ea·
3682 3826 3919 3908 duversis
3964 3829 4095 3883 locis
4138 3828 4341 3885 Labie-

2391 3895 4340 4035 fmiff‘mam‘fflfflffissfffflaefflfflae&333⁰ae

2392 4038 2632 4093 coviensi
2668 4054 2808 4107 quae
2861 4045 2921 4090 nt
2954 4036 3273 4105 accepimus,
3307 4033 3630 4087 decurrente
3665 4050 3810 4087 anno
3844 4034 4149 4089 celebratae
4195 4044 4338 4106 sunt,

2391 4111 2546 4162 mett.
2581 4112 2633 4161 et
2658 4123 2717 4176 p.
2757 4076 2887 4159 1622
2922 4104 3192 4160 Sarnicius
3209 4102 3544 4157 commodam
3573 4103 3909 4156 occasionem
3945 4119 4129 4157 sacrae
4149 4109 4339 4175 tyran-

2393 4176 2534 4231 nidis
2567 4174 2904 4229 invadendae
2938 4174 2996 4227 in
3030 4173 3178 4227 Gom.
3225 4172 3372 4225 Petr.
3407 4188 3457 4224 a.
3504 4169 3574 4224 62
3607 4173 3808 4227 coactis
3855 4172 4117 4241 arripere,
4151 4175 4340 4229 minis-

2392 4251 2511 4299 tros
2529 4244 2624 4313 qui
2657 4245 2786 4297 illuc
2819 4259 2940 4296 cum
2958 4242 3203 4311 patronis
3224 4240 3336 4293 suis
3358 4240 3439 4293 fre
3481 4244 3671 4293 nentes
3687 4246 4054 4295 convenerant
4068 4242 4129 4295 in
4148 4249 4337 4312 partes

2392 4314 2640 4367 trahere:
2676 4320 2793 4365 tum
2809 4312 3045 4393 ‘demum
3077 4310 3261 4364 omnia
3292 4326 3394 4379 pro
3429 4309 3468 4361 11
3491 4309 3655 4391 ‘idi-ne
3801 4326 3874 4391 re,
3923 4310 4162 4379 synodos
4205 4329 4334 4395 cop-

2393 4379 3186 4531 133ἷέῧῖξὲἶῖιῇῗέὮὲ
3220 4378 3744 4529 &dati-¹331}
3757 4380 4339 4531 ⁰0Q¹3⁶m⁰¹³2⁰553t301¹3³331

2393 4516 3843 4666 :322⁶{ttffl‘ffisstmfsgtmff‘tffisst
3866 4517 4342 4643 ῗέῖἕῗυὼὲἐᾱὲἳ

2391 4674 2527 4740 ⁹²⁸⁶·
2527 4663 2614 4711 ‘⁰‘
2647 4657 2742 4738 ¹⁰2
2762 4653 4338 4782 ²³¹⁸m⁰³ffiit³stff¹n⁰⁸1ssz¹i¹ttfft¹ssm⁹dttctssffim

2393 4728 2544 4851 3131?-
2570 4740 2844 4862 adfigi-ges,
2880 4741 3021 4847 ὃὲο.ι
3030 4757 3400 4873 Schemauhus
3433 4798 3492 4845 et
3524 4791 3619 4846 alii
3653 4766 3869 4874 causam
3902 4762 4181 4848 meliorem
4216 4741 4340 4848 cti-3

2392 4863 2656 4932 Gramen-io
2690 4862 2973 4917 tutandm
3008 4866 3362 4930 susceperint.
3399 4889 3467 4899 -
3505 4860 3840 4916 &mam
3864 4860 4003 4916 Test.
4116 4899 4130 4912 .
4164 4861 4339 4919 Sand.

2382 4949 2461 5058 ᾖ..
2486 4932 2619 4987 194.-
2652 4934 2720 5014 A.
2759 4929 2896 4985 1563
2928 4931 3123 5014 missus
3155 4946 3275 4983 sum
3310 4930 3381 4982 ab
3410 4928 3639 5008 ecclesia
3670 4946 3792 5012 cnm
3817 4931 4048 5013 'optimis‘
4121 4931 4340 5014 eroibns

2445 5019 2542 5057 ner.
2579 5001 2760 5071 Phihp
2799 5000 2973 5055 owsln
3007 5008 3063 5053 et
3079 5000 3228 5052 ΒΜ.
3253 4998 3509 5052 Lassoch
3542 4998 3614 5053 ad
3647 5004 3868 5052 comitia
3892 5000 4338 5064 Petncoviensia,

2390 5072 2485 5126 nbi
2514 5087 2645 5125 mox
2680 5088 2715 5123 a
2821 5069 2993 5123 rnicic
3029 5073 3087 5121 et
3118 5067 3241 5121 aliis
3275 5067 3579 5123 senioribus
3623 5066 3702 5120 fui
3745 5068 4036 5122 infamatus
4069 5068 4139 5123 de
4174 5069 4335 5123 Aria-

2308 5148 2315 5156 ·
2390 5142 2583 5206 nismo,
2629 5155 2737 5208 qna
2781 5138 2851 5192 de
2894 5154 2954 5191 re
2997 5153 3099 5206 ego
3140 5152 3211 5190 ne
3254 5136 3549 5205 cogitaram
3596 5136 3831 5205 quidem.
3917 5136 4028 5190 Ubi
4086 5155 4120 5191 a
4175 5138 4334 5219 nobis

2389 5210 2572 5278 palam
2604 5208 2963 5263 secessionem
2992 5206 3234 5262 fecerunt
3265 5205 3384 5259 sine
3417 5203 3530 5257 ulla
3562 5205 3709 5259 iusta
3740 5220 3917 5259 causa.
3949 5202 4068 5272 (Of.
4101 5206 4338 5261 anbten.

2382 5294 2439 5347 p.
2479 5276 2583 5331 158
2596 5276 2916 5416 iffguomm
2951 5344 3176 5401 nomina
3203 5343 3349 5398 inter
3362 5340 3523 5397 modo
3536 5341 3794 5399 laudatas
3810 5341 4129 5481 Ἦαωιᾶα
4157 5347 4337 5401 mat.
