4850 6117
643 406 781 469 567

639 610 787 675 ‘que
827 589 894 656 16
934 589 1220 656 tirannio
1263 598 1333 655 et
1374 585 1627 673 orgeuil
1668 586 1944 654 barbare
1978 585 2061 652 de
2100 606 2271 653 ceux
2306 582 2613 669 ausquels

655 677 744 743 ils
786 683 1181 760 permettent
1212 673 1294 742 de
1326 674 1617 759 baptiser
1656 673 1840 740 leurs
1879 672 2126 752 enfans,
2169 670 2258 737 ils
2299 676 2614 738 commet-

655 771 807 829 tent
848 782 981 827 666
1021 762 1218 840 faute,
1277 781 1405 845 666
1446 781 1534 826 66
1575 780 1648 827 66
1688 766 1846 844 6661
1887 779 2166 825 excuser
2206 757 2280 823 ni
2322 755 2611 836 tollerer,

647 869 773 916 661
813 847 864 912 11
904 854 1006 914 661
1046 846 1298 914 certain
1340 867 1465 931 que
1506 867 1614 913 ces
1798 845 1813 860 “
2021 843 2234 927 616166
2270 840 2354 909 (16
2395 843 2613 928 graise

647 942 726 1000 et
766 935 1031 1000 6166616
1086 954 1126 998 6
1180 932 1328 999 1661
1371 933 1525 1012 6166,
1542 933 1602 1014 ⁶)
1643 952 1729 997 ne
1783 928 2142 998 cherchent
2203 928 2262 996 si
2324 949 2464 994 non
2527 928 2612 993 de

651 1018 1025 1103 triompher
1068 1019 1150 1084 de
1191 1018 1439 1098 Christ,
1498 1024 1564 1084 et
1617 1016 1699 1082 de
1756 1036 1830 1082 sa
1871 1016 2099 1096 verite,
2155 1034 2270 1081 car
2309 1034 2480 1080 nous
2522 1034 2611 1080 ne

651 1124 955 1189 pouvons
987 1105 1214 1170 nourir
1257 1104 1403 1170 leur
1442 1102 1773 1169 insolence
1807 1123 1961 1169 sans
1994 1102 2157 1168 faire
2196 1100 2416 1185 injure
2452 1121 2609 1167 con-

647 1189 930 1256 tinuelle
993 1212 1035 1257 a
1095 1189 1342 1257 Christ.
1445 1189 1617 1256 Mais
1681 1188 1814 1253 s’ils
1876 1212 1922 1275 y
1990 1189 2412 1271 entreJettent
2470 1205 2608 1252 une

645 1275 927 1342 francho
982 1284 1050 1341 et
1107 1277 1390 1343 entierre
1444 1275 1825 1356 confession,
1875 1293 1997 1357 par
2045 1272 2328 1356 laquelle
2369 1271 2456 1339 ils
2497 1293 2607 1337 ra-

651 1361 944 1429 baissent
984 1361 1389 1446 l’arrogance
1424 1361 1504 1426 de
1539 1381 1646 1427 ces
1678 1358 2086 1439 venerables,
2109 1360 2165 1445 θ)
2212 1359 2262 1427 J
2261 1380 2300 1425 e
2340 1379 2428 1424 ne
2471 1379 2606 1443 voy

649 1449 858 1531 point,
901 1449 1224 1532 pourquoi
1265 1447 1395 1513 l'on
1440 1446 1673 1514 (161666
1703 1445 1793 1510 (16
1826 1451 1971 1511 1661
2006 1444 2402 1512 condamner
2437 1464 2605 1510 ceux

652 1534 771 1618 qui
813 1540 967 1599 sont
1008 1533 1401 1600 contraiucts
1444 1532 1526 1598 de
1567 1539 1926 1615 permettre
1968 1553 2094 1616 que
2146 1530 2324 1598 leurs
2368 1531 2603 1597 enfans

649 1625 889 1705 soyent
928 1620 1213 1703 baptizes
1254 1640 1378 1703 par
1419 1639 1586 1685 ceux
1671 1617 1743 1684 ui
1784 1626 1936 1684 sont
1977 1637 2227 1683 comme
2269 1614 2602 1684 ordonnes

651 1712 724 1771 et
766 1705 1120 1771 constitues
1142 1726 1182 1770 a
1215 1703 1383 1771 cela:
1409 1706 1466 1785 ⁷)
1508 1725 1650 1771 com
1693 1704 1804 1769 ien
1824 1702 2016 1788 qu’ils
2050 1723 2137 1768 66
2175 1701 2274 1769 166
2317 1722 2602 1787 666166-

654 1799 815 1857 6661
855 1790 1057 1874 66161.
1144 1789 1325 1857 O’est
1368 1790 1581 1856 aultre
1624 1790 1822 1856 chose
1862 1789 1943 1855 (16
1983 1788 2051 1854 16
2085 1788 2223 1856 816.
2259 1787 2462 1869 0666,
2505 1787 2600 1854 16-

647 1877 828 1961 66611
848 1882 883 1916 *
935 1876 1054 1943 nul
1107 1898 1192 1942 ne
1241 1883 1401 1961 peut
1453 1875 1788 1942 recebvoir
1840 1875 1922 1942 de
1978 1874 2126 1941 leur
2181 1875 2381 1955 main,
2441 1873 2601 1959 qu'il

643 1983 733 2028 ne
773 1982 1058 2029 1666666
1099 1962 1603 2029 6661666616661
1643 1982 1685 2027 6
1725 1962 1794 2027 16
1835 1959 1974 2027 816.
2019 1961 2357 2028 Β6611166.

813 2046 877 2113 ΙΙ
920 2068 1005 2114 66
1049 2069 1218 2115 6666
1261 2070 1302 2114 6
1354 2070 1474 2133 666
1528 2047 1776 2114 6616616
1831 2045 2183 2130 expedient
2236 2045 2318 2111 de
2372 2066 2600 2129 passer

635 2130 792 2217 plus
851 2133 1082 2213 oultre,
1147 2154 1188 2199 a
1251 2134 1576 2200 l’examen
1622 2131 1704 2200 de
1768 2141 1983 2199 toutes
2046 2132 2145 2200 les
2202 2132 2450 2216 parties
2515 2132 2598 2198 de

633 2228 818 2286 ceste
860 2228 1292 2287 controverse.
1360 2221 1615 2286 Mesme
1671 2224 1945 2285 n'avons
2003 2227 2187 2287 trove
2242 2218 2598 2304 expedient

631 2325 807 2388 pour
873 2304 1200 2390 plusieurs
1265 2306 1522 2372 raisons
1580 2305 1662 2371 de
1721 2304 1992 2371 toucher
2033 2326 2075 2371 a
2130 2326 2205 2371 ce
2260 2326 2387 2389 666
2428 2325 2594 2372 6666

635 2411 801 2457 avez
846 2392 1042 2457 escrit
1085 2390 1167 2458 de
1207 2414 1302 2476 66.
1327 2394 1383 2469 ⁸)
1468 2391 1802 2475 Pourquoi
1846 2412 2011 2457 nous
2052 2411 2217 2457 vous
2257 2390 2483 2474 prions
2527 2397 2597 2456 et

633 2476 973 2543 obtestons
1030 2499 1117 2544 66
1181 2499 1334 2544 6616
1392 2476 1474 2543 de
1530 2476 1727 2554 Dieu,
1792 2475 2102 2561 qu'ayans
2165 2479 2346 2561 quite
2411 2483 2595 2542 toute

635 2561 944 2628 affection
1002 2562 1118 2629 des
1184 2562 1445 2630 desbats
1511 2583 1670 2629 avec
1735 2569 1917 2628 toute
1981 2569 2363 2643 amertume,
2423 2575 2592 2630 6666

634 2668 807 2712 6666
849 2647 1239 2715 embrassies
1281 2649 1842 2715 fraternellement
1890 2647 1989 2715 les
2030 2670 2161 2715 uns
2204 2647 2301 2715 les
2345 2656 2589 2716 autres.

629 2733 826 2799 Oeux
868 2734 983 2816 qui
1045 2742 1199 2799 sont
1263 2756 1605 2818 oppresses
1662 2733 1743 2799 de
1797 2741 1972 2800 ceste
2016 2733 2178 2800 dure
2236 2734 2591 2815 servitude,

631 2819 825 2901 qu’ils
890 2820 1247 2904 gemissent
1306 2830 1371 2887 et
1436 2820 1890 2905 congratulent
1948 2840 1989 2885 a
2043 2820 2189 2886 leur
2252 2820 2458 2888 freres
2523 2821 2592 2887 la

627 2904 868 2973 liberte
902 2905 1075 2988 66116
1108 2915 1225 2973 661
1266 2913 1510 2990 661666
1550 2928 1635 2973 66
1682 2928 1776 2971 66
1812 2914 1998 2972 66116
2031 2904 2198 2973 1166;
2254 2927 2384 2990 666
2418 2927 2588 2975 ceux

629 3011 675 3055 a
730 2991 844 3075 qui
886 2990 1062 3057 Dieu
1117 3015 1160 3058 a
1213 2993 1372 3060 faict
1423 2992 1490 3058 la
1543 3012 1739 3077 grace
1796 2990 2222 3077 d'eschapper
2276 2992 2357 3060 (16
2411 3001 2589 3060 66616

631 3076 800 3143 (1616
843 3076 1260 3156 (16611661166,
1306 3085 1507 3164 ayent
1560 3078 1838 3161 plustost
1894 3078 2301 3162 compassion
2335 3100 2377 3145 a
2410 3079 2590 3146 leurs

627 3162 860 3242 freres,
902 3185 1030 3247 que
1073 3163 1137 3229 16
1157 3169 1197 3207 ⁴*
1253 3169 1589 3249 pressantz
1632 3173 1821 3232 outre
1862 3186 2126 3231 1666616
2165 3164 2311 3231 1661·
2367 3166 2588 3234 faoeut

621 3248 870 3331 perdre
911 3268 1212 3335 courage.
1282 3250 1674 3318 Pardonnes
1706 3272 1874 3317 nous
1914 3250 2301 3334 cependant,
2346 3272 2419 3318 66
2460 3272 2588 3336 666

623 3353 808 3399 nous
851 3356 1055 3402 avons
1088 3335 1313 3402 mieux
1355 3337 1525 3403 aime
1567 3337 1743 3402 tenir
1773 3343 1949 3403 ceste
1981 3336 2410 3418 moderatim,
2454 3358 2583 3422 666

629 3420 716 3485 (16
761 3421 1112 3504 6661616116
1154 3443 1195 3487 6
1234 3431 1383 3489 tous
1425 3443 1548 3490 666
1591 3421 1816 3490 (166116.
1901 3423 2006 3489 Le
2048 3421 2380 3507 Seigneur
2421 3443 2586 3492 vous

630 3526 973 3590 gouverne
1014 3527 1135 3592 par
1178 3528 1297 3575 666
1320 3509 1525 3592 esprit
1546 3508 1627 3574 de
1669 3508 2106 3575 mansuetuda
2148 3517 2217 3574 et
2250 3507 2590 3593 benignite

631 3612 796 3659 6666
837 3612 969 3658 666
989 3599 1358 3676 “constance
1408 3593 1761 3661 1661661616
1803 3606 1874 3661 61
1914 3615 2078 3663 6666
2118 3595 2476 3662 1666616616
2519 3603 2589 3661 61

630 3678 1041 3744 maintienne
1082 3679 1234 3747 unis
1276 3679 1606 3747 ensemble
1648 3702 1731 3746 66
1773 3701 1870 3746 66
1922 3700 2112 3764 66166
2153 3701 2278 3766 661
2332 3680 2396 3747 16
2450 3680 2589 3747 1166

631 3761 718 3830 (16
762 3763 1012 3830 charite
1065 3776 1133 3831 et
1176 3764 1500 3833 dilection.
1586 3768 1652 3832 A
1693 3764 1872 3832 Dieu
1927 3787 2123 3852 soyes
2174 3788 2587 3835 recomman-

632 3849 770 3929 des,
814 3850 1019 3917 freres
1062 3852 1425 3919 trescheres
1469 3858 1535 3919 et
1576 3852 1729 3918 bien
1773 3871 2018 3937 aymes.
2037 3857 2092 3931 ⁹)
2157 3850 2265 3918 De
2310 3853 2585 3921 966666

633 3935 700 4001 16
741 3939 845 4000 27.
893 3935 1219 4004 (1’6616616
1259 3939 1449 4004 Α666
1498 3940 1679 4004 1562.

1938 4075 2114 4143 Jean
2158 4073 2406 4144 Calvia.

836 4295 898 4366 5)
931 4300 1142 4352 certum
1175 4302 1261 4351 est
1293 4298 1613 4352 umbratiles
1657 4298 1784 4352 illos
1815 4299 2093 4353 ministros
2135 4298 2273 4353 nihil
2305 4299 2456 4353 aliud
2491 4315 2583 4353 66-

627 4365 753 4417 nari
787 4365 1151 4499 qweoffie
1185 4366 1405 4421 Christo
1441 4372 1500 4421 et
1531 4383 1664 4421 sana
1686 4365 1935 4422 doctrina·
1955 4367 2292 4438 triumphum
2313 4373 2498 4439 agant.

837 4501 898 4565 7)
931 4504 1060 4571 quia
1090 4504 1234 4558 ferre
1405 4507 1535 4558 ntur
1568 4510 1632 4558 ut
1664 4504 1968 4559 ordinarios
2000 4505 2295 4561 ministros.

836 4570 898 4637 8)
934 4572 1063 4625 add.
1097 4587 1167 4627 ne
1198 4573 1295 4627 sed
1358 4573 1683 4655 'tas-nostra
1715 4575 1894 4628 oleum
1927 4574 2138 4629 6616166
2171 4574 2417 4657 adderet.

626 4706 709 4763 a..
745 4706 823 4762 N.
837 4638 871 4693 ⁹
949 4641 1739 4781 ¹3⁰{t⁶³ffl⁸'.1‘52,²‘i1.²¹2„⁸⁸.‘⁶3‘⁸29⁸25
1759 4642 1844 4780 ,ξ’
1854 4644 2148 4768 1352&
2139 4643 2379 4782 “123⁸
2406 4647 2582 4767 22⁰3?

621 4774 1157 4863 pandesdpqlais
1200 4777 1822 4837 en1559etee1uides
1865 4779 2581 4864 Wauonqenlboe,ane

621 4852 797 4969 16
797 4847 934 4969 5¹3:
949 4847 1793 4987 6616666666
1816 4849 2407 4975 {affirmatur}
2440 4846 2579 4975 ᾖς

617 4982 913 5039 ”mauis
944 4980 1246 5053 rison-mdes,
1282 4984 1581 5042 elimando
1612 4993 1665 5044 et
1704 4987 1995 5054 francam,
2030 4986 2251 5044 e‘tabliec
2284 4989 2322 5043 ὰ
2357 4988 2575 5044 stanc-

617 5051 778 5134 1616.ρ
824 5051 911 5107 116
956 5060 1148 5108 curent
1188 5056 1244 5109 la
1271 5058 1602 5122 permissione
1648 5056 1714 5112 de
1746 5072 1806 5111 se
1844 5056 2039 5111 re'unir
2072 5055 2218 5112 dans
2249 5056 2345 5111 des
2377 5058 2577 5114 locam

607 5136 822 5189 preces,
853 5123 1184 5191 permissio„
1218 5126 1318 5193 qui
1345 5125 1464 5178 leur
1493 5125 1585 5191 fut
1613 5124 1807 5181 retire'e
1837 5141 1907 5182 en
1945 5124 2080 5180 1594
2110 5132 2163 5182 et
2197 5124 2350 5180 1596.

2163 393 2688 463 ΕΡΙΒΤΟῙιΔΕ
2730 397 3154 462 3871-3873

4530 403 4641 465 568

3598 582 3798 656 3872.

3106 738 3779 809 BULLINGERUS
3832 739 4268 808 GALVmO.

2848 909 4643 995 'ErinGaaiaetinHezvetiaresinpeiu-svmun-

2712 998 4642 1084 waipsemnquamadeoomispeaecidissesffi

2711 1083 3668 1168 videtmquamhoctempore.

2707 1256 2820 1326 (Ex
2854 1254 3197 1378 autographo
3230 1255 3389 1310 Aroh.
3428 1256 3608 1310 Turic-
3641 1255 3785 1311 Plut.
3821 1256 3915 1311 VI.
3948 1256 4069 1312 Vol.
4086 1254 4189 1310 129
4240 1257 4376 1311 olim
4406 1257 4571 1312 Scrin.
4587 1258 4640 1313 B.

3021 1342 3115 1395 pp.
3147 1325 3299 1380 Tom.
3333 1323 3420 1392 30,
3456 1326 3547 1380 fol.
3580 1324 3703 1379 443.
3741 1356 3807 1366 —
3842 1326 4057 1381 Simler.
4093 1296 4211 1382 Vol'.
4249 1324 4404 1394 105.)

2879 1495 3260 1564 01611661616
3309 1498 3452 1564 6116
3492 1497 3578 1564 D.
3621 1496 3861 1563 Ioanni
3912 1497 4190 1565 Calvino
4244 1496 4639 1566 9666666616

2706 1583 3015 1651 ecclesiae
3056 1580 3187 1650 fido
3234 1584 3484 1668 pastori
3530 1583 3791 1651 domino
3833 1581 4105 1651 colendo
4151 1603 4301 1652 meo
4346 1592 4417 1649 et
4471 1584 4640 1650 fratri

2704 1670 2900 1755 longe
2940 1669 3296 1737 carissimo.

4256 1755 4484 1823 Genff.

2874 1926 2947 1994 8.
2983 1928 3069 1994 D.
3140 1925 3354 1994 Valde
3407 1949 3515 1994 me
3577 1933 3646 1993 et
3707 1944 4107 2015 symmystas
4169 1949 4356 1996 meos
4421 1925 4638 2013 affligit

2700 2013 2969 2081 morbus
3007 2013 3121 2080 ille
3163 2022 3340 2094 tuus,
3367 2018 3421 2094 ¹)
3466 2014 3573 2080 vir
3613 2013 3978 2082 clarissime
4030 2023 4098 2081 et
4151 2015 4361 2081 frater
4402 2014 4477 2079 in
4515 2013 4638 2080 Do-

2699 2100 2879 2166 mino
2932 2099 3361 2166 observande.
3449 2099 3737 2167 Oramus
3779 2100 4161 2180 Dominum,
4215 2108 4296 2169 ut
4353 2107 4423 2166 te
4463 2099 4636 2167 nobis

2698 2187 3022 2252 restituat.
3111 2186 3383 2253 9161166
3435 2207 3694 2271 666666
3748 2208 3872 2272 ago
3925 2188 4278 2267 maximas,
4340 2185 4513 2270 quod
4563 2206 4636 2251 ex

2697 2271 2866 2340 lecto
2911 2270 2996 2338 ad
3034 2292 3143 2337 me
3186 2272 3383 2340 scribi
3425 2272 3644 2340 facias.
3733 2272 4005 2340 Scribas
4045 2293 4302 2358 666666
4350 2271 4636 2339 Ionvizzoe

2695 2378 2841 2424 meo
2895 2359 3221 2424 maximas
3265 2379 3388 2444 ago
3444 2358 3710 2443 gratias.
3794 2359 4171 2425 Plurimum
4226 2364 4461 2426 autem
4513 2379 4635 2424 me·

2697 2454 2811 2510 tuo
2865 2443 3356 2529 Rhotomagum
3420 2444 3552 2510 iam
3618 2465 3762 2512 esse
3825 2453 4119 2529 captum:
4146 2446 4204 2524 2)
4268 2442 4432 2510 16(16
4495 2464 4634 2510 6616

2695 2539 2903 2596 totam
2925 2529 2990 2597 N
2992 2529 3399 2596 ormandiam
3442 2531 3681 2597 misere
3723 2530 4145 2617 affligendam
4187 2538 4254 2596 et
4297 2530 4635 2597 devastan-

2697 2613 2868 2682 dam.
2953 2615 3232 2683 Utinam
3274 2617 3348 2682 in
3391 2625 3685 2700 tempore
3727 2618 4000 2684 veniant
4038 2616 4263 2703 Angli.
4285 2618 4348 2701 ³)
4427 2614 4633 2682 Vicini

2694 2703 2906 2769 nostri
2963 2701 3156 2768 valde
3219 2702 3666 2789 triumphant:
3731 2703 3830 2769 nil
3885 2702 4015 2769 nisi
4076 2701 4312 2769 caedes
4378 2703 4630 2787 spirant.

2695 2787 3215 2855 Olaronensibus
3256 2810 3490 2855 rursus
3530 2796 3689 2855 sunt
3730 2787 3990 2856 infensi.
4009 2792 4067 2867 ⁴)
4130 2788 4455 2856 Metuunt
4484 2808 4632 2853 non-

2693 2873 2862 2940 nulli
2903 2874 3022 2940 611
3081 2873 3299 2940 dirimi
3404 2895 3547 2942 osse
3601 2895 3864 2941 causam
3929 2874 4112 2941 illam
4175 2876 4429 2958 absque
4480 2872 4630 2940 bello

2694 2959 2891 3027 civili.
2993 2959 3212 3026 Multa
3273 2961 3341 3028 61
3389 2979 3498 3041 66,
3558 2961 3652 3027 161
3717 2961 3980 3028 (1616166
4043 2967 4114 3027 61
4173 2960 4417 3041 frater,
4481 2979 4630 3043 6666

2694 3046 3120 3112 vehementer
3173 3044 3538 3131 displicent,
3593 3045 3711 3114 sed
3760 3046 4079 3132 quomodo
4135 3045 4394 3112 mederi
4446 3044 4630 3129 possit

2690 3133 2888 3199 rebus
2951 3131 3115 3198 adeo
3176 3131 3540 3217 desperatis
3602 3154 3737 3200 non
3802 3133 4012 3200 video.
4099 3132 4473 3198 Dominum
4511 3150 4628 3209 oro,

2691 3218 2806 3301 qui
2857 3224 2960 3283 est
3013 3226 3239 3302 pastor
3278 3219 3488 3285 bonus
3551 3240 3709 3285 suae
3760 3218 4093 3299 ecclesiae,
4158 3225 4235 3284 ut
4275 3239 4442 3285 oves
4492 3235 4628 3284 suas

2689 3303 2926 3370 liberet
2965 3324 3050 3370 ex
3092 3325 3205 3370 ore
3267 3304 3572 3389 luporum
3614 3313 3683 3371 et
3722 3306 4214 3390 hypocritarum
4270 3303 4625 3371 venenatis-

2690 3390 3028 3456 simorum.
3112 3390 3440 3457 Dominus
3476 3391 3871 3457 misereatur
3913 3390 4172 3458 Galliae
4226 3402 4297 3456 et
4343 3396 4627 3456 nostrum

2689 3477 3006 3556 omnium,
3065 3483 3133 3543 et
3174 3484 3394 3543 servet
3435 3495 3558 3543 nos
3600 3497 3641 3542 a
3681 3478 3873 3544 malo.
3958 3476 4162 3543 Nulla
4201 3496 4313 3541 166
4359 3497 4454 3541 66
4493 3493 4629 3540 uam

2689 3561 2785 3627 ita
2816 3583 2924 3628 me
2957 3581 3078 3645 per
3114 3582 3374 3628 omnem
3408 3564 3614 3630 vitam
3649 3584 3863 3630 meam
3900 3562 4192 3629 exercuit
4226 3568 4432 3645 atque
4611 3608 4625 3623 .

2688 3646 2938 3799 fflffr
2979 3647 3149 3713 mihi
3204 3648 3274 3713 in
3328 3649 3526 3715 horas
3568 3648 3795 3715 videre
3847 3649 4236 3735 sanguinem
4294 3646 4625 3712 innoxium

2689 3826 3002 3886 vocantes
3062 3841 3307 3886 nomen
3370 3828 3580 3886 tuum.
3668 3819 3939 3906 Optime
4003 3820 4151 3887 6616
4214 3819 4288 3884 16
4355 3818 4621 3895 Christo,

2733 3905 2803 3970 ui
2845 3914 2913 3970 te
2955 3905 3263 3972 restituat
3305 3926 3435 3972 oro.
3515 3904 3826 3973 Salutant
3868 3914 3935 3972 te
3975 3925 4205 3973 omnes
4245 3906 4401 3986 mei,
4442 3905 4623 3970 etiam

2687 3926 2776 4141 Ξ).
2822 3991 3079 4142 Μαοὲεῃν
3122 3998 3191 4058 61
3232 4000 3638 4077 symmystae
3681 4013 3926 4060 omnes.
4016 3991 4248 4077 'figuti
4288 3994 4397 4057 30.
4443 3988 4621 4056 Octo-

2735 4077 2826 4142 ris
2875 4082 2952 4142 15
3000 4082 3059 4143 2.

2984 3732 3339 3818 Quousque
3401 3733 3686 3815 tandem,
3748 3756 3788 3801 o
3842 3734 4174 3800 Domine?
4261 3730 4482 3800 86166
4535 3732 4626 3796 16-

3819 4214 4249 4301 Bullingerus
4291 4222 4467 4281 tuus.

2685 4401 2871 4458 3872.
2891 4403 2952 4471 1)
2989 4403 3059 4458 A.
3094 4402 3148 4459 d.
3184 4420 3235 4461 v.
3273 4403 3386 4460 061.
3421 4403 3556 4461 Dee.
3596 4403 3862 4460 Calvinus
3904 4403 4091 4461 stacio
4124 4403 4370 4461 scn‘bem
4400 4402 4619 4475 laquear

2687 4472 2758 4528 de
2788 4487 3017 4541 corpore
3050 4488 3151 4528 suo
3171 4472 3464 4556 ‘debn'litato
3495 4480 3547 4528 et
3579 4473 3760 4556 miqui
3786 4474 3973 4546 viyore
4003 4474 4309 4556 imminutio.
4378 4471 4618 4530 caueam

2680 4541 3639 4694 ssn{ffi;.?3.?32⁸1‘}5¹3303332
3672 4543 3930 4667 {¹033ss
3939 4543 4615 4667 fflfflffiffiuffi

2725 4695 2826 4734 our
2858 4680 2913 4733 16
2946 4677 3092 4734 Oeno
3125 4681 3195 4761 (16
3212 4680 3371 4744 Noel,
3404 4682 3475 4735 116
3500 4681 3667 4736 firent
3697 4681 3825 4735 leur.
3851 4680 4148 4737 assemblee
4183 4696 4255 4735 en
4286 4698 4349 4735 66
4381 4679 4614 4735 chambre

2704 4767 2777 4819 ny
2812 4750 3307 4899 estgftassahssfl.
3337 4816 3456 4873 Gal.
3481 4816 3622 4901 'Nom
3653 4819 3789 4875 urbs
3819 4819 3881 4875 vi
3899 4823 4064 4888 capta
4095 4825 4149 4876 et
4176 4833 4278 4889 per
4309 4822 4474 4874 tuta-
4506 4813 4611 4871 11611·

2680 4885 2952 4942 don-adon
2982 4886 3203 4956 derepta
3235 4893 3330 4942 eat.
3374 4887 3556 4954 (Hm.
3590 4889 3712 4945 6661.
3749 4889 3825 4945 Π.
3858 4886 4007 4955 647.)

2842 5025 2854 5038 .
2884 4954 2945 5023 3)
2999 4953 3272 5039 Dieppae·
3308 4957 3648 5081 ‹tgpulerunt
3707 4973 3761 5015 a.
3814 4955 3870 5012 d.
3921 4973 3971 5014 v.
4022 4956 4171 5013 Non.
4229 4955 4343 5013 Oct.
4401 4955 4608 5011 Portum

2684 5023 2918 5080 Gratzae
2948 5029 3269 5095 occupatur·
3386 5066 3398 5079 .
3431 5023 3500 5080 67
3564 5064 3575 5076 .
4531 5091 4543 5104 .
4577 5088 4588 5100 .

2837 5094 2949 5218 aa)
2985 5094 3092 5149 Lis
3136 5095 3246 5151 ista
3279 5094 3558 5163 pendebat
3588 5110 3776 5166 usque,
3811 5110 3882 5150 m.
3924 5094 4037 5152 Oct.
4073 5091 4211 5149 1564
4244 5093 4454 5150 dmum
4484 5089 4607 5147 dm·
