4850 6117
661 409 788 471 463

663 613 1101 677 compagnons
1147 611 1308 658 vous
1342 590 1599 655 saluent
1645 587 2241 664 affectuousement‚
2284 605 2407 670 par
2443 584 2602 651 l’ad-

662 680 762 830 gs
791 677 1104 829 Ideesqgeiitlls
1151 697 1425 828 {geg-»us
1461 677 1569 760 fay
1611 683 1784 739 ceste
1827 692 2118 756 repense.
2188 669 2293 737 De
2327 670 2604 737 Geneve

1956 894 2005 961 J
2005 916 2128 961 ean
2171 894 2429 961 Calvin.

1445 1190 1850 1202 0————=———ae———

1529 1427 1736 1498 38⁰8.

1057 1581 1712 1652 BULLINGERUS
1771 1581 2205 1650 GALV'INO.

831 1758 1065 1823 Diceris
1105 1757 1374 1837 scriptis,
1419 1775 1728 1821 novarum
1768 1776 1983 1822 rerum
2021 1754 2383 1821 rumoribus
2414 1754 2600 1820 colla-

655 1845 742 1911 tis
796 1848 854 1908 et
907 1843 1319 1920 transmissi&
1363 1843 1639 1907 maziam
1703 1861 1844 1908 vero
1890 1842 2029 1923 piis
2080 1842 2240 1907 votis
2287 1846 2347 1904 et
2378 1841 2603 1907 oratio-

656 1928 861 2081 ἲὲνὸἑιε,
917 1949 1108 2010 quum
1152 1927 1337 1994 aliter
1379 1948 1502 1994 non
1533 1927 1756 2008 possit,
1821 1948 1957 1993 rem
2006 1927 2323 2010 publicam
2352 1946 2604 2008 promc-

654 2186 1074 2259 (Autographon
1111 2185 1342 2240 habetur
1376 2187 1430 2238 in
1466 2185 1665 2246 Codice
1713 2187 1903 2241 eodem
1955 2202 2018 2240 ao
2053 2183 2359 2252 superiores
2395 2183 2602 2238 Bullin-

1101 2256 1218 2324 geri
1253 2255 1342 2309 fol.
1378 2253 1497 2308 436.
1535 2284 1601 2294 —-
1637 2256 1833 2310 Simler
1868 2257 1989 2310 Vol.
2026 2251 2173 2320 104.)

828 2422 1210 2490 Clarissimo
1271 2425 1412 2489 viro
1453 2423 1538 2489 D.
1584 2424 1817 2489 Ioanni
1862 2422 2139 2489 Calvino
2184 2423 2602 2491 Genevensis

654 2510 963 2578 ecclesiae
1006 2511 1251 2594 pastori
1296 2509 1671 2575 fidelissimo
1715 2509 1977 2575 domino
2019 2530 2164 2575 meo
2209 2510 2483 2577 colendo
2534 2518 2603 2577 et

655 2596 845 2663 fratri
890 2595 1242 2664 carissimo.
2210 2683 2419 2749 Genff

827 2852 897 2920 S.
945 2854 1028 2920 D.
1117 2854 1725 2920 Desideratissimas
1785 2866 1949 2933 tuas,
1966 2860 2016 2933 ¹)
2077 2854 2337 2920 domine
2397 2856 2600 2921 hono-

653 2939 878 3019 rande,
922 2939 1184 3006 domine
1227 2940 1681 3006 colendissimo
1724 2949 1789 3006 et
1831 2942 2034 3007 frater
2075 2941 2425 3019 carissime,
2494 2961 2600 3007 ac-

653 3027 800 3110 cepi
843 3046 962 3109 per
1017 3027 1448 3092 clarissimum
1489 3026 1704 3091 virum
1748 3024 1833 3092 D.
1880 3027 2195 3093 Ioannem
2241 3026 2598 3107 Becciacum,

653 3111 925 3176 fratrem
990 3113 1414 3178 carissimum.
1505 3112 1711 3177 Doleo
1782 3112 2205 3178 vehementer
2259 3115 2601 3179 innoxium

656 3217 953 3263 cruorem
1018 3208 1391 3265 sanctorum
1455 3200 1526 3262 in
1571 3197 1795 3264 Gallia
1850 3207 2035 3264 tanta
2090 3199 2340 3265 effundi
2393 3200 2598 3284 copia,

657 3292 727 3349 et
767 3303 882 3349 oro
904 3283 1259 3349 Dominum
1296 3292 1373 3348 ut
1406 3283 1713 3350 ecclesiae
1747 3305 1904 3350 suae
1938 3287 2346 3364 misereatur,
2388 3286 2597 3351 effun-

655 3368 895 3452 datque
957 3370 1124 3435 iram
1181 3390 1364 3434 suam
1423 3390 1622 3454 super
1681 3390 1790 3435 eos
1844 3371 1954 3454 qui
1997 3393 2236 3438 nomen
2285 3373 2424 3437 eius
2470 3393 2599 3437 non

655 3456 996 3521 invocanta
1073 3454 1346 3521 Gaudeo
1413 3476 1645 3521 rursus
1702 3466 1960 3521 nostros
2020 3458 2254 3524 alicubi
2299 3458 2517 3523 iuvari
2560 3480 2602 3523 a

656 3541 960 3620 Domino,
1026 3562 1217 3625 quem
1277 3539 1721 3607 indesinenter
1774 3563 1934 3626 rogo
1999 3552 2075 3608 ut
2127 3545 2299 3610 iusto
2356 3543 2601 3609 auxilio

654 3625 889 3692 liberet
931 3648 1049 3692 nos
1093 3649 1133 3692 a
1171 3626 1360 3704 malo,
1406 3627 1822 3711 hostiumque
1865 3631 2083 3713 copias
2130 3629 2360 3695 fundat
2402 3637 2469 3694 et
2502 3638 2601 3695 at-

655 3718 845 3790 terat,
890 3713 948 3777 si
991 3733 1218 3778 eorum
1261 3713 1557 3779 misereri
1600 3722 1669 3777 et
1710 3735 1819 3779 eos
1852 3727 2236 3780 convertere
2271 3737 2402 3780 non
2439 3715 2598 3780 vult.

829 3800 934 3865 De
975 3800 1057 3865 iis
1100 3820 1263 3883 quae
1305 3800 1378 3863 in
1422 3798 1750 3864 mandatis
1791 3800 1905 3866 das
1946 3803 2202 3885 copiose
2260 3800 2340 3867 de
2382 3803 2604 3885 singu-

655 3886 740 3953 lis
803 3886 1210 3969 colloquutus
1275 3906 1420 3950 sum
1482 3904 1628 3949 oum
1697 3886 1779 3950 D.
1838 3886 2100 3953 Budaeo
2163 3887 2275 3970 qui
2325 3886 2598 3952 referet.

656 3973 962 4038 Breviter
1004 3972 1236 4037 faciam
1280 3990 1536 4036 summa
1578 3969 1706 4035 fide
1750 3980 1817 4036 et
1859 3972 2203 4057 diligentia
2244 3972 2409 4051 quod
2453 3993 2601 4056 pos-

656 4080 819 4125 sum.
913 4058 1174 4123 Literas
1229 4056 1500 4122 Herculi
1557 4076 1600 4121 a
1662 4054 1864 4122 Saline
1878 4058 1937 4141 ²)
1995 4060 2344 4143 inscriptas
2408 4057 2603 4124 hodie

659 4145 884 4209 curavi
929 4142 1278 4227 diligenter
1319 4142 1594 4225 misique
1640 4140 1910 4207 Curiam
1956 4143 2380 4209 Rhaetorum.
2451 4144 2602 4209 Non

657 4230 1007 4313 negligetis
1044 4228 1354 4293 Rhaetos.
1433 4226 1510 4292 Si
1556 4248 1819 4294 neeesse
1854 4230 1957 4307 sit,
2004 4230 2280 4295 militem
2319 4231 2602 4313 peritum

661 4323 727 4379 et
792 4315 1172 4381 benevolum
1229 4314 1384 4379 dare
1441 4323 1779 4396 poterunt:
1869 4314 1983 4379 sed
2042 4315 2112 4379 in
2159 4325 2468 4399 tempore,
2535 4323 2604 4380 et

661 4401 1036 4484 priusquam
1097 4399 1472 4483 desperatae
1529 4412 1596 4463 et
1646 4397 1996 4483 dissipatae
2053 4401 2187 4465 sint
2227 4410 2602 4466 nostrorum

661 4506 787 4561 res,
832 4485 1155 4570 agendum
1200 4507 1347 4551 cum
1393 4485 1541 4550 illis.
1610 4484 1970 4569 Postquam
1998 4486 2262 4552 fortuna
2283 4486 2603 4553 inclinare

662 4572 946 4653 coeperit
986 4570 1420 4655 languescunt
1461 4571 1660 4636 animi
1706 4593 1929 4637 eorum
1974 4593 2228 4656 quoque
2263 4574 2373 4656 qui
2410 4580 2606 4638 antea

662 4656 861 4722 rebus
905 4657 1198 4720 nondum
1240 4657 1655 4722 infortunatis
1699 4658 1944 4724 alacres
1983 4668 2187 4723 erant.

839 4739 943 4805 Ad
990 4741 1423 4824 Hauvyzemm
1436 4744 1493 4826 ⁸)
1538 4745 1769 4827 scripsi
1812 4746 1969 4809 item
2005 4744 2200 4810 hodie
2235 4746 2602 4830 diligenter.

665 4824 802 4893 Sed
845 4836 913 4891 et
956 4826 1039 4890 ad
1095 4828 1177 4891 D.
1225 4826 1562 4894 Nicolaum
1621 4853 1663 4895 a
1707 4829 2017 4897 Diesbaoh
2035 4835 2088 4912 ⁴)
2135 4831 2364 4897 eadem
2409 4832 2490 4897 de
2533 4852 2607 4895 re

663 5033 851 5089 8808.
880 5032 937 5099 1)
981 5030 1053 5084 Ν.
1087 5029 1240 5083 3802.

868 5100 927 5170 2)
961 5099 1041 5156 Ν.
1075 5097 1226 5152 3797.
1307 5100 1586 5169 Negotium
1646 5104 1744 5157 hoc
1788 5105 2030 5172 effectum
2076 5121 2187 5159 non
2233 5106 2484 5161 habuisse
2532 5106 2611 5160 vi-

825 5208 841 5223 ’
869 5239 932 5360 Ξ)
963 5238 1033 5304 cf.
1071 5237 1146 5291 Ν.
1173 5235 1311 5292 3802
1342 5244 1451 5291 not.
1489 5236 1572 5290 15.
1993 5311 2005 5322 ⁶

907 5309 929 5374 )
963 5307 1024 5361 N.
1061 5304 1216 5361 3804.
1289 5305 1498 5362 Fluctus
1530 5312 1606 5361 est
1641 5307 1756 5361 dua·
1791 5308 2169 5364 Helveaorum.

663 5171 824 5228 ἓ

2158 393 2684 463 EPISTOLAE
2728 399 3154 463 3807-3810

4498 396 4602 459 454

2708 586 2940 671 scripsi
2984 586 3275 652 Bernam
3319 604 3435 666 per
3478 581 3833 661 Budas-«m,
3893 582 4162 648 hortans
4205 588 4282 647 ut
4323 579 4607 665 Hauvylo-

2705 692 2850 737 rum
2912 680 3160 756 urgeat.
3269 670 3395 735 Est
3454 668 3549 733 illi
3634 670 3897 735 iunctus
3961 668 4294 734 affinitate.
4375 668 4522 734 Peto
4572 688 4607 733 a

2707 757 3074 840 Hallvylero
3116 763 3212 835 ut,
3258 756 3312 822 si
3356 752 3513 839 quid
3554 754 3777 838 possit,
3821 763 4033 820 totum
4078 752 4163 818 ad
4205 764 4271 819 te
4311 754 4610 837 negotium

2705 844 3079 927 perscribat.
3144 843 3405 907 Literas
3431 862 3591 907 vero
3617 838 3956 910 Condensis
3998 847 4067 906 et
4086 839 4419 905 Amirallii
4444 838 4608 905 hodie

2704 931 2932 995 curavi
3019 928 3260 994 deferri
3341 926 3598 992 Badam
3674 926 3758 991 ad
3842 925 4107 992 comitia
4166 924 4609 991 Helvetiorum.

2704 1015 2991 1099 Legatos
3033 1023 3291 1081 nostros
3323 1012 3706 1078 adhortatus
3751 1033 3900 1078 sum
3933 1019 4013 1076 ut
4044 1010 4405 1093 impediant
4435 1030 4612 1093 quan-

2704 1110 2850 1166 tum
2893 1112 3166 1184 possunt
3206 1099 3690 1182 profectionem.
3757 1097 4251 1181 Impediverunt
4291 1097 4615 1178 hucusque.

2704 1187 2850 1252 Iam
2925 1207 3077 1252 vero
3140 1184 3449 1252 dicuntur
3512 1184 3752 1266 passim
3816 1183 4207 1264 expandisse
4270 1181 4509 1248 vexilla
4559 1188 4616 1247 et

2705 1292 2851 1423 323⁸
2885 1268 3544 1441 Ptffiffiffl
3561 1272 3660 1420 ‘32
3691 1266 4617 1438 ffihffiff‘ssssimffffffi

2707 1442 3114 1529 Lugdunum
3178 1408 3451 1526 c’upiunt
3529 1461 3931 1523 recuperem.
4026 1406 4218 1506 ’Sunt
4281 1458 4366 1504 ea
4426 1438 4502 1503 de
4556 1459 4615 1503 re

2703 1531 2915 1594 multa
2957 1539 3025 1595 et
3071 1530 3251 1595 varia
3292 1526 3585 1594 consilia.
3663 1526 3823 1592 Ideo
3857 1547 3988 1591 non
4024 1525 4301 1592 libenter
4341 1524 4469 1606 legi
4501 1523 4617 1590 Ba-

2703 1634 2919 1680 ronem
2942 1619 2993 1690 ⁵)
3037 1616 3439 1698 praefectum
3483 1611 3798 1697 Lugduni
3841 1612 4203 1696 profectum
4236 1631 4380 1677 esse
4402 1609 4617 1675 Valen-

2704 1702 2882 1766 tiam.
2949 1702 3051 1766 Ea
3086 1701 3166 1767 de
3207 1722 3280 1766 re
3314 1720 3527 1782 nuper
3560 1699 3758 1763 etiam
3795 1699 3879 1764 ad
3914 1710 3978 1762 te
4013 1697 4259 1782 scripsi.
4330 1696 4616 1779 Vigilate:

2704 1786 3112 1872 Lugdunum
3155 1788 3291 1852 iam
3333 1806 3448 1869 spe
3490 1782 3909 1850 devorarunt.
3979 1783 4305 1850 Dominus
4346 1790 4619 1865 protegat

2702 1883 2772 1937 et
2812 1880 3034 1939 servet
3066 1871 3485 1956 Lugdunum.
3550 1869 3835 1936 Oremus
3877 1870 4122 1952 absque
4161 1866 4620 1934 intermissione

2704 1960 3062 2024 Dominum
3126 1971 3201 2023 ut
3244 1979 3365 2023 nos
3430 1968 3664 2022 servet.
3753 1956 3971 2022 Multa
4032 1957 4208 2020 enim
4274 1963 4343 2020 et
4407 1973 4621 2037 magna

2692 2042 2954 2111 'instant
3009 2044 3318 2127 pericula.
3406 2041 3634 2109 Simus
3692 2053 3911 2107 tamen
3966 2041 4170 2106 fortes
4221 2041 4291 2105 in
4347 2038 4624 2104 Domino.

2703 2130 2787 2195 In
2829 2130 2953 2197 hoc
2998 2129 3163 2206 vale,
3209 2151 3344 2195 una
3395 2150 3546 2196 cum
3600 2128 3911 2193 tratribus
3950 2136 4019 2192 et
4080 2125 4468 2211 symmystis
4507 2144 4625 2189 om-

2704 2215 2918 2281 nibus.
3006 2216 3233 2282 Nostri
3274 2235 3502 2281 omnes
3537 2235 3671 2292 vos,
3717 2222 3783 2279 te
3816 2213 4140 2297 inprimis,
4185 2212 4495 2278 salutant.
4562 2208 4625 2276 Si

2703 2301 2961 2384 quando
3003 2302 3086 2366 ad
3130 2300 3373 2368 Bezam
3428 2300 3791 2383 scripturus
3856 2321 3944 2378 es,
4004 2300 4217 2366 saluta
4269 2297 4459 2362 illum
4508 2317 4628 2361 om·

2704 2389 2890 2453 nium
2957 2400 3249 2454 nostrum
3316 2387 3598 2451 nomine.
3686 2383 4014 2450 Dominus
4073 2384 4132 2450 ei
4191 2382 4527 2450 benedicat
4572 2387 4628 2447 et

2704 2473 2938 2539 liberet
2980 2475 3196 2557 ipsum
3252 2493 3292 2537 a
3344 2471 3534 2537 malo.
3622 2470 3877 2536 Iterum
3921 2472 4287 2554 iterumque
4329 2469 4495 2535 vale.
4547 2471 4625 2533 19.

2704 2558 2883 2624 Iunii
2935 2562 3111 2625 1562.
3203 2558 3482 2625 Caetera
3522 2556 3849 2624 Budaeus

3427 2696 3607 2760 'Pnus
3647 2714 3729 2759 ex
3775 2693 3991 2759 animo
4035 2693 4475 2777 Bullingerus.

2878 2865 3073 2933 Dicet
3116 2865 3196 2931 de
3239 2866 3449 2932 literis
3475 2865 3650 2931 Ioan.
3682 2864 3930 2930 Fn‘der.

2706 2950 2991 3019 Saxonis
3028 2950 3110 3018 ad
3153 2961 3453 3019 senatum
3510 2950 3710 3017 huius
3751 2950 3931 3016 urbis

2707 3038 2941 3104 missis.
2963 3042 3017 3116 ⁸)

3577 3582 3776 3652 38⁰9.
3854 3615 3863 3624 ·

3241 3719 3645 3787 VIRE'PUS
3691 3719 4118 3789 CALVINO.

2881 3891 3110 3957 Tradit
3150 3892 3209 3955 ei
3251 3912 3410 3973 quae
3451 3893 3528 3957 de
3585 3893 3842 3958 ciderio
3899 3893 4175 3975 quadam
4231 3910 4624 3976 maynapro-

2704 3979 3077 4128 mmm
3100 3997 3302 4059 nuper
3343 3978 3594 4059 accepit,
3628 3998 3751 4060 pro
3788 3984 4054 4061 tempore
4108 3985 4314 4044 tamen
4354 3997 4468 4043 non
4509 3995 4623 4039 ont·

2704 4233 2815 4299 (Ex
2852 4232 3190 4301 autographo
3225 4232 3352 4288 Ood.
3391 4233 3593 4288 Genev.
3633 4234 3777 4297 111ι,
3813 4234 3901 4288 fol.
3943 4233 4059 4287 124.
4127 4235 4328 4287 Exstat
4362 4238 4621 4302 praetere·

2704 4304 2762 4356 in
2798 4302 2926 4357 Cod.
2965 4300 3082 4363 116,
3115 4302 3207 4355 fol.
3250 4300 3363 4364 132,
3399 4303 3609 4357 Bernae
3652 4304 3711 4356 in
3746 4303 3910 4357 Arch.
3958 4304 4101 4374 Bpp.
4147 4303 4239 4358 v1.
4289 4321 4341 4373 p.
4392 4299 4533 4369 1019,
4572 4303 4622 4352 et

3353 4387 3438 4440 ap.
3478 4371 3674 4427 Simler
3710 4372 3833 4426 Vol.
3874 4372 4014 4439 104.)

2877 4541 3258 4608 Clarissimo
3301 4544 3444 4608 viro
3488 4544 3570 4608 D.
3606 4536 3843 4609 Ioanni
3886 4542 4186 4621 Calvino,
4251 4553 4320 4609 et
4353 4542 4525 4608 fratri
4563 4544 4621 4604 et

2704 4636 3107 4714 symmystae
3149 4628 3508 4711 plurimum
3552 4629 3843 4696 colendo.
4141 4715 4467 4781 Gemma.

2912 4967 2971 5035 5)
3007 4969 3101 5022 des
3134 4969 3352 5025 Adi-ets.
3400 4971 3569 5033 (Hist.
3602 4970 3722 5026 eccl.
3759 4971 3851 5026 111.
3885 4970 4030 5038 222.)
4092 4971 4349 5040 Amana,
4386 4971 4520 5024 Prot.
4550 4965 4617 5019 du

2710 5036 2848 5091 Dan
2885 5035 3013 5091 kine'
3047 5039 3087 5090 1.
3128 5037 3256 5091 127:
3322 5040 3368 5091 11
3404 5041 3580 5108 quitta
3625 5040 4096 5109 precipitamment
4130 5040 4287 5109 Lyon
4321 5056 4453 5108 pour
4484 5050 4614 5091 reve·

2712 5110 2797 5161 nir
2842 5125 2875 5159 a
2910 5105 3179 5161 Grenoble
3222 5107 3297 5176 (2.
3332 5109 3490 5173 Jnin)
3536 5126 3630 5163 sur
3675 5111 3728 5162 la
3771 5111 4021 5162 nouvelle
4056 5125 4162 5177 que
4198 5110 4280 5163 les
4313 5109 4614 5174 catholiqnes

2711 5174 3079 5297 ⁹⁰ff⁰¹0⁸i⁰¹s⁹
3101 5176 3171 5230 ‘¹⁹
3191 5178 3950 5302 Jffitfflssttffitw
3985 5178 4246 5315 ww.
4422 5243 4616 5300 om·

2709 5314 2862 5368 niam
2894 5244 3221 5382 Mite.
3916 5262 4055 5316 aqu
4284 5262 4384 5315 Per
