4850 6117
254 398 379 460 649

254 589 557 648 mutatus
600 583 776 648 iurat
818 602 889 649 se
930 603 1160 666 pacem
1200 582 1554 650 facturum:
1600 590 1668 649 at
1710 604 1829 668 ego
1871 606 1954 651 ne
1979 584 2189 652 iurato

251 666 522 752 quidem
562 665 966 748 crediderim,
1027 689 1150 735 nec
1192 667 1383 734 video
1426 668 1580 752 quid
1623 670 1703 735 ab
1746 669 1886 735 istis
1925 691 2192 755 exspec-

252 754 381 819 tari
424 755 633 837 possit
688 754 817 820 nisi
874 753 957 819 ad
1001 763 1296 820 extrema
1337 754 1633 821 redactis.
1722 752 1932 839 Spero
1974 764 2042 822 te
2086 776 2191 823 ac-

251 839 505 923 cepisse
558 860 723 923 quae
766 840 838 904 in
879 838 1239 906 Parisiensi
1291 839 1621 906 obsidione
1677 840 1850 906 ultro
1904 841 2191 925 citroque

251 933 414 992 sunt
454 924 536 990 de
577 945 738 1010 pace
781 925 1046 1010 agitata,
1112 946 1218 990 me
1281 926 1354 990 in
1396 926 1728 993 nonnullis
1770 925 2193 993 vehementer

294 1010 521 1076 uidem
585 1009 701 1078 sed
756 1010 1002 1076 frustra
1056 1009 1467 1077 reclamante.
1556 1012 1747 1078 Nunc
1800 1013 2027 1094 opinor
2070 1035 2189 1079 nos

276 1096 560 1163 ortiores
600 1097 872 1176 futuros,
919 1097 1172 1162 utinam
1214 1095 1314 1161 ad·
1341 1107 1712 1162 extremum
1754 1099 1985 1181 usque!
2052 1099 2193 1165 Ista

248 1181 509 1248 interea
571 1180 1055 1267 expeditionem
1107 1190 1400 1247 nostram
1457 1182 1621 1247 nihil
1673 1185 2191 1265 remorabuntur,

250 1273 317 1332 et
358 1275 522 1351 puto
565 1289 672 1332 me
715 1267 927 1352 ipsam
971 1288 1176 1351 usque
1217 1267 1501 1334 insulam
1527 1270 1612 1351 ¹¹)
1654 1268 1875 1336 multis
1920 1269 1999 1335 de
2042 1290 2191 1336 cau-

248 1352 341 1420 sis
386 1353 834 1421 traiecturum.
918 1353 1300 1419 Memineris
1343 1373 1500 1438 ergo
1537 1375 1653 1437 per
1694 1375 1802 1420 me
1843 1376 1974 1420 non
2019 1363 2193 1421 stare

248 1439 305 1504 si
346 1439 574 1507 minus
617 1460 811 1524 saepe
855 1439 1227 1522 scripserim
1269 1460 1468 1523 quam
1510 1447 1729 1523 optem
1773 1455 1841 1505 et
1881 1461 2072 1524 quam
2117 1448 2193 1506 tu

249 1524 499 1607 cupias.
589 1525 895 1591 Navarra
954 1526 1307 1591 fortissima
1364 1535 1476 1591 est.
1565 1524 1877 1592 Ferraria
1933 1524 2191 1610 quidem

249 1609 525 1694 praebet
567 1610 827 1678 afflictis
871 1611 992 1676 hos
1038 1611 1230 1677 itium
1272 1619 1339 1677 et
1395 1611 1730 1676 ecclesiam
1773 1625 2010 1693 servat,
2078 1611 2193 1678 sed

249 1695 494 1761 mulier
559 1706 663 1763 est
726 1705 792 1763 et
862 1699 973 1781 qui
1019 1717 1124 1762 em
1190 1696 1429 1763 summi
1493 1696 1668 1762 illius
1730 1698 1921 1765 amici
1984 1697 2193 1764 nostri

249 1802 497 1849 socrus.

422 1867 617 1951 Rogo
659 1876 737 1931 ut
793 1868 987 1950 ampl.
1033 1875 1331 1933 senatum
1388 1877 1454 1934 et
1506 1887 1733 1934 omnes
1790 1868 2072 1952 collegas
2131 1877 2197 1934 et

250 1954 497 2019 amicos
540 1973 684 2019 meo
744 1955 1004 2019 nomine
1062 1953 1420 2035 plurimum
1473 1961 1542 2019 et
1596 1953 1876 2020 officiose
1933 1954 2193 2020 salutes.

249 2039 441 2104 Bene
485 2038 652 2117 vale,
695 2039 787 2102 mi
831 2046 1033 2122 pater.
1120 2039 1444 2106 Dominus
1485 2039 1675 2105 Iesus
1724 2046 1791 2106 te
1832 2047 2051 2106 servet
2094 2040 2193 2105 in-

250 2124 577 2190 columem
620 2132 687 2188 et
729 2124 894 2189 faxit
936 2131 1013 2190 ut
1053 2122 1241 2190 brevi
1297 2124 1665 2208 compositis
1708 2126 1907 2191 tantis
1948 2124 2193 2190 tumul·

249 2210 428 2276 tibus
498 2215 718 2275 vestro
783 2218 1134 2294 conspectu
1197 2212 1396 2276 fruar.
1493 2209 1716 2276 Aurel.
1781 2209 1987 2293 pridie
2052 2210 2192 2277 Cal.

249 2295 449 2361 Febr.
539 2296 684 2446 'I'dibi
741 2297 1070 2379 privatim,
1132 2298 1222 2361 mi
1269 2295 1537 2376 Calvino,
1586 2296 1911 2362 Davidem
1977 2318 2190 2363 meum

251 2402 554 2448 commen
601 2403 658 2446 o.

1605 2520 1787 2585 'I'uus
1829 2519 2020 2586 Beza.

1132 3063 1330 3134 39⁰6.

720 3234 1245 3302 ZERKINTES
1291 3234 1727 3303 GALVINO.

435 3406 720 3474 Ruinam
808 3409 984 3493 reyni
1068 3406 1302 3473 Gallici
1371 3408 1694 3493 prae-say&
1768 3405 2191 3473 Helvetiorum

251 3513 494 3578 quoque
533 3513 738 3560 secum
769 3497 1130 3560 ornaturam.
1226 3493 1351 3575 Qui
1400 3514 1525 3559 non
1578 3493 1710 3559 nisi
1763 3496 1927 3558 noctu
1963 3493 2193 3558 vicino·

249 3580 599 3645 ruminter
655 3599 722 3645 se
765 3600 986 3661 pacem
1040 3579 1261 3658 colunt,
1323 3580 1525 3661 iisque
1583 3578 1902 3661 oppressis
1951 3579 2022 3643 in
2073 3599 2195 3644 sua

251 3668 542 3747 ipsorum
582 3666 821 3731 viscera
862 3665 1145 3731 dextram
1183 3670 1532 3732 convertent.

554 3834 665 3901 (Ex
701 3836 1036 3906 autographo
1072 3835 1198 3890 Cod.
1237 3836 1438 3891 Genev.
1476 3834 1596 3902 114,
1630 3837 1722 3890 fol.
1766 3833 1902 3903 104.)

255 4009 317 4072 A
361 4027 521 4073 mon
566 4007 861 4073 honnore
903 4008 1210 4092 seigneur
1252 4014 1317 4073 et
1374 4008 1546 4071 frere
1610 4026 1693 4071 en
1738 4013 1962 4072 nostre
2006 4004 2194 4091 Seig-

256 4114 428 4158 neur
483 4092 693 4159 Iehan
757 4092 995 4159 Oalvin
1060 4093 1359 4158 ministre
1424 4091 1503 4157 de
1567 4090 1741 4157 Dieu
1804 4100 1870 4156 et
1933 4092 2013 4158 de
2077 4113 2198 4158 son

893 4178 1126 4264 esglise
1168 4177 1247 4243 de
1291 4176 1578 4243 Geneve.

436 4347 623 4431 Quae
675 4350 756 4416 de
810 4350 1007 4415 rebus
1050 4348 1327 4417 Gallicis
1392 4348 1770 4433 significasti
1824 4351 2003 4415 fuere
2046 4371 2196 4434 gra·

259 4436 518 4501 tissima
559 4442 628 4501 et
669 4446 888 4501 tamen
925 4434 1080 4500 dum
1123 4443 1272 4503 tuas
1315 4443 1619 4519 exspecto
1673 4434 1895 4499 literas
1937 4433 2196 4500 aliunde

257 4520 336 4585 ad
383 4541 503 4586 nos
559 4522 815 4604 perlata
856 4522 937 4586 iis
980 4524 1269 4605 exceptis
1312 4541 1475 4605 quae
1520 4518 1601 4585 de
1644 4521 1928 4587 consiliis
1969 4521 2195 4587 Admi-

257 4607 430 4672 raldi
495 4606 722 4674 scribis
747 4611 795 4686 ¹)
851 4627 892 4671 a
946 4607 1246 4672 nemini*
1301 4616 1455 4674 ante
1510 4606 1620 4672 hic
1675 4606 1835 4672 scita
1885 4626 2098 4690 neque
2157 4628 2196 4671 a

256 4713 362 4757 me
406 4694 710 4775 cuiquam
756 4692 1043 4760 dicenda.
1133 4693 1240 4758 Ex
1284 4694 1460 4758 omni
1524 4692 1651 4758 ista
1694 4691 2024 4776 tragoedia
2066 4691 2196 4759 col-

257 4778 463 4862 ligere
508 4778 686 4843 aliud
730 4798 863 4844 non
907 4799 1170 4861 possum
1218 4799 1414 4861 quam
1470 4787 1687 4844 actum
1744 4799 1885 4843 esse
1938 4776 2016 4865 de
2059 4799 2196 4844 mo-

259 4863 534 4930 narchia
601 4886 829 4949 regum
874 4863 1217 4943 Franciae,
1285 4874 1351 4930 et
1417 4863 1588 4930 hanc
1651 4864 1911 4929 ruinam
1974 4885 2196 4930 secum

259 4949 521 5016 trahere
565 4950 784 5017 vicina
827 4950 1153 5034 pleraque,
1213 4956 1474 5029 (vereor
1519 4970 1652 5014 non
1695 4971 1842 5016 mea
1883 4968 2077 5016 causa
2117 4971 2198 5015 ne

262 5174 533 5308 asoeiii
560 5174 931 5298 mazam
973 5248 1204 5298 exuant.
1279 5240 1367 5294 De
1411 5240 1655 5297 cansam
1687 5241 2002 5297 Admiraldi
2039 5243 2201 5299 otiam

261 5312 339 5367 ad
371 5313 747 5383 Bullinqerum
783 5310 1005 5380 scripsit
1038 5313 1105 5368 N.
1138 5307 1288 5366 3900.

1958 399 2116 461 1563
2159 398 2534 467 IANUAR.

4082 404 4207 468 650

2289 608 2410 651 nos
2453 607 2704 669 quoque
2744 585 3114 664 Helvetios)
3177 584 3484 672 intelligo.
3572 585 3683 654 Sic
3739 590 3910 654 enim
3952 609 4208 655 mecum

2290 672 2543 756 colligo,
2587 671 2836 738 cladem
2878 672 3063 757 regni
3093 671 3327 738 Gallici
3365 671 3675 738 ultionem
3719 694 3858 742 esse
3900 672 4205 740 divinam.

2289 757 2441 823 Non
2485 758 2765 839 partium
2807 779 2974 840 quae
3029 758 3229 823 armis
3286 756 3415 822 alia
3467 758 3798 824 occasione
3855 757 4208 839 decertant,

2293 843 2408 910 sed
2477 842 2812 927 sanguinis
2879 842 3225 908 humilium
3286 852 3495 909 terrae
3548 853 3683 908 toto
3746 845 3899 910 orbe
3955 843 4210 909 Galliae

2293 948 2523 1013 regum
2586 929 2791 994 nimia
2834 927 3208 1020 dominandi
3272 927 3538 993 libidine
3595 936 3821 994 contra
3861 932 3963 994 ius
4007 937 4073 993 et
4114 929 4210 995 fas

2291 1021 2535 1080 temere
2576 1015 2723 1094 fusi,
2763 1013 2958 1098 idque
2992 1021 3216 1079 nostro
3249 1013 3636 1078 ministerio:
3682 1024 3746 1078 et
3779 1013 4020 1079 auxilio
4054 1035 4210 1097 quo-

2292 1121 2444 1164 rum
2519 1099 2794 1165 nimium
2867 1101 3266 1166 mercenaria
3336 1119 3530 1182 opera
3603 1097 3872 1181 perinde
3950 1098 4209 1165 domino

2295 1183 2607 1267 displicet,
2653 1194 2729 1250 ut
2771 1205 2997 1250 eorum
3039 1185 3152 1268 qui
3190 1205 3312 1250 nos
3354 1183 3800 1251 conduxerunt
3829 1183 4212 1250 insatiabilis

2294 1270 2630 1352 cupiditas.
2720 1271 2946 1352 Neque
3009 1269 3194 1335 nobis
3258 1270 3417 1335 satis
3474 1277 3574 1335 est
3628 1270 3989 1336 securitatis
4044 1268 4213 1352 quod

2296 1356 2419 1421 hac
2483 1365 2667 1438 parte
2733 1355 3142 1438 resipuimus.
3230 1354 3755 1438 conspurcamus
3812 1355 3990 1419 enim
4043 1354 4213 1420 hanc

2295 1441 2608 1506 virtutem
2654 1441 2799 1506 aliis
2841 1440 3104 1506 offensis
3145 1441 3309 1505 iram
3354 1439 3646 1505 divinam
3688 1438 4211 1522 provocantibus.

2296 1524 2433 1592 Sed
2474 1526 2580 1592 his
2614 1524 3125 1593 accusationibus
3166 1523 3339 1607 a'pud
3382 1537 3446 1590 te
3485 1545 3617 1589 non
3659 1532 3761 1590 est
3802 1529 3961 1608 opus
4003 1524 4114 1608 qui
4144 1545 4216 1590 es

2297 1612 2650 1678 acerrimus
2691 1632 2915 1678 censor
2958 1631 3214 1677 morum
3268 1612 3470 1676 nostri
3526 1612 3835 1692 temporis
3891 1608 4215 1693 vellesque

2295 1698 2808 1779 resipiscentiam
2848 1698 3169 1761 maturius
3212 1716 3353 1761 esse
3391 1695 3757 1762 inchoatam
3801 1715 3964 1779 quae
4005 1693 4217 1760 adhuc

2296 1782 2593 1867 neglecta
2633 1784 2816 1849 iacet.
2902 1782 3040 1849 Cur
3083 1781 3211 1847 Dei
3258 1780 3328 1846 in
3385 1802 3505 1847 nos
3558 1781 3725 1846 iram
3767 1788 4052 1846 metuam
4095 1779 4218 1845 hoc

2297 1888 2549 1950 quoque
2614 1869 2682 1932 in
2725 1888 2921 1933 causa
2964 1877 3065 1933 est
3125 1866 3297 1950 quod
3363 1865 3550 1934 video
3611 1886 3746 1944 nos,
3809 1867 3918 1947 qui
3981 1884 4220 1930 nomen

2295 1952 2560 2019 Christo
2604 1952 2912 2033 dedimus,
2957 1962 3211 2018 tantum
3257 1973 3390 2017 non
3446 1951 3685 2035 apertis
3739 1948 3903 2017 odiis
3944 1949 4219 2034 prodere

2296 2047 2590 2104 nostram
2648 2038 3186 2117 malevolentiam,
3251 2035 3442 2104 credo
3505 2035 3675 2119 quod
3732 2044 3911 2100 metu
3964 2035 4221 2100 externi

2298 2123 2504 2189 hostis
2568 2124 2843 2190 latentes
2895 2123 3255 2190 simultates
3308 2122 3629 2190 occultare
3692 2120 3996 2205 cogimur.
4085 2118 4220 2185 Sed

2340 2230 2490 2275 uam
2544 2212 2733 2276 firma
2787 2212 2872 2276 sit
2914 2210 3198 2275 amicitia
3239 2229 3404 2293 quae
3460 2206 3542 2272 ab
3586 2206 3795 2273 alieno
3836 2215 4016 2271 metu
4057 2225 4219 2289 pen-

2296 2231 2422 2375 det,
2465 2296 2607 2379 ipse
2649 2297 2807 2362 satis
2850 2294 3038 2361 nosti.
3117 2294 3287 2377 Spes
3329 2315 3502 2360 nunc
3544 2292 3769 2357 melior
3809 2289 3987 2356 haud
4030 2289 4219 2356 afful-

2295 2389 2423 2465 get.
2511 2381 2817 2448 Misimus
2861 2400 3070 2463 nuper
3110 2383 3615 2464 Argentoratum
3660 2378 3971 2443 nuncium
4004 2375 4220 2442 scisci-

2295 2469 2496 2531 taturi
2557 2466 2712 2550 quid
2769 2487 2946 2533 nunc
2989 2464 3345 2531 Germania
3400 2464 3721 2542 moliatur,
3786 2472 3853 2527 et
3945 2459 4220 2527 uomodo

2297 2572 2366 2618 se
2406 2552 2489 2617 ad
2546 2553 2703 2618 istos
2746 2552 3001 2619 Galliae
3041 2561 3257 2617 motus
3299 2557 3658 2633 componat.
3680 2553 3735 2627 2)
3820 2546 3911 2613 Se
3998 2546 4223 2612 retulit

2295 2638 2514 2703 omnia
2577 2637 2908 2722 languere,
2976 2657 3200 2703 omnes
3262 2656 3382 2702 sua
3443 2654 3688 2702 curare.
3777 2632 4047 2700 Utinam
4103 2653 4222 2699 nos

2296 2734 2519 2788 nostra
2560 2744 2829 2808 quoque,
2892 2722 3015 2789 hoo
3055 2731 3175 2802 est,
3236 2743 3463 2807 pacem
3519 2731 3585 2786 et
3642 2719 4051 2786 concordiam
4093 2717 4221 2783 sal-

2297 2820 2429 2874 tem
2501 2810 2673 2875 inter
2735 2830 2871 2888 nos,
2937 2810 3205 2893 exiguos
3267 2826 3559 2886 numero,
3622 2813 3882 2888 totoque
3947 2804 4083 2870 orbi
4148 2803 4222 2868 in

2298 2913 2563 2977 scopum
2637 2895 2717 2961 ad
2799 2916 2988 2978 quem
3065 2895 3349 2960 collimet
3427 2891 3772 2975 expositos,
3834 2890 4217 2955 foveremus.

2299 2979 2485 3060 Vale,
2550 2990 2736 3063 pater
2799 3002 2873 3046 ac
2936 2980 3140 3045 frater
3202 2981 3272 3044 in
3316 2977 3601 3043 Domino
3664 2974 3946 3055 colende,
4012 2993 4221 3058 neque

2299 3066 2726 3132 contaminari
2788 3072 3081 3132 nostram
3156 3063 3509 3132 amicitiam
3584 3071 3650 3128 et
3713 3061 4048 3129 caritatem
4112 3081 4221 3125 ru-

2296 3150 2590 3216 moribus
2628 3151 2914 3235 patiaris.
2998 3152 3143 3236 Ego
3200 3151 3374 3217 enim
3440 3149 3558 3216 tibi
3622 3169 3765 3214 eam
3809 3146 4079 3214 servabo
4120 3147 4222 3210 in-

2297 3243 2553 3321 tegram
2595 3246 2660 3303 et
2694 3238 3159 3317 inconcussam,
3203 3236 3459 3303 etiamsi
3517 3233 3732 3318 aliqua
3786 3234 4115 3298 rationum
4157 3236 4225 3297 et

2299 3323 2767 3389 sententiarum
2808 3321 3154 3389 diversitas
3195 3340 3665 3404 nonnunquam
3729 3316 3903 3385 aliud
3949 3316 4224 3385 suaserit

2296 3407 2412 3475 sed
2457 3429 2588 3474 non
2630 3409 3044 3493 persuaserit.
3132 3408 3392 3475 Bernae
3435 3405 3573 3472 Cal.
3619 3403 3776 3471 Feb.
3829 3408 4009 3469 1563.

2785 3546 2913 3611 Tui
2954 3544 3570 3611 observantissimus
3612 3542 3692 3606 N.
3738 3540 4137 3628 Zerchintes.

3167 4087 3358 4158 39⁰7.

2701 4242 3366 4311 BULLINGERUS
3411 4237 3844 4310 GALVINO.

2466 4415 2707 4483 Bezam
2768 4415 3014 4482 salvum
3075 4433 3207 4479 esse
3264 4413 3507 4496 qaudet.
3607 4409 3709 4476 De
3770 4408 4101 4475 Gardimdi
4160 4413 4229 4473 ut

2295 4507 2549 4588 royatus
2587 4502 2716 4584 fuit
2757 4503 2841 4568 ad
2882 4500 3159 4565 diversos
3199 4500 3467 4580 scripsit.
3539 4496 3835 4563 Sinistri-s
3873 4493 4229 4559 rumoribus

2296 4609 2373 4654 ex
2431 4587 2652 4655 Gallia
2703 4588 2921 4654 allatis
2981 4585 3170 4667 fidem
3226 4590 3423 4669 negat.
3508 4582 3736 4650 Scribit
3802 4601 3965 4646 nunc
4019 4584 4229 4646 contra

2295 4673 2650 4740 Bremium.
2743 4672 3219 4756 Post-scriptum
3252 4671 3432 4737 addit
3473 4670 3557 4735 ad
3600 4666 4031 4734 Ionvillaeum.

2297 4847 2410 4912 (Ex
2458 4846 2793 4915 autographo
2838 4843 3000 4898 Arch.
3039 4843 3217 4897 Turio.
3256 4842 3400 4895 Plut.
3437 4841 3527 4895 VI.
3568 4841 3691 4894 Vol.
3730 4839 3849 4908 129,
3895 4839 4023 4892 olim
4059 4837 4230 4891 Scrin.

2511 4916 2577 4969 B.
2612 4915 2754 4986 Epp.
2792 4914 2941 4969 Tem.
2975 4911 3061 4978 30,
3096 4912 3188 4965 fol.
3224 4909 3349 4966 451.
3385 4938 3449 4949 -—
3486 4909 3698 4964 Simler.
3734 4911 3850 4963 Vol.
3888 4906 4032 4974 106.)

2501 5171 2563 5237 2)
2602 5170 2885 5240 Pri-nespas
2920 5168 3142 5225 Franco
3274 5169 3285 5181 ‘
3325 5168 3637 5237 oouqreyaa·
3677 5168 4064 5235 Imperatorem
4109 5175 4232 5229 per-

2296 5238 3114 5297 moveruntutd.15.1an.1
3268 5229 4231 5306 adReymGaudaemffleu-etde

2298 5311 2472 5369 trabae
2505 5301 2899 5379 epinoemata
2931 5311 3155 5378 imperio
3187 5304 3491 5363 reddendis.
3522 5303 3822 5375 (Bao-thola
3850 5298 3992 5368 477),
