4850 6117
383 402 506 468 ⁷25

384 590 505 656 riri
549 590 743 658 sicuti
791 598 996 657 tuum.
1065 590 1290 671 Quare
1332 609 1632 674 cuperem
1669 596 1745 655 ut
1785 590 1988 656 scires
2031 589 2164 655 frui
2204 590 2329 658 hoc

381 677 513 744 Dei
574 686 640 743 et
682 677 1021 742 hominum
1064 675 1306 744 favore.
1388 676 1537 742 Non
1592 688 1694 742 est
1746 695 2024 759 aequum
2074 685 2152 742 ut
2191 683 2330 741 tam

385 763 764 847 frequenter
805 763 885 830 de
929 762 1218 829 adventu
1261 769 1376 827 tuo
1420 762 1809 828 sententiam
1874 769 2057 826 tuam
2092 771 2330 829 mutes.

385 847 636 914 Venies
702 854 923 914 autem
986 856 1167 915 recta
1210 846 1611 916 Oracoviam.
1711 847 1844 913 Hic
1909 846 2086 913 enim
2153 869 2330 915 nunc

386 955 621 1001 maneo
684 943 753 999 et
810 941 1117 1017 exspecto
1174 940 1360 1000 tuum
1405 932 1781 1000 adventum.
1868 931 2179 999 Invenies
2221 933 2330 1002 hic

389 1028 647 1086 coetum
713 1021 991 1085 fratrum
1058 1027 1430 1085 nostrorum
1492 1020 1603 1103 qui
1665 1027 2054 1103 permanent
2113 1020 2185 1084 in
2228 1040 2333 1085 or-

386 1105 679 1172 thodoxa
744 1105 1072 1172 sententia
1132 1104 1642 1172 celeberrimum.
1748 1106 1855 1170 Ex
1930 1104 2163 1189 quibus
2229 1114 2331 1171 est

383 1192 636 1258 Doctor
675 1192 839 1257 iuris
883 1190 1160 1268 Aichzer,
1204 1189 1452 1256 Doctor
1500 1191 1793 1271 Gutteler,
1837 1192 2084 1258 Doctor
2128 1191 2330 1258 Rosa-

384 1279 530 1344 rius
589 1277 899 1358 medicus,
963 1275 1050 1343 D.
1133 1275 1512 1343 Valerianus
1571 1276 1834 1356 Oonsul,
1901 1278 1985 1343 D.
2047 1275 2326 1357 Vadzan,

385 1372 662 1447 uterque
708 1360 922 1429 Iostus
963 1369 1032 1427 et
1075 1362 1185 1427 alii
1228 1362 1516 1445 plurimi.
1542 1365 1626 1441 1ὅ)

560 1448 756 1530 Quod
799 1447 1028 1516 scribis
1051 1448 1135 1514 D.
1166 1446 1495 1515 Calvinum
1537 1449 1619 1514 ad
1662 1448 1887 1514 literas
1921 1447 2068 1515 illas
2102 1469 2329 1532 super-

384 1536 504 1602 bas
581 1532 840 1616 dixisse,
919 1555 990 1600 se
1052 1554 1466 1617 nequaquam
1529 1532 1837 1601 inducere
1900 1537 1969 1601 in
2036 1536 2327 1600 animum

386 1621 556 1705 quod
600 1620 764 1685 haec
805 1619 1041 1705 aliquis
1084 1619 1482 1686 Polonorum
1527 1621 1859 1705 scripserit
1893 1630 2036 1700 etc„
2082 1628 2184 1686 est
2216 1622 2325 1701 ita,

386 1707 625 1774 nec-in
668 1713 799 1771 toto
844 1705 1285 1773 hallucinatus
1321 1718 1422 1771 est
1464 1707 1570 1771 vir
1612 1705 1859 1772 doctus.
1934 1708 2082 1772 Non
2126 1708 2328 1790 scrip-

387 1793 473 1859 sit
515 1791 775 1876 quidem
820 1792 982 1857 haec
1025 1790 1334 1871 Polonus,
1380 1812 1456 1857 ac
1496 1812 1581 1857 ne
1618 1792 1856 1859 Gallus
1888 1793 2167 1876 quidem,
2214 1793 2327 1858 sed

386 1878 753 1946 Mazovita:
828 1877 1188 1961 Greyorius,
1253 1885 1329 1943 nt
1394 1879 1585 1959 nosti,
1654 1885 1756 1944 est
1819 1901 1900 1945 ex
1962 1877 2074 1943 illo
2117 1889 2327 1944 tractu

384 1965 823 2032 Mazurorum.
853 1967 938 2041 ¹¹⁵)
1004 1960 1150 2029 Scis
1195 1970 1413 2029 autem
1460 1964 1779 2047 quomodo
1821 1964 2122 2030 audiatur
2157 1964 2327 2048 apud

386 2071 505 2116 nos
589 2070 828 2115 nomen
892 2049 1401 2115 Mazovitarum:
1465 2071 1598 2116 non
1665 2071 1853 2117 secus
1921 2059 2116 2134 atque
2171 2050 2327 2116 olim

392 2135 853 2201 Galilaeorum.
963 2133 1274 2201 Suaviter
1337 2135 1450 2201 risi
1517 2157 1719 2220 quum
1783 2138 2068 2220 primum
2086 2187 2103 2216 ‚
2172 2135 2327 2201 dum

390 2220 765 2305 legerentur
829 2230 978 2285 tuae
1043 2221 1289 2300 literae,
1354 2220 1518 2287 haec
1581 2220 1959 2288 observaret
2000 2228 2069 2288 et
2111 2222 2327 2288 visum

392 2306 688 2372 omnibus
747 2314 1043 2371 moveret
1097 2315 1325 2371 noster
1381 2307 1463 2373 D.
1535 2307 1931 2375 Valerianus
2019 2307 2146 2373 Ille
2205 2308 2329 2373 fuit

392 2400 578 2458 autor
620 2392 816 2457 huius
859 2392 1143 2458 facetiae.

560 2476 806 2561 Scripsi
852 2485 1047 2543 antea
1089 2478 1171 2542 ad
1216 2486 1284 2543 te
1326 2479 1499 2561 quod
1545 2479 1624 2545 de
1675 2478 1904 2546 Ochino
1924 2482 2011 2557 ²⁷)
2056 2478 2330 2546 mirifice

386 2564 495 2629 isti
539 2563 647 2629 hic
688 2563 1054 2648 gloriantur
1117 2583 1192 2628 ac
1235 2565 1291 2628 si
1335 2586 1560 2629 eorum
1617 2574 1840 2649 partes
1882 2586 2015 2630 non
2060 2565 2330 2631 obscure

385 2649 658 2716 foveret.
750 2648 1068 2733 Optarem
1111 2650 1315 2734 igitur
1358 2650 1601 2733 aliquid
1645 2650 1774 2716 me
1820 2651 1900 2717 ab
1946 2672 2022 2716 eo
2066 2650 2190 2731 edi,
2256 2659 2332 2715 ut

387 2736 481 2801 sic
525 2755 751 2799 eorum
794 2736 1054 2800 vanitas
1098 2735 1712 2819 deprehenderetur.

560 2818 852 2885 Tandem
896 2841 1002 2885 me
1045 2823 1298 2888 animas
1341 2829 1411 2888 et
1451 2822 1806 2889 consolaris
1851 2831 1927 2887 ut
1960 2830 2330 2890 constanter

384 2906 730 2990 persistam
773 2906 845 2970 in
886 2913 1020 2971 tam
1064 2916 1291 2973 sancto
1332 2909 1679 2992 proposito.
1745 2908 2090 2991 Equidem,
2152 2909 2330 2975 Treci

385 2989 807 3070 observande,
871 2990 1092 3057 Deum
1135 2994 1444 3059 continuo
1501 3015 1659 3079 rogo
1713 3009 1788 3059 ut
1839 3016 2092 3078 possem
2137 3015 2326 3078 supe·

387 3100 535 3144 rare
593 3097 820 3143 omnes
863 3076 1152 3144 Satanae
1207 3079 1511 3159 insultus,
1572 3080 1683 3146 sed
1744 3100 1851 3146 me
1909 3088 2163 3164 oportet
2222 3080 2327 3146 hic

386 3184 627 3248 magna
683 3165 1044 3229 certamina
1086 3166 1429 3231 sustinere.
1519 3166 1779 3232 Novisti
1823 3188 2018 3250 quam
2063 3174 2329 3234 conten-

389 3249 552 3314 tiosa
592 3251 860 3333 ingenia
893 3250 1029 3315 sint
1062 3250 1337 3316 istorum
1373 3251 1506 3318 hic:
1555 3251 1863 3318 audivisti
1888 3273 1972 3318 ex
2005 3273 2110 3318 me
2132 3253 2328 3318 Pata-

390 3334 534 3399 viae
578 3335 877 3417 qualibus
916 3336 1165 3402 artibus
1210 3338 1525 3419 quibusve
1567 3339 1872 3422 practicis
1912 3336 2020 3404 hic
2062 3359 2328 3424 progre-

392 3418 663 3485 diuntur
698 3420 867 3486 Itali.
914 3421 1336 3488 Lismaninus
1369 3443 1598 3488 omnes
1620 3425 1959 3507 practicus,
1996 3445 2157 3507 quas
2180 3444 2329 3492 cum

386 3503 504 3570 illa
537 3505 820 3591 ‘Regina
864 3505 1157 3572 Sworcia
1200 3507 1387 3573 Bona
1442 3509 1786 3576 exercebat
1839 3510 1912 3574 in
1972 3509 2327 3594 republica,

386 3593 731 3658 transtulit
771 3593 842 3657 in
888 3590 1226 3658 ecclesiam
1272 3594 1417 3671 Dei,
1463 3595 1560 3659 ita
1602 3604 1678 3660 ιιι
1720 3596 1834 3662 vix
1880 3595 2138 3661 credam
2184 3604 2330 3680 post

385 3677 606 3761 Papae
647 3676 910 3744 fraudes
955 3676 1199 3743 similes
1246 3679 1319 3743 in
1353 3680 1601 3745 mundo
1648 3681 1940 3763 reperiri.
2028 3681 2328 3749 Iudicare

385 3763 590 3846 igitur
631 3765 823 3829 facile
878 3771 1065 3847 potes
1123 3764 1194 3828 in
1238 3765 1414 3848 quali
1473 3765 1845 3832 discrimine
1889 3767 1998 3834 hic
2040 3788 2147 3832 me
2189 3789 2328 3835 ma-

385 3867 545 3913 nere
609 3850 909 3932 oportuit.
998 3849 1194 3917 Nunc
1257 3851 1405 3930 iam,
1470 3850 1616 3916 Deo
1673 3853 1763 3917 sit
1815 3853 2039 3937 gloria,
2108 3856 2328 3920 omnia

385 3940 545 3995 sunt
586 3936 926 4016 patefacta,
972 3936 1280 4015 discussa,
1327 3935 1655 4020 publicata
1696 3946 1761 4002 et
1805 3939 1875 4002 in
1920 3939 2134 4004 lucem
2176 3960 2325 4023 pro-

387 4015 598 4096 ducta,
663 4020 755 4083 ita
797 4028 872 4085 ut
912 4021 1103 4089 facile
1145 4021 1507 4107 intelligere
1552 4031 1616 4087 et
1671 4022 2055 4108 paradigma
2099 4026 2324 4091 vivum

385 4101 628 4169 habere
673 4114 916 4187 queant
956 4108 1066 4172 isti
1103 4108 1259 4191 quid
1293 4109 1614 4192 sapientia
1649 4120 1716 4174 et
1749 4110 2012 4175 vafritia
2034 4111 2326 4176 humana

383 4190 595 4272 possit
647 4187 959 4255 adversus
1014 4193 1251 4260 Deum.
1353 4195 1681 4260 Nimirum
1737 4195 1985 4261 fallitur
2038 4197 2325 4263 mundus

386 4274 542 4339 dum
589 4284 775 4360 putat
817 4296 890 4339 se
929 4275 1239 4344 humanis
1283 4281 1572 4347 consiliis
1615 4285 1774 4366 regi.
1855 4281 2166 4349 Suaviter
2199 4283 2324 4369 igi·

383 4369 497 4426 tur
562 4372 890 4427 recreatus
956 4382 1101 4426 sum
1167 4371 1281 4430 tua
1343 4368 1810 4434 consolatione.
1921 4366 2056 4435 Sed
2121 4369 2324 4434 miror

383 4446 737 4530 plurimum
795 4466 916 4512 cur
969 4448 1051 4512 D.
1109 4447 1524 4535 Bullinyerus
1577 4474 1696 4537 per
1751 4454 1929 4521 hunc
1988 4454 2323 4538 publicum

383 4533 797 4599 tabellarium
844 4535 1007 4599 meis
1046 4533 1260 4599 literis
1304 4537 1469 4602 nihil
1510 4539 1940 4623 responderit,
1986 4562 2061 4607 ac
2104 4562 2190 4606 ne
2232 4539 2318 4606 D.

388 4616 690 4685 Calvinus
731 4619 1009 4703 quidem.
1097 4619 1290 4706 Roga
1332 4620 1551 4688 Deum
1608 4633 1687 4690 ut
1741 4625 1895 4691 forti
1961 4634 2029 4690 et
2066 4627 2321 4693 excelso

552 4911 649 4978 15)
684 4910 781 4966 Ea·
823 4911 910 4966 lois
945 4909 1236 4967 Aichlerua
1279 4910 1575 4968 Oraoooiae
1608 4918 1861 4971 notarius
1901 4918 2152 4985 publicus
2186 4925 2321 4988 erat,

382 4981 661 5104 mam
687 4981 984 5104 Ἧῖῗὲἶο
1021 4980 1491 5105 §.23⁰³le
1524 4986 2320 5122 fflmm“”‘·}'“&¹3{⁸”⁸“”‘i}>‚}”⁸

382 5115 593 5171 Iasium
628 5066 858 5174 algam
892 5065 1048 5184 ima-qa
1082 5118 1315 5174 Decium
1349 5119 1604 5189 appellat.
2013 5095 2026 5109 ⁰
2069 5072 2124 5125 p·
2274 5057 2319 5126 >⁶

550 5186 644 5252 16)
684 5185 930 5242 sandius
963 5203 1082 5242 eum
1119 5188 1503 5244 Bresinensem
1539 5190 1809 5246 Polemon
1842 5198 1998 5247 vocat
2023 5208 2082 5261 p.
2118 5191 2203 5247 43.

548 5253 642 5320 17)
677 5258 778 5325 qm·
809 5271 936 5324 erqo
969 5257 1083 5311 iam
1117 5264 1227 5312 tum
1274 5272 1394 5312 cum
1443 5260 1867 5316 anticrinitariis
1913 5261 2137 5316 Polom‘s
2181 5263 2320 5318 clam

373 5338 489 5378 rem
520 5323 776 5379 habuisse
806 5324 1039 5381 videtur.

2126 403 2287 466 1563
2332 400 2642 467 APRIL.

4253 395 4378 472 7'26

2433 589 2651 655 animo
2691 588 2953 656 fraudes
2996 596 3065 656 et
3126 589 3617 674 sycophantiam
3673 588 3915 657 diaboli
3955 599 4378 660 contemnere

2433 696 2685 759 queam.

2603 760 2780 840 Quid
2826 760 2946 826 tibi
2985 760 3386 828 transeundo
3428 783 3547 847 per
3582 760 4011 829 Germaniam
4044 763 4376 849 agendum

2432 846 2521 912 sit
2583 847 2967 931 interrogas.
3054 847 3279 914 Facile
3340 849 3616 931 ipsemet
3680 870 3763 914 ex
3827 848 3910 914 iis
3962 869 4124 933 quas
4180 849 4262 916 ad
4308 858 4375 917 te

2429 933 2624 997 mitto
2667 932 2877 998 literis
2922 932 3291 1018 intelligere
3333 940 3541 1017 potes,
3587 933 3761 1020 qnod
3807 933 4109 1001 Genevae
4151 944 4219 1001 et
4260 936 4374 1001 'ri-

2432 1019 2580 1103 guri
2643 1018 2823 1094 facis,
2887 1019 3011 1085 hoc
3076 1017 3195 1083 tibi
3258 1028 3327 1084 et
3389 1020 3530 1086 aliis
3588 1019 3937 1087 academiis
4000 1019 4374 1088 faciendum

2431 1105 2574 1169 erit.
2677 1104 2932 1170 Nollem
3010 1113 3233 1171 tamen
3312 1114 3377 1171 te
3448 1104 3693 1172 diutius
3754 1106 3900 1173 istic
3963 1109 4373 1174 commorari.

2431 1191 2740 1273 Propera,
2784 1210 3080 1274 propera.
3168 1189 3480 1257 Scribant
3522 1192 3649 1256 viri
3691 1192 3780 1276 pii
3826 1199 3892 1257 et
3934 1190 4107 1259 docti
4148 1192 4376 1259 literas

2432 1275 2514 1342 ad
2554 1276 2714 1341 istos
2756 1276 3029 1342 miseros
3071 1284 3139 1341 et
3170 1276 3459 1344 infelices
3494 1277 3748 1358 fratres,
3795 1297 4031 1361 eosque
4064 1286 4376 1345 revocent

2431 1360 2515 1427 ad
2578 1362 2924 1428 stationem
2987 1381 3193 1440 suam,
3256 1385 3340 1429 ne
3404 1362 3528 1429 sibi
3594 1371 3856 1428 tantum
3910 1362 4207 1429 tribuant
4263 1386 4373 1431 su-

2428 1454 2759 1531 mantque.
2844 1448 2938 1512 Et
2977 1448 3323 1532 praecipue
3366 1448 3448 1514 ad
3471 1448 3849 1515 Palatinum
3888 1448 4258 1530 Vilmemem,
4286 1454 4373 1529 ¹⁸)

2431 1553 2808 1618 quanquam
2853 1540 2921 1599 et
2959 1533 3037 1614 is,
3088 1533 3221 1599 iam
3264 1532 3475 1616 video,
3535 1555 3780 1602 cornua
3823 1534 4103 1618 deponit.
4195 1537 4375 1602 Ante

2429 1619 2652 1684 omnia
2694 1627 2912 1684 autem
2957 1639 3266 1704 cuperem
3303 1621 3451 1700 mei,
3497 1619 3715 1687 Iacobi
3762 1619 3981 1704 Sylvii,
4017 1621 4211 1687 Pauli
4253 1621 4373 1688 Gi-

2428 1704 2595 1785 lovii,
2667 1703 2966 1783 Visnovii,
2996 1708 3080 1782 ¹⁹)
3143 1706 3224 1772 ab
3281 1705 3414 1771 illis
3469 1706 3871 1772 mentionem
3928 1707 4092 1785 fieri,
4151 1715 4227 1773 ut
4280 1708 4374 1773 ita

2428 1811 2550 1874 per
2614 1812 2723 1856 eos
2776 1811 2815 1855 a
2860 1789 3171 1873 probetur
3227 1791 3664 1858 ministerium
3721 1800 3789 1857 et
3852 1793 4166 1859 confessio
4221 1792 4374 1859 fidei

2428 1884 2709 1942 nostrae.
2854 1878 2990 1943 icut
3032 1878 3207 1943 enim
3262 1876 3372 1941 hic
3426 1876 3507 1942 ab
3562 1879 3707 1943 istis
3768 1877 4076 1944 videmur
4117 1880 4189 1943 in
4232 1879 4373 1946 dies

2431 1961 2775 2042 defoedari,
2855 1963 2951 2027 ita
3013 1983 3378 2047 congruum
3442 1962 3708 2029 videtur
3769 1971 3846 2029 ut
3908 1985 4019 2030 eas
4083 1965 4373 2032 maculas

2429 2069 2549 2114 suo
2616 2049 2983 2114 testimonio
3045 2048 3146 2113 illi
3210 2049 3337 2115 viri
3402 2048 3497 2132 pii
3562 2070 3602 2115 a
3665 2049 3848 2117 nobis
3912 2048 4244 2134 depellant
4307 2060 4374 2117 et

2431 2133 2670 2201 eluant.
2758 2134 2865 2199 Ita
2905 2135 3020 2199 fiet
3057 2142 3131 2199 ut
3186 2155 3315 2217 quo
3368 2135 3580 2219 magis
3623 2137 3971 2219 conspicua
4014 2137 4137 2202 erit
4178 2138 4372 2202 inno-

2428 2220 2645 2285 centia
2685 2229 2925 2299 nostra,
2984 2240 3059 2285 eo
3104 2221 3313 2303 magis
3357 2222 3493 2305 apti
3534 2220 3973 2304 promovendo
4017 2222 4128 2287 hic
4170 2242 4373 2308 regno

2432 2305 2560 2371 Dei
2625 2303 2990 2371 reddemur.
3025 2310 3061 2346 ⁴·
3167 2306 3531 2390 Praecipue
3610 2315 3827 2372 autem
3916 2327 4075 2391 rogo
4150 2316 4226 2374 ut
4302 2308 4373 2375 in

2432 2413 2576 2457 eam
2657 2392 3045 2459 sententiam
3121 2391 3431 2475 impetres
3517 2392 3741 2458 literas
3832 2393 3914 2458 ad
3991 2394 4375 2460 Palatinum

2448 2476 2800 2543 Vilnensem
2843 2487 2910 2541 et
2952 2475 3307 2561 Despotam.
3393 2478 3545 2543 Erit
3591 2478 3769 2544 enim
3823 2500 3860 2543 e
3918 2500 3991 2544 re
4042 2488 4130 2559 ut,
4195 2488 4375 2563 post·

2435 2584 2630 2646 quam
2697 2573 2769 2628 tu
2832 2564 2970 2647 ipse
3035 2564 3315 2642 veneris,
3383 2584 3519 2629 una
3581 2585 3837 2631 mecum
3899 2563 3980 2630 ad
4025 2575 4375 2648 utrumque

2434 2652 2710 2715 istorum
2788 2670 2932 2729 eas,
2999 2656 3075 2713 ut
3157 2648 3247 2715 ibi
3322 2668 3584 2715 causam
3658 2649 3829 2716 hanc
3909 2652 4371 2737 transigamus.

2436 2733 2657 2817 Quare
2700 2736 2975 2801 memori
3024 2735 3340 2800 memoria
3382 2744 3533 2802 tene
3578 2735 3738 2802 haec
3782 2756 3948 2819 quae
3993 2759 4169 2804 nunc
4213 2737 4370 2802 dixi.

2434 2818 2660 2902 (Quod
2745 2822 2802 2886 si
2865 2841 3020 2886 vero
3103 2821 3232 2886 iam
3301 2820 3595 2887 discessit
3666 2822 3941 2901 Τνεοίαε,
4009 2821 4094 2889 D.
4165 2823 4373 2889 Calvi-

2432 2927 2583 2971 num
2627 2915 2693 2973 et
2712 2905 2797 2974 D.
2829 2906 3271 2991 Bullinyerum
3313 2915 3614 2991 rogatum
3649 2908 3868 2987 velim,
3914 2915 3992 2973 ut
4032 2907 4100 2973 id
4142 2917 4375 2992 sponte

2433 3013 2555 3057 sua
2598 2991 2662 3057 di
2759 3000 2953 3059 entur
2995 2993 3223 3073 facero,
3276 3000 3343 3058 et
3398 2992 3563 3058 tales
3605 2993 3833 3059 literas
3876 2993 3959 3059 ad
4005 3015 4243 3059 manus
4284 2996 4372 3061 D.

2432 3076 2597 3144 Iosti
2709 3079 2825 3145 ecii
2866 3078 3246 3156 cracoviam
3293 3098 3411 3162 per
3451 3088 3661 3146 certos
3705 3079 4074 3146 tabellarios
4130 3080 4375 3165 absque

2432 3185 2615 3229 mora
2659 3165 3156 3242 transmittere.)
3221 3163 3539 3248 Optarem
3586 3166 3777 3231 etiam
3824 3167 4219 3250 praefatione
4254 3167 4375 3232 ali-

2432 3271 2561 3333 qua
2604 3249 2914 3315 celebrari
2958 3272 3198 3317 nomen
3242 3250 3599 3316 castellani
3644 3250 4197 3319 Sendomiriensis
4219 3250 4374 3318 Sta-

2432 3336 2626 3401 nislai
2650 3334 2945 3403 Miscovii
2961 3338 3054 3413 ²⁰)
3092 3348 3160 3401 et
3183 3336 3528 3420 Capitanei
3550 3337 4144 3423 Margeburgensis,
4182 3337 4373 3405 adeo-

2433 3443 2561 3505 que
2624 3430 2828 3487 totam
2892 3422 3210 3488 familiam
3268 3421 3739 3489 Miscoviorum
3804 3444 3966 3508 quae
4032 3423 4173 3490 sola
4235 3423 4375 3490 fere

2431 3508 2733 3591 inprimis
2775 3529 2908 3574 una
2950 3529 3206 3575 mecum
3241 3509 3599 3575 coniunctis
3644 3509 3894 3575 viribus
3929 3517 4196 3575 strenue
4230 3531 4375 3576 sese

2431 3594 2730 3677 opposuit
2769 3595 2912 3661 istis
2952 3593 3401 3675 nebulonibus,
3448 3602 3515 3659 et
3557 3594 3876 3661 hactenus
3910 3594 4275 3661 invincibili
4308 3602 4376 3661 et

2427 3700 2637 3762 paene
2694 3678 3078 3747 Samsonico
3133 3681 3350 3745 animo
3403 3680 3576 3745 hanc
3631 3700 3891 3747 causam
3949 3690 4241 3746 sanctam
4308 3691 4376 3746 et

2433 3767 2609 3849 piam
2653 3774 2927 3834 tutatur.
3014 3764 3407 3847 Impetrabis
3465 3765 3663 3830 etiam
3721 3766 3943 3832 literas
3991 3766 4073 3831 ad
4118 3766 4376 3833 Oastel-

2426 3850 2656 3916 lanum
2702 3851 3203 3918 Oracoviensem
3249 3850 3637 3931 Zborovium,
3685 3850 3766 3916 ad
3808 3851 4189 3918 Palatinum
4234 3853 4373 3918 Lu-

2427 3937 2813 4003 blinensem.
2905 3938 3105 4004 Potes
3146 3937 3387 4002 habere
3441 3937 3674 4002 talium
3740 3937 4079 4003 literarum
4125 3937 4376 4021 aliquot

2428 4024 2728 4106 exempla
2772 4023 3012 4107 absque
3056 4022 3445 4107 epigraphis,
3492 4031 3567 4088 ut
3609 4032 3834 4108 postea
3875 4023 3982 4089 hic
4024 4023 4375 4090 tradantur
4492 4029 4513 4042 ¹*

2426 4109 2698 4174 arbitrio
2733 4118 2958 4175 nostro
2993 4110 3227 4192 quibus
3271 4107 3617 4175 videbitur.

2598 4193 2794 4277 Quod
2858 4197 3093 4261 attinet
3155 4192 3238 4259 ad
3313 4215 3420 4261 res
3497 4196 3788 4279 privatas
3853 4202 4003 4263 tuas
4067 4217 4217 4262 cum
4282 4194 4369 4263 D.

2431 4279 2881 4366 chelmensiv)
2926 4301 3000 4348 ac
3045 4281 3207 4358 aliis,
3254 4302 3336 4345 ne
3380 4282 3468 4346 sis
3512 4282 3708 4347 anxio
3753 4282 3987 4347 animo.
4078 4280 4371 4367 Operam

2424 4386 2685 4431 omnem
2726 4367 3102 4450 impendam
3140 4372 3219 4430 ut
3252 4367 3476 4432 omnia
3509 4388 3660 4434 cum
3694 4367 3908 4433 fructu
3945 4375 4013 4433 et
4047 4367 4371 4453 dignitate

2426 4465 2540 4518 tua
2588 4454 2769 4519 fiant.
2870 4452 3018 4520 Scis
3076 4453 3251 4519 enim
3306 4451 3476 4536 quod
3531 4453 3859 4518 neminem
3926 4462 3991 4519 te
4054 4456 4370 4521 cariorem

2423 4538 2707 4606 amicum
2750 4537 2913 4605 mihi
2956 4540 3180 4606 sentio.
3269 4538 3453 4605 Deus
3494 4540 3697 4605 novit.

2596 4846 2689 4916 18)
2726 4845 3118 4904 Βαᾶείυᾱὶιιηι.

2597 4916 2690 4983 19)
2734 4916 2984 4972 Gilovius
3029 4916 3376 4972 ecclesiarum
3422 4917 3795 4971 Zathoriensis
3838 4924 3897 4971 et
3931 4917 4368 4975 Osviecimiensis

2423 4985 2650 5039 ducatus
2695 4987 3171 5056 superintendens,
3220 4985 3691 5041 Miscowskiorum
3734 4989 4085 5043 concionator
4138 4993 4191 5042 et
4234 4987 4367 5044 Sar·

2422 5055 2560 5110 uticii
2591 5060 2782 5110 contra
2824 5053 2985 5137 Greq.
3031 5054 3269 5109 Paulum
3313 5054 3465 5121 fidus
3505 5055 3759 5110 Achates.
3808 5086 3872 5095 —
3924 5055 4080 5112 fflan.
4127 5055 4365 5113 Wisnio-

2421 5124 2549 5178 vius
2580 5126 2826 5178 minister
2860 5124 3237 5180 Wieliciensis.
3303 5123 3473 5193 (Lab.
3516 5122 3660 5193 163.)

2593 5192 2688 5261 20)
2721 5193 2957 5275 Palatini
3004 5197 3062 5247 et
3106 5193 3371 5275 praefecti
3406 5193 3795 5247 cracoviensis.
3861 5193 4031 5274 (pub.
4069 5193 4186 5248 193.
4220 5193 4370 5265 222.)
4420 5223 4425 5232 ·

2423 5348 2543 5399 m,
2581 5260 2860 5384 33]·ιὲῗὲ
2914 5262 3621 5387 szffiffiffffoettssff
3623 5261 4181 5471 &3231sz
4093 5280 4187 5347 '³⁰⁸
4204 5265 4366 5403 Ῑῖἓὲῖἶ
