4850 6117
639 393 765 459 875

641 581 872 649 fecerit
924 601 1041 665 per
1097 580 1507 648 authenticas
1566 580 1790 648 literas
1847 589 1963 647 aut
2014 588 2216 649 testes
2256 582 2583 667 probatos,

642 665 713 732 id
755 665 924 750 quod
966 667 1410 751 imprudentia
1469 669 1682 752 magis
1726 687 1922 751 quam
1965 667 2108 734 dolo
2153 667 2399 735 factum
2441 687 2585 734 esse

644 761 820 818 certe
884 752 1033 819 scio.
1121 754 1213 819 Et
1277 774 1390 818 oro
1447 775 1563 819 vos
1621 761 1816 837 atque
1869 754 2132 820 obsecro
2189 775 2306 838 per
2360 753 2582 819 Iesum

643 837 982 905 Christum
1025 859 1110 904 118
1152 846 1285 904 tam
1329 859 1530 924 grave
1573 838 1826 906 facinus
1868 838 1948 904 ab
1984 860 2062 905 ea
2094 861 2316 907 sorore
2359 848 2588 905 nostra

641 923 829 992 vobis
870 924 1313 1008 persuadeatis
1371 944 1514 991 esse
1570 934 1918 1008 patratum,
1988 934 2059 990 111
2101 946 2290 991 8118111
2333 924 2585 1011 pudici-

638 1010 801 1074 tiam
847 1009 1036 1076 alteri
1083 1011 1226 1076 viro
1271 1011 1699 1095 prostituerit,
1759 1011 1864 1078 cui
1906 1031 2039 1075 non
2081 1011 2255 1077 ultro
2298 1011 2586 1095 citroque

643 1096 799 1162 data
840 1093 969 1161 fide
1012 1097 1325 1180 nupserit.
1393 1097 1537 1181 Ego
1580 1103 1747 1163 teste
1768 1096 1913 1163 Deo
1954 1104 2022 1160 et
2063 1118 2213 1163 11188
2253 1097 2589 1164 0011801811-

641 1183 739 1248 118
795 1182 1124 1248 affirmare
1182 1202 1444 1265 possum
1504 1180 1775 1248 eandem
1844 1203 2136 1248 sororem
2180 1204 2395 1250 meam
2439 1181 2586 1267 lege

643 1268 877 1335 uxoria
927 1268 1260 1334 astrictam
1321 1289 1462 1334 esse
1520 1268 1659 1334 viro
1699 1267 1866 1333 mihi
1920 1270 2180 1354 cognito
2246 1289 2444 1353 quem
2512 1269 2588 1335 de

648 1352 874 1420 Sancto
921 1352 1182 1421 Privato
1222 1360 1621 1437 nuncupant,
1694 1374 1768 1419 ea
1812 1374 1949 1419 una
1990 1355 2356 1421 conditione
2400 1361 2475 1420 ut
2516 1375 2587 1419 se

646 1438 731 1505 ad
776 1459 896 1504 vos
940 1439 1306 1506 deduceret.
1392 1440 1459 1504 A
1499 1439 1728 1505 multis
1795 1461 2032 1524 nempe
2089 1442 2279 1508 annis
2344 1461 2586 1525 magno

643 1525 765 1591 illa
827 1524 1171 1590 tenebatur
1226 1523 1541 1591 desiderio
1584 1526 1749 1591 sacri
1795 1527 2141 1611 evangelii,
2208 1525 2587 1594 avidissime

639 1611 913 1695 cupiens
937 1610 1324 1678 Antichristi
1366 1630 1698 1697 synagoga
1739 1611 1966 1679 relicta
2007 1612 2089 1677 ad
2133 1612 2305 1678 ovile
2334 1612 2586 1678 Christi

648 1719 721 1764 se
764 1698 1067 1781 recipere,
1152 1704 1227 1762 ut
1284 1704 1588 1761 aeternae
1632 1696 1863 1763 salutis
1904 1698 2144 1781 pabulo
2189 1699 2587 1765 esurientem

650 1784 936 1849 animam
992 1784 1299 1848 reficeret.
1389 1782 1581 1849 Nunc
1636 1803 1793 1849 vero
1844 1781 2096 1867 Optimi
2153 1784 2424 1850 maximi
2467 1804 2587 1868 ope

649 1868 936 1946 suffulta,
983 1869 1117 1932 voti
1159 1868 1260 1932 sui
1303 1887 1583 1950 compos,
1630 1889 1717 1932 ex
1757 1869 1986 1936 inferis
2027 1871 2093 1935 in
2142 1871 2396 1937 coelum
2438 1890 2589 1935 con-

649 1952 973 2019 scendisse
1020 1953 1144 2019 sibi
1189 1953 1332 2019 visa
1374 1966 1492 2033 est,
1539 1953 1693 2019 dum
1737 1954 1833 2020 illi
1884 1955 2076 2021 datur
2123 1956 2305 2022 vobis
2347 1956 2475 2021 frui
2520 1956 2589 2019 in

648 2051 786 2106 tam
843 2038 1014 2105 felici
1074 2050 1142 2103 et
1204 2038 1529 2122 plausibili
1585 2048 1770 2106 coetu
1830 2040 2140 2108 fidelium.
2229 2043 2287 2107 A
2352 2063 2479 2124 quo
2533 2042 2592 2106 81

651 2125 1015 2208 depellatur
1072 2122 1362 2209 indigna,
1430 2134 1727 2210 superest
1770 2140 1845 2192 ut
1889 2128 2122 2193 misere
2167 2129 2235 2192 in
2281 2127 2593 2213 lacrymis

647 2224 715 2277 et
757 2209 1161 2277 moeroribus
1205 2210 1433 2277 iaceat.
1522 2213 1666 2298 Ego
1710 2234 1960 2297 quoque
2005 2213 2381 2280 iustissimis
2424 2235 2595 2280 com·

648 2297 960 2363 movebor
1000 2295 1327 2362 doloribus
1391 2299 1446 2363 si
1489 2319 1629 2362 eam
1677 2321 1717 2364 a
1762 2299 1944 2364 vobis
1988 2297 2397 2364 alienandam
2445 2320 2595 2365 cen-

649 2384 867 2449 seatis.
975 2383 1275 2449 Profecto
1352 2382 1520 2449 118110
1599 2395 1882 2450 vestram
1961 2407 2303 2452 censuram
2362 2386 2596 2469 quovis

653 2467 869 2535 exsilii
911 2488 1152 2552 genere
1196 2467 1579 2534 duceremus
1624 2492 1744 2553 ego
1787 2480 1854 2535 et
1896 2473 2037 2555 ipsa
2081 2472 2464 2555 graviorem,
2529 2478 2596 2535 et

652 2554 841 2620 nobis
896 2554 1034 2619 vita
1098 2561 1324 2620 nostra
1389 2568 1522 2619 tam
1590 2557 1884 2639 graviter
1925 2557 2142 2621 invisa
2185 2572 2355 2624 esset
2396 2577 2593 2640 quam

652 2640 811 2723 ipsis
882 2647 1175 2706 extremo
1253 2640 1531 2723 quodam
1600 2640 1915 2726 supplicio
1994 2639 2336 2709 damnatis.
2425 2642 2591 2707 Nam

654 2732 897 2810 quanto
962 2724 1170 2810 pluris
1238 2732 1522 2791 vestram
1588 2728 2003 2793 autoritatem
2070 2729 2341 2794 facimus
2397 2748 2592 2813 quam

655 2811 1252 2895 potentissimorum
1308 2833 1568 2897 regum,
1636 2820 1819 2879 tanto
1864 2836 1902 2878 a
1945 2815 2131 2881 vobis
2177 2815 2396 2881 inusta
2440 2822 2596 2880 nota

653 2896 961 2963 infamiae
1004 2906 1071 2964 et
1113 2898 1365 2982 turpior
1407 2906 1580 2964 esset
1623 2906 1690 2963 et
1733 2898 1990 2981 foedior,
2048 2922 2247 2984 quum
2295 2901 2454 2966 haec
2498 2899 2593 2964 la·

652 2981 769 3049 bes
819 3004 953 3047 non
1008 2990 1145 3048 tam
1202 2985 1460 3067 corpori
1516 3005 1712 3069 quam
1779 2986 2037 3052 animae
2079 2987 2387 3071 adspersa
2423 2992 2597 3053 esset

654 3068 942 3134 maximo
984 3068 1215 3135 salutis
1259 3067 1515 3137 damno.
1605 3072 1656 3134 A
1702 3078 1923 3138 vestro
1966 3073 2141 3137 enim
2185 3072 2594 3139 sanctissimo

655 3160 841 3221 coetu
885 3153 1060 3239 abigi
1095 3162 1195 3220 est
1236 3175 1276 3221 a
1308 3153 1500 3222 domo
1541 3164 1815 3240 paterna
1856 3157 2154 3224 omnibus
2198 3159 2384 3225 bonis
2403 3158 2595 3242 spiri·

656 3238 941 3306 tualibus
961 3240 1272 3307 affluente
1307 3241 1390 3307 ad
1412 3248 1774 3309 extremam
1794 3243 2077 3327 aliquam
2104 3245 2458 3330 regionem,
2481 3243 2596 3309 ubi

657 3326 829 3391 fame
895 3332 962 3391 et
1012 3327 1119 3392 siti
1177 3327 1265 3391 sit
1312 3329 1738 3411 pereundum,
1800 3329 2094 3415 relegari.
2176 3331 2355 3416 Ergo
2400 3330 2597 3394 sinite

656 3434 775 3479 vos
819 3433 859 3477 8
902 3419 1121 3479 vestra
1165 3412 1568 3498 benignitate
1630 3416 1838 3482 vinci:
1929 3417 2126 3481 sinite
2173 3436 2288 3481 vos
2331 3436 2598 3500 persua-

658 3497 816 3577 deri,
882 3498 1044 3563 nihil
1101 3519 1208 3564 me
1262 3501 1779 3566 commentitium
1838 3502 1908 3567 111
1976 3500 2313 3585 purganda
2375 3523 2598 3568 sorore

657 3605 804 3649 mea
868 3585 1123 3649 misella
1187 3585 1496 3663 attulisse,
1564 3588 1675 3668 qui
1753 3608 1892 3652 rem
1960 3589 2166 3672 ipsam
2231 3589 2407 3654 novi.
2517 3585 2599 3650 Id

658 3670 829 3753 quod
892 3672 987 3735 rei
1045 3679 1147 3737 est
1201 3670 1382 3736 vobis
1441 3671 1619 3736 nulla
1670 3694 1830 3738 118118
1886 3674 2265 3739 circuitione
2306 3675 2595 3756 exposui.

661 3756 877 3821 Facite
919 3775 1178 3839 quaeso,
1224 3757 1613 3823 observandi
1657 3769 1892 3841 patres,
1937 3769 2011 3824 ut
2053 3780 2234 3825 soror
2272 3759 2602 3845 intelligat

660 3863 869 3907 meam
913 3842 1537 3909 commendationem
1578 3864 1707 3908 non
1751 3844 1848 3909 illi
1891 3844 2192 3910 inutilem
2232 3846 2461 3912 fuisse:
2507 3846 2601 3910 ita

659 3948 765 3992 me
807 3929 990 3994 vobis
1055 3930 1266 4014 magis
1320 3950 1394 3994 ac
1439 3929 1650 4013 magis
1693 3929 1976 3995 reddetis
2021 3931 2599 3998 devinctissimum.

827 4012 1020 4093 Quod
1061 4015 1300 4078 attinet
1341 4012 1424 4079 ad
1457 4035 1696 4079 munus
1740 4015 1903 4080 mihi
1938 4038 1977 4080 a
1997 4017 2180 4084 vobis
2217 4019 2600 4090 iniunctum,

662 4123 743 4167 ex
798 4101 1014 4184 priore
1067 4100 1341 4184 epistola
1388 4100 1694 4184 potuistis
1750 4102 2115 4186 intelligere
2175 4125 2214 4167 a
2271 4125 2376 4169 me
2435 4102 2602 4168 nihil

659 4186 1092 4270 praetermitti
1134 4184 1307 4270 quod
1352 4186 1538 4272 gregi
1582 4193 1806 4253 nostro
1849 4189 2260 4271 profuturum
2306 4186 2599 4253 viderim.

661 4272 994 4338 Benevolo
1038 4279 1106 4337 et
1146 4271 1397 4338 lubenti
1436 4272 1657 4338 animo
1716 4273 1877 4339 adeo
1921 4282 2284 4359 susceptam
2330 4275 2603 4360 logatio-

663 4380 813 4423 nem
881 4358 1077 4438 obire,
1141 4365 1491 4443 vestraque
1556 4358 1861 4424 mandata
1911 4380 2226 4444 peragere
2280 4360 2605 4426 contendo

660 4453 738 4507 ut
780 4443 1042 4509 tandem
1083 4445 1334 4509 fructus
1377 4443 1616 4528 aliquis
1660 4453 1971 4528 appareat
2013 4466 2094 4510 ex
2141 4446 2378 4512 nostris
2414 4445 2605 4513 sudo·

663 4529 844 4594 ribus
899 4529 967 4593 in
1028 4528 1301 4614 gloriam
1344 4529 1592 4596 Ohristi
1649 4550 1931 4615 suaeque
1974 4530 2281 4596 ecclesiae
2322 4553 2600 4598 commo·

664 4616 839 4680 dum.
926 4612 1168 4680 Omnia
1224 4636 1389 4697 quae
1446 4616 1555 4680 hic
1611 4625 1907 4701 aguntur
1960 4617 2360 4683 commodius
2415 4617 2605 4685 vobis

661 4702 904 4766 referet
936 4701 1170 4766 harum
1205 4701 1482 4767 nuncius
1516 4723 1710 4786 quam
1749 4721 1871 4787 ego
1915 4701 2066 4768 ullis
2110 4702 2315 4767 literis
2356 4703 2601 4789 possim

665 4788 1048 4868 exprimere.
1110 4784 1416 4869 Optimus
1451 4796 1670 4870 pastor
1701 4789 1926 4855 ovium
1947 4788 2135 4855 Iesus
2156 4787 2466 4856 Christus
2489 4810 2606 4872 pro

664 4893 785 4937 sua
841 4873 1162 4936 immensa
1214 4873 1455 4954 pietate
1510 4882 1578 4938 et
1619 4877 1686 4940 in
1731 4895 1957 4939 omnes
2001 4875 2347 4941 clementia
2391 4873 2608 4942 hacte-

663 4979 792 5022 nus
836 4968 1102 5022 conatus
1138 4967 1394 5022 nostros
1428 4962 1754 5040 promovit
1773 4974 1841 5026 et
1882 4961 2040 5027 fecit
2082 4968 2157 5026 ut
2189 4962 2257 5025 in
2297 4960 2607 5026 sectanda

665 5044 1010 5109 vocatione
1054 5043 1279 5108 nullus
1322 5064 1428 5108 me
1471 5046 1903 5128 periculorum
1951 5054 2163 5112 metus
2199 5045 2608 5125 deterruerit,

666 5138 733 5195 et
775 5128 1192 5195 secundiores
1234 5136 1510 5195 eventus
1573 5132 1901 5214 praestitit
1943 5153 2136 5215 quam
2181 5152 2446 5217 sperare
2489 5154 2607 5199 au-

665 5215 903 5281 derem.
973 5214 1118 5281 Hoc
1139 5213 1301 5281 duce
1335 5222 1401 5280 et
1428 5213 1681 5282 vindice
1715 5224 1973 5283 nostrae
2007 5218 2238 5284 salutis
2261 5218 2608 5303 diligenter

659 5311 734 5365 ct
777 5301 1176 5367 confidenter
1239 5302 1640 5367 vocationem
1684 5303 1811 5368 Dei
1853 5322 2106 5386 sequar.
2196 5304 2276 5369 Id
2333 5312 2408 5371 ut
2472 5304 2604 5370 818-

2139 326 2656 461 ΕΡῙΒΤὸΒΔΕ
2700 390 3123 461 8763-3765

4476 397 4574 461 316
4610 372 4619 389 ’

2685 581 2860 646 011118
2902 578 3135 645 faciam
3179 600 3285 645 me
3328 580 3543 663 ipsum
3589 600 3663 645 ac
3686 599 3953 663 gregem
3975 599 4194 644 meum
4219 580 4443 645 vestris
4461 601 4580 647 ora-

2683 664 2972 731 tionibus
3014 663 3414 732 commendo.
3479 664 3664 730 Bene
3706 665 3921 730 valete
3963 674 4031 729 et
4072 673 4376 750 perpetuo
4417 667 4583 733 vivite

2683 750 3066 904 ῗοὲῃξιέὶπο
3112 761 3447 817 servatore
3491 760 3728 829 nostro,
3776 751 4310 834 praestantissimi
4354 748 4583 818 domini.

2920 989 3105 1057 Idem
3154 992 3235 1056 ad
3281 992 3652 1076 peragenda
3694 992 3871 1057 iussa
3912 1002 4132 1058 vestra
4174 991 4588 1076 paratissimus

3592 1078 3667 1143 F.
3710 1078 3990 1144 Pancus.

3563 1709 3759 1781 37⁶4.

3144 1880 3709 1950 BLAURERUS
3757 1881 4189 1948 CALVINO.

2868 2054 3260 2122 Gallicarum
3301 2054 3698 2121 eeclesiarum
3742 2058 3962 2119 sortem
4015 2054 4203 2134 deflet,
4256 2053 4608 2120 Germaniae

2690 2143 2853 2208 vices
2896 2141 3199 2223 ancipites
3230 2141 3462 2218 metuit,
3510 2138 3750 2205 Bezam
3793 2138 4087 2206 laudibus
4129 2140 4382 2218 extollit,
4432 2137 4611 2206 Calvi·

2692 2248 2847 2293 num
2888 2227 3025 2294 Deo
3056 2225 3451 2305 commendat,
3508 2226 3644 2307 ipse
3687 2226 3817 2290 iam
3858 2227 4375 2310 septuayenarius
4415 2230 4610 2292 metam

2694 2313 2820 2382 sibi
2861 2314 3142 2397 attiyisse
3183 2312 3445 2377 videtur.

2693 2484 2979 2551 (Praebuit
3014 2483 3153 2537 Beza
3200 2483 3286 2536 ed.
3322 2482 3527 2537 Genov.
3562 2480 3682 2552 271,
3720 2481 3881 2539 Laus.
3930 2499 3981 2552 p.
4016 2482 4135 2547 560,
4173 2482 4387 2537 Hanov.
4434 2500 4484 2551 p.
4514 2480 4613 2549 629,

3200 2550 3409 2606 Chonet
3442 2568 3496 2621 p.
3532 2549 3649 2617 371,
3688 2552 3858 2604 Amst.
3895 2569 3948 2620 p.
3986 2549 4129 2615 169.)

2869 2723 3274 2792 Gallicarum
3318 2722 3734 2791 ecclesiarum
3780 2722 3974 2788 fidem
4031 2723 4204 2789 inter
4260 2731 4357 2788 tot
4420 2730 4618 2806 poten-

2698 2812 2864 2877 tium
2909 2810 3429 2877 adversariorum
3471 2830 3813 2895 pressuras
3858 2815 3924 2874 et
3965 2809 4317 2876 immensos
4369 2816 4617 2875 conatus

2700 2898 3009 2977 eminere,
3068 2908 3209 2962 tum
3253 2901 3321 2961 et
3361 2895 3432 2962 in
3492 2893 3632 2961 dies
3674 2895 3885 2979 magis
3927 2903 4124 2979 atque
4167 2895 4382 2980 magis
4427 2915 4618 2961 888111·-

2699 3004 2871 3069 gere,
2931 3003 3172 3067 magna
3227 2982 3593 3048 animorum
3650 2981 4092 3066 gratulatione
4135 2979 4415 3046 audiunt
4456 2990 4618 3064 quot-

2699 3077 2859 3154 quot
2900 3079 3055 3135 sunt
3096 3069 3168 3133 in
3213 3075 3441 3133 nostra
3483 3066 3846 3132 Germania
3910 3069 4020 3152 qui
4067 3066 4318 3133 Christi
4364 3084 4620 3152 regnum

2699 3155 2872 3240 apud
2918 3175 3145 3220 omnes
3187 3162 3413 3238 gentes
3456 3162 3885 3238 propagatum
3930 3151 4221 3236 cupiunt.
4287 3152 4620 3219 Guisiano·

2700 3246 2850 3306 ru'm
2893 3261 3047 3308 cum
3089 3240 3331 3307 nostris
3374 3237 3622 3324 aliquot
3642 3238 4060 3324 Principibus
4093 3238 4363 3305 collusio
4413 3257 4621 3305 vereor

2700 3348 2786 3393 118
2828 3336 3193 3392 monstrum
3236 3324 3370 3390 alat
3411 3323 3582 3410 quod
3597 3324 3855 3391 Galliae
3899 3345 4101 3409 regno
4143 3345 4460 3410 magnum
4503 3345 4623 3389 ma·

2700 3415 2838 3478 lum
2906 3411 3218 3478 daturum
3284 3412 3387 3477 sit.
3476 3409 4019 3493 Quandoquidem
4062 3410 4327 3476 illorum
4373 3408 4621 3476 simula-

2700 3508 2842 3564 tum
2887 3498 3219 3582 religionis
3262 3497 3578 3574 studium,
3623 3518 3749 3580 quo
3794 3500 4250 3579 Augustanam
4294 3498 4623 3562 confessio-

2701 3606 2851 3650 nem
2908 3584 3169 3669 probari
3228 3583 3348 3649 sibi
3409 3581 3617 3649 videri
3681 3583 3934 3661 volunt,
3980 3582 4214 3648 horum
4259 3582 4625 3666 simplicita-

2701 3680 2852 3750 tem,
2943 3670 3012 3735 ui
3068 3669 3305 3753 alioqui
3360 3669 3510 3752 plus
3570 3669 3729 3734 satis
3786 3668 4024 3734 infensi
4079 3676 4234 3733 sunt
4278 3690 4458 3734 1111110
4502 3667 4625 3752 qui-

2702 3757 2851 3822 dem
2950 3755 3439 3822 aeramentariis
3498 3775 3660 3838 quos
3719 3764 3972 3834 vocant,
4040 3754 4224 3819 facile
4283 3755 4623 3821 circumve·

2703 3844 2857 3907 niet.
2960 3842 3359 3926 Quanquam
3424 3841 3672 3906 solatur
3729 3842 4010 3918 interim,
4090 3840 4263 3924 quod
4319 3840 4629 3906 Dominus

2702 3941 2804 3994 est
2845 3930 2956 4012 qui
3001 3928 3329 4011 sapientes
3374 3927 3599 3992 mundi
3643 3927 3839 3993 huius
3882 3927 3948 3991 in
3996 3946 4115 3990 sua
4147 3925 4446 4011 ipsorum
4471 3936 4627 3989 astu·

2701 4016 2794 4079 tia
2837 4012 3359 4097 comprehendit:
3405 4034 3596 4096 quem
3619 4013 3787 4078 serio
3822 4019 4261 4097 perpetuoque
4283 4031 4628 4095 precemur,

2703 4111 2777 4166 ut
2819 4100 3058 4184 spiritu
3102 4099 3208 4165 sui
3260 4098 3513 4166 consilii
3579 4119 3847 4165 suorum
3893 4099 4185 4163 omnium
4230 4097 4519 4164 actiones
4561 4091 4629 4160 ad

2704 4186 2956 4252 Christi
2997 4184 3513 4252 aedificationem
3554 4185 3828 4252 feliciter
3884 4183 4141 4269 dirigat,
4206 4190 4275 4249 et
4329 4199 4631 4267 magnum

2704 4293 2900 4337 suum
2944 4291 3180 4337 nomen
3226 4271 3299 4335 in
3343 4290 3420 4335 ea
3462 4292 3578 4354 usq
3587 4292 3665 4334 ue
3709 4271 4083 4337 sanctificet.

2877 4356 2981 4422 De
3034 4357 3178 4423 aliis
3223 4357 3619 4424 Germaniae
3685 4367 3942 4422 nostrae
3986 4356 4177 4422 rebus
4222 4355 4499 4421 Limera-3
4539 4352 4631 4417 hic

2705 4451 2930 4510 noster
2973 4445 3193 4509 omnia
3235 4443 3353 4508 tibi
3397 4462 3613 4508 0018111
3671 4441 3904 4509 melius
3949 4442 4338 4525 exposuerit.
4426 4439 4633 4523 Dubia

2705 4533 2989 4614 profecto
3023 4539 3183 4596 sunt
3222 4527 3459 4608 omnia,
3519 4530 3643 4595 nisi
3685 4528 3858 4612 quod
3903 4528 4272 4612 gravissimi
4320 4540 4537 4590 motus
4575 4537 4633 4586 et

2704 4615 2977 4681 hostiles
3020 4616 3360 4680 vastitates
3402 4615 3670 4680 omuino
3714 4613 3902 4680 nobis
3935 4614 4279 4678 imminere
4313 4611 4631 4678 videntur.

2706 4700 3251 4785 Quandoquidem
3309 4699 3558 4765 nullam
3615 4701 3932 4767 hactenus
3996 4699 4389 4784 legationem
4428 4715 4633 4762 sacra·

2705 4809 2854 4853 rum
2912 4788 3375 4870 precationum,
3430 4786 3721 4852 fidelium
3778 4786 4219 4870 lacrymarum
4274 4792 4342 4850 et
4381 4783 4632 4849 omnino

2706 4876 2913 4940 seriae
2959 4872 3443 4955 resipiscentiae
3480 4871 3563 4937 ad
3604 4871 3792 4938 illum
3834 4871 4157 4937 mittimus
4199 4870 4391 4953 paulo
4431 4867 4634 4935 adhuc

2703 4960 2964 5043 longius
3008 4969 3330 5042 agentem,
3383 4959 3492 5041 qui
3538 4968 3638 5023 tot
3677 4956 3968 5023 millibus
4008 4968 4237 5021 contra
4279 4978 4399 5022 nos
4439 4954 4632 5027 venit,

2707 5065 2785 5110 88
2827 5065 2993 5128 quae
3036 5045 3213 5126 pacis
3255 5050 3415 5108 sunt
3456 5052 3771 5126 petentes,
3812 5063 4010 5127 quum
4054 5043 4185 5107 iam
4228 5041 4467 5109 dudum
4492 5042 4634 5104 mis·

2707 5132 2796 5196 sis
2840 5129 3176 5214 prophetis
3218 5130 3372 5207 suis,
3436 5130 3620 5195 velut
3678 5129 4055 5196 certissimis
4098 5127 4250 5194 fidei
4296 5124 4631 5199 socialibus,

2707 5216 2953 5282 bellum
2999 5215 3185 5280 nobis
3230 5224 3526 5280 extrema
3558 5216 3954 5283 commeritis
3988 5215 4320 5289 indixerit,
4366 5233 4520 5296 quos
4542 5212 4630 5293 ip·

2708 5322 2813 5368 sos
2858 5303 3050 5366 etiam
3099 5312 3163 5364 et
3204 5304 3625 5385 contemptim
3670 5321 3864 5386 saepe
3907 5302 4187 5380 risimus,
4233 5312 4300 5364 et
4344 5321 4463 5365 non
4492 5314 4631 5363 raro
