4850 6117
259 422 374 488 51⁷

256 607 462 674 donce.
530 604 639 671 De
659 626 832 690 quoy
854 606 1028 673 aussi
1069 606 1131 672 ie
1165 627 1329 674 vous
1371 606 1514 691 prio
1557 605 1706 673 bien
1751 604 2174 671 affectueuse-

252 698 437 770 ment,
483 691 760 759 dautant
803 712 928 775 que
973 691 1219 759 desirez
1261 693 1715 760 lavaneement
1747 689 1828 756 de
1871 690 1937 755 la
1971 689 2175 775 gloire

253 777 327 844 de
366 778 536 843 Dieu
578 786 646 843 et
686 776 946 844 l'utilite
990 777 1071 844 de
1113 799 1232 845 son
1276 778 1491 863 eglise.
1575 778 1668 843 Et
1708 778 1957 860 iespere
1998 774 2177 842 Dieu

254 862 462 930 aidant
503 884 629 947 que
669 863 733 930 le
787 883 1192 950 personnage
1233 885 1676 949 quenvoyerez
1732 871 2044 930 trouvera
2086 860 2177 928 tel

251 949 406 1034 petit
444 956 715 1034 tropeau
738 950 872 1034 quil
907 950 1068 1017 aura
1099 950 1396 1017 occasion
1418 949 1498 1015 de
1530 950 1593 1016 16
1625 949 1867 1032 paistre
1899 947 2177 1032 alaigre-

251 1041 436 1100 ment.
510 1033 741 1118 Quant
780 1056 822 1100 a
862 1056 1016 1101 mon
1060 1036 1285 1101 affaire
1326 1059 1372 1122 y
1405 1055 1568 1102 vous
1609 1035 1822 1119 plaira
1863 1033 2177 1100 entendre

250 1140 365 1203 que
424 1140 546 1186 nos
610 1122 815 1186 fieres
877 1121 959 1187 de
1011 1122 1209 1206 Lyon
1264 1127 1472 1186 m'ont
1535 1121 1899 1186 seulement
1962 1120 2178 1186 donne

249 1214 440 1289 conge
474 1209 785 1290 jusqu'au
827 1207 1222 1290 quinziesme
1256 1205 1605 1274 d'Octobre
1645 1206 2181 1290 prochainement

249 1301 502 1358 venant.
526 1296 583 1370 ³)
671 1293 765 1357 Et
820 1300 1135 1375 pourtant
1187 1294 1253 1358 ie
1293 1314 1456 1359 vous
1509 1294 1649 1375 prie
1703 1292 1884 1369 faire,
1947 1292 2029 1356 sil
2080 1300 2181 1356 est

249 1377 537 1460 possible,
583 1398 708 1461 que
745 1386 920 1444 ceste
963 1379 1166 1463 eglise
1209 1400 1292 1444 ne
1334 1380 1459 1444 soit
1492 1378 1827 1457 destitues,
1870 1397 2034 1442 vous
2077 1397 2179 1441 as-

248 1471 505 1527 seurant
560 1463 702 1547 quil
743 1487 790 1550 y
832 1485 873 1529 a
915 1463 1043 1530 bon
1098 1466 1368 1530 nombre
1420 1464 1500 1529 de
1560 1463 1771 1529 brebis
1827 1462 2007 1528 selon
2055 1483 2179 1545 que

248 1546 524 1615 lhomme
567 1558 725 1632 peut
763 1550 970 1634 inger.
1050 1548 1161 1615 Ou
1204 1552 1386 1636 fera)⁷
1429 1552 1520 1615 fin
1564 1569 1753 1632 apres
1796 1556 2040 1614 mestre
2080 1569 2180 1613 re·

250 1635 623 1700 commande
664 1656 797 1701 aux
839 1635 1089 1701 bonnes
1143 1646 1210 1701 et
1265 1637 1545 1701 sainctes
1599 1636 1849 1719 prieres
1894 1634 1975 1699 de
2018 1654 2179 1702 vous

248 1727 398 1785 tous.

406 1806 588 1872 Tous
629 1807 725 1873 les
767 1807 973 1873 freres
1016 1805 1097 1871 de
1137 1828 1258 1890 par
1301 1807 1462 1891 deca
1503 1826 1671 1872 vous
1716 1806 1992 1872 saluent.

403 1893 511 1958 De
551 1893 919 1978 Baignauts
946 1897 1005 1971 ⁴)
1044 1914 1118 1959 ce
1160 1898 1228 1956 2⁰
1271 1892 1353 1958 de
1394 1893 1762 1975 septembre
1810 1895 1992 1957 1561.
2065 1913 2069 1919 ·

693 2031 795 2096 Le
836 2037 1059 2097 vostre
1104 2030 1185 2096 de
1228 2027 1541 2128 Semidde
1581 2050 1666 2095 au
1709 2050 1864 2094 nom
1908 2027 1988 2094 de
2030 2029 2096 2093 la

1206 2136 1602 2201 compagme.

1009 2409 1415 2421 *ι*-

1105 2661 1310 2731 3848.

643 2816 1306 2886 BULLINGERUS
1353 2814 1780 2883 OALVINO.

398 2988 639 3056 Dolore
670 2994 726 3055 et
760 2989 1068 3056 anxietate
1100 2988 1379 3071 percitus
1407 2991 1665 3071 propter
1698 2991 1931 3053 statum
1962 3005 2170 3053 rerum

243 3076 307 3141 in
349 3075 572 3143 Gallia
634 3077 768 3142 iam
828 3077 901 3143 in
962 3096 1087 3142 uno
1140 3075 1277 3142 Deo
1328 3094 1520 3157 spem,
1582 3074 1644 3139 si
1698 3094 1828 3155 qua
1881 3076 2173 3155 superest,
2275 3090 2286 3099 ’

241 3162 485 3245 reponit.

243 3332 346 3399 (Ex
396 3338 527 3388 auto
627 3331 736 3402 pho
785 3331 946 3386 Arch.
982 3331 1161 3385 Turio.
1199 3330 1342 3384 Plnt.
1373 3330 1475 3387 VI.
1514 3330 1632 3385 Vol.
1672 3328 1786 3397 129,
1834 3329 1964 3382 olim
1998 3328 2170 3382 Scrin.

452 3402 517 3456 B.
601 3418 694 3472 pp.
730 3400 856 3456 Vol.
892 3398 973 3467 30,
1011 3400 1101 3455 fol.
1140 3398 1258 3453 441.
1297 3428 1358 3438 —
1399 3400 1609 3454 Simler.
1646 3398 1772 3453 Vol.
1809 3396 1953 3463 105.)

404 3571 789 3641 Clarissimo
849 3572 988 3638 viro
1034 3571 1118 3637 D.
1163 3571 1403 3637 Ioanni
1444 3569 1719 3636 Calvino
1765 3567 2170 3636 Genevensis

242 3657 544 3724 ecclesiae
607 3658 857 3742 pastori
919 3657 1295 3725 fidelissimo
1360 3656 1617 3723 domino
1671 3653 2052 3722 honorando
2107 3659 2173 3720 et

242 3742 419 3809 fratri
462 3744 798 3812 carissimo
840 3764 975 3810 suo.
1782 3825 1993 3893 Genff

402 3998 473 4066 S.
521 4001 607 4066 D.
680 3998 873 4081 Quod
937 4020 1165 4066 mense
1227 3998 1440 4082 Aprili
1507 4003 1574 4062 et
1634 3995 1814 4062 Maio
1875 3998 2170 4062 futurum

242 4083 452 4165 timui,
536 4086 1018 4152 cunctationem
1081 4084 1187 4151 Ill.
1253 4082 1575 4167 Principis
1637 4082 2043 4166 perdituram
2106 4091 2174 4148 et

241 4167 445 4252 ipsum
491 4179 562 4237 et
604 4170 927 4251 ecelesias,
970 4191 1100 4236 non
1135 4168 1327 4235 modo
1363 4169 1616 4236 Galliae
1649 4167 1763 4233 sed
1798 4176 1865 4234 et
1898 4167 2172 4234 aliorum

243 4275 585 4341 regnorum
601 4307 619 4337 ‚
686 4264 800 4322 aut
854 4255 1086 4322 saltem
1139 4258 1209 4321 in
1267 4256 1612 4321 discrimen
1669 4255 2112 4322 coniecturum
2137 4255 2171 4292 *

243 4343 617 4423 maximum,
675 4341 742 4407 id
785 4361 962 4407 nunc
1013 4342 1254 4408 factum
1309 4362 1450 4408 esse
1494 4361 1576 4404 ex
1620 4340 1749 4405 tuis
1804 4340 2015 4405 literis
2067 4339 2170 4404 in-

159 4430 166 4435 ’
242 4426 470 4511 telligo,
514 4427 769 4511 ingenti
812 4448 959 4495 meo
1002 4449 1150 4494 cum
1185 4426 1419 4493 dolore.
1489 4425 1717 4491 Noluit
1747 4424 1957 4491 bonus
1992 4425 2170 4506 prin-

242 4532 385 4595 ceps
416 4513 629 4581 videri
662 4512 938 4596 cupidus
972 4525 1041 4579 et
1082 4513 1308 4579 sitiens
1348 4511 1687 4596 sanguinis
1723 4510 2012 4576 humani.
2077 4512 2173 4574 At

242 4606 519 4680 quantus
562 4600 813 4665 interea
854 4600 1163 4665 innoxius
1206 4599 1455 4666 effusus
1497 4603 1599 4663 est
1636 4596 1935 4683 sanguis!
2004 4593 2169 4676 Quis

243 4702 392 4751 vero
430 4684 589 4750 finis
631 4683 798 4752 erit?
870 4685 964 4750 Et
1004 4706 1378 4769 quanquam
1421 4683 1584 4749 nihil
1639 4685 1755 4748 fiat
1804 4680 1978 4765 quod
2035 4701 2170 4746 non

1911 417 2074 482 1562
2117 414 2571 489 SEPTEM,

4091 423 4223 488 518

2276 607 2487 673 nitae:
2548 613 2838 673 attamen
2896 607 3116 674 nescio
3174 608 3232 672 si
3289 628 3597 691 unquam,
3652 607 3808 674 licet
3860 608 4041 673 intra
4095 607 4223 675 hos

2277 693 2406 758 mei
2448 693 2795 759 ministerii
2839 712 3046 758 annos
3092 691 3519 778 quadraginta
3560 694 3773 760 varios
3813 692 3940 758 sim
3983 714 4223 777 exper-

2278 786 2387 843 tus
2441 778 2714 857 labores,
2782 788 2849 844 et
2903 778 3157 855 dolores
3214 779 3527 845 senserim
3588 779 4218 857 vehementissimos,

2278 872 2464 930 tanta
2497 866 2768 931 affectus
2803 864 3130 930 moestitia
3162 863 3552 931 indoluerim
3589 866 3869 948 gravius.
3937 864 4220 929 Interim

2278 971 2542 1016 recurro
2599 950 2683 1014 ad
2740 950 3048 1016 thronum
3106 952 3358 1034 gratiae
3412 957 3479 1014 et
3537 950 3809 1033 supplex
3853 970 3893 1014 a
3933 949 4221 1015 clemen-

2279 1035 2529 1101 tissimo
2585 1043 2770 1119 patre
2827 1036 3335 1103 misericordiam
3392 1035 3696 1119 implore,
3754 1041 3820 1100 et
3878 1035 4221 1102 ecclesiam

2278 1141 2462 1186 meae
2504 1120 2658 1186 fidei
2699 1121 3010 1187 creditam
3054 1121 3330 1187 subinde
3372 1140 3607 1205 urgeo:
3667 1141 3742 1186 ac
3784 1118 4036 1186 confido
4078 1121 4219 1186 Do-

2279 1207 2536 1272 minum
2578 1227 2698 1289 pro
2742 1228 2860 1273 sua
2898 1208 3111 1291 gratia
3154 1214 3222 1272 et
3263 1207 3552 1290 potentia
3594 1206 3778 1272 nobis
3821 1213 3888 1271 et
3930 1205 4219 1271 afflictis·

2282 1292 2463 1356 simis
2521 1292 2807 1358 ecclesiis
2862 1293 2999 1358 suis
3052 1313 3184 1358 non
3239 1292 3628 1357 defuturum.
3707 1291 4040 1357 Debemus
4096 1311 4220 1355 nos

2279 1376 2380 1443 illi
2413 1379 2635 1443 omnia
2665 1385 2908 1457 nostra,
2945 1397 3021 1443 ac
3053 1378 3293 1444 scimus
3326 1376 3831 1461 prudentissime
3864 1385 3929 1441 et
3963 1377 4217 1459 aequis-

2281 1465 2445 1529 sime
2485 1463 2676 1528 illum
2718 1474 2943 1530 sancta
2985 1484 3104 1529 sua
3134 1463 3547 1547 providentia
3580 1464 3943 1547 gubernare
3978 1461 4217 1527 omnia.

2282 1548 2720 1615 Subiiciamus
2775 1571 2930 1633 ergo
2985 1571 3105 1615 nos
3161 1549 3287 1627 illi,
3347 1547 3764 1632 deprecantes
3817 1547 4095 1631 culpam,
4152 1554 4222 1612 et

2281 1656 2367 1701 ne
2409 1634 2596 1700 nobis
2655 1636 2966 1718 rependat
3017 1656 3136 1717 pro
3189 1635 3433 1699 nostris
3476 1635 3743 1700 meritiS.
3815 1632 3952 1699 Oro
3996 1641 4072 1698 ut
4110 1631 4221 1698 vel

2279 1741 2397 1803 per
2438 1730 2504 1786 te
2538 1719 2644 1786 vel
2684 1741 2800 1803 per
2834 1720 3207 1787 Ionvilleum
3249 1720 3353 1786 vel
3408 1741 3524 1803 per
3578 1719 3775 1784 alium
3818 1719 4089 1784 fratrem
4135 1717 4221 1783 ad

2280 1826 2400 1872 nos
2465 1826 2723 1889 semper
2787 1806 3051 1872 scribas·
3088 1806 3245 1889 quid
3301 1807 3416 1870 fiat
3466 1808 3534 1869 in
3589 1804 3826 1883 Gallia,
3894 1805 4032 1869 sive
4097 1803 4223 1868 hoc

2279 1893 2542 1970 bonum,
2611 1891 2750 1958 sive
2816 1890 3090 1975 denique
3151 1891 3400 1956 malum
3461 1892 3563 1956 sit.
3648 1889 3895 1972 Accepi
3958 1889 4223 1955 Basilea

2278 1977 2505 2043 literas
2573 1998 2613 2042 a
2675 1976 2751 2040 D.
2812 1975 2989 2041 Besa
3052 1978 3344 2059 scriptas.
3372 1979 3422 2051 ¹)
3518 1974 3766 2040 Dubito
3841 1984 4064 2040 tamen
4130 1996 4222 2039 an

2281 2062 2646 2140 Genevam,
2691 2082 2777 2126 an
2821 2063 2890 2126 in
2935 2061 3212 2127 Galliam
3256 2060 3539 2127 redierit.
3618 2058 3858 2126 Ubiubi
3901 2061 3989 2125 sit
4029 2060 4220 2142 cupio

2279 2148 2466 2213 illum
2510 2149 2676 2213 bene
2718 2147 2957 2226 valere,
3014 2158 3082 2212 et
3138 2169 3250 2213 oro
3292 2148 3649 2213 Dominum
3692 2154 3767 2211 ut
3810 2146 3948 2211 eius
3989 2145 4221 2209 minis·

2280 2234 2447 2299 terio
2490 2242 2713 2299 utatur
2757 2234 2946 2299 sicuti
3002 2232 3338 2315 hueusque
3390 2232 3546 2297 feeit
3588 2231 3671 2297 ad
3717 2232 4069 2314 profectum
4113 2251 4221 2296 ec·

2282 2318 2647 2386 clesiarum.
2728 2318 2988 2399 Quaeso
3045 2318 3325 2384 salutare
3382 2317 3570 2382 illum
3632 2316 3922 2398 digneris
3967 2316 4221 2381 amicis-

2282 2405 2463 2471 sime.
2535 2404 2692 2469 Misi
2726 2405 2806 2470 ad
2853 2414 2917 2469 te
2959 2403 3202 2470 librum
3236 2424 3277 2468 a
3301 2401 3600 2469 Stancaro
3642 2402 3960 2485 seriptum
3993 2412 4223 2466 contra

2281 2498 2370 2568 te,
2408 2489 2762 2575 Martyrem
2796 2498 2861 2554 et
2894 2510 3016 2555 me.
3038 2489 3094 2575 ²)
3150 2489 3399 2555 Dubito
3435 2510 3520 2554 an
3554 2489 3889 2571 receperis,
3957 2486 4222 2570 Optime

2284 2575 2451 2654 vale,
2496 2575 2755 2641 domine
2798 2574 3247 2642 colendissime
3290 2586 3358 2640 et
3412 2575 3614 2639 frater
3657 2573 4003 2639 carissime.
4083 2571 4221 2637 Do·

2167 2670 2176 2682 “
2282 2662 2504 2726 minus
2568 2662 2756 2728 Iesus
2820 2660 3162 2727 benedicat
3226 2660 3361 2725 tibi.
3464 2659 3773 2725 Salutant
3835 2668 3902 2724 te
3964 2660 4230 2724 fratrea-

2282 2745 2587 2898 ?gggtato
2646 2748 2843 2815 etiam
2896 2755 2974 2813 tu
3034 2746 3272 2812 amicos
3330 2755 3396 2810 et
3448 2746 3699 2810 fratres.
3783 2749 3840 2811 7.
3888 2742 4223 2827 Septemb.

3405 2966 3830 3053 Bullingerus
3874 2973 4046 3033 tuus.

2568 3580 2573 3591 .
3152 3511 3354 3583 3849.

2669 3647 3135 3717 OALVINUS
3188 3648 3820 3716 BULLINGERO.

2449 3820 2652 3906 Royat
2692 3825 2762 3886 ut
2802 3825 3079 3887 senatum
3120 3840 3307 3887 suum
3348 3820 3530 3886 adeat
3571 3822 3655 3886 ad
3688 3819 4041 3885 obtinendas
4077 3818 4215 3884 lite-

2272 3927 2385 3974 rae
2427 3927 2551 3989 pro
2601 3907 2730 3972 eive
2780 3905 3119 3973 Genevensi
3163 3906 3509 3972 Mediolani
3549 3910 3805 3987 propter
3858 3904 4216 3989 reliyionem

2271 3994 2343 4059 in
2385 4011 2690 4058 carcerem
2731 3993 3004 4059 coniecta.
3039 3997 3090 4073 ¹)

2477 4231 2537 4299 2)
2570 4233 2658 4285 Fr.
2694 4230 2938 4284 Stancari
2972 4229 3250 4283 Mantuani
3293 4228 3363 4282 dc
3398 4227 3665 4281 Trinitate
3712 4231 3769 4280 et
3811 4228 4111 4281 Mediator-e
4145 4228 4216 4284 D.

2272 4302 2343 4356 N.
2377 4302 2418 4354 1.
2456 4300 2516 4355 C.
2550 4299 2672 4353 adv.
2707 4299 2772 4352 H.
2809 4298 2988 4352 Buuin
3027 4315 3176 4351 erum
3211 4299 3273 4353 P.
3309 4298 3429 4351 Mar
3520 4313 3605 4350 em
3639 4301 3696 4349 et
3728 4296 3802 4350 Io.
3840 4297 4119 4351 Calvinum
4157 4306 4217 4351 et

2271 4371 2515 4438 reliquos
2552 4368 2842 4435 Tigurinae
2884 4383 2948 4419 ac
3033 4367 3315 4421 enevensis
3361 4304 3614 4419 sufficiae
3647 4366 3921 4419 ministros
3956 4365 4216 4419 eeclesiae

2271 4438 2372 4492 Dei
2419 4435 2842 4506 perturbatores.
2902 4435 2933 4487 1
2969 4435 3087 4490 Cor.
3127 4434 3178 4491 3.
3211 4435 3312 4487 Ad.
3350 4435 3527 4514 Magn.
3573 4438 3630 4486 et
3664 4434 3857 4487 Gener.
3894 4434 4008 4488 DD.
4044 4434 4216 4488 Nobi-

2270 4508 2352 4560 les
2374 4506 2609 4559 Polonos
2644 4520 2707 4557 ac
2741 4520 2928 4558 eorum
2960 4505 3235 4558 ministros
3268 4519 3303 4557 a
3338 4504 3501 4555 variis
3525 4501 4102 4572 Pseudo-Evangelicis
4126 4519 4217 4557 sc·

2268 4576 2475 4628 ductos.
2528 4574 2677 4627 Grac.
2703 4589 2785 4642 ep.
2808 4573 2948 4626 offic.
2968 4571 3311 4626 Scharffenbe
3380 4572 3499 4623 'ana
3534 4568 3680 4623 1562.
3753 4568 3912 4639 Quod
3931 4570 4217 4626 calvinum

2270 4646 2464 4699 attinet
2505 4642 2732 4710 resp-‘cit
2772 4643 2890 4696 eius
2929 4641 3038 4695 Res
3080 4681 3092 4694 .
3139 4641 3208 4695 ad
3253 4589 3604 4706 frrffiolonos,
3654 4639 3932 4708 quomodo·
3967 4640 4221 4695 Christus

2269 4713 2343 4766 sit
2386 4709 2654 4765 mediator
2698 4710 2768 4763 ad
2813 4710 3025 4764 refutan
3064 4727 3154 4763 um
3189 4709 3437 4763 Stancari
3483 4724 3719 4763 errorem
3755 4707 3889 4762 1561
3924 4706 4113 4780 (Saliq
4145 4710 4217 4764 11.

244 4766 336 4834 ita
393 4771 690 4837 futurum
749 4770 1214 4855 praeviderim,
1279 4790 1483 4854 quum
1546 4789 1760 4834 mores
1821 4768 2166 4850 impiorum
2268 4778 2372 4835 715

244 4852 492 4922 Galliae
544 4878 629 4921 ex
685 4857 973 4922 moribus
1027 4863 1417 4932 nostrorum,
1473 4855 1586 4939 qui
1639 4855 1710 4920 in
1753 4853 2063 4919 Helvetia
2104 4860 2171 4917 ct

244 4937 597 5007 Germania
650 4941 934 5008 hostium
981 4950 1241 5008 nostrae
1304 4940 1640 5026 religionis
1695 4949 1867 5020 sunt,
1927 4940 2168 5023 optime

244 5025 401 5092 mihi
440 5027 578 5094 sint
615 5029 956 5114 perspecti,
1015 5035 1082 5094 et
1120 5034 1293 5095 artes
1334 5027 1645 5094 mirificae
1687 5026 1975 5110 ipsorum
2019 5045 2168 5109 cog-

439 5266 498 5404 33
541 5267 715 5337 ναμε
748 5282 834 5322 m
866 5267 1044 5323 zeum
1075 5266 1153 5321 aa
1186 5264 1324 5320 moes
1357 5265 1559 5322 αἀυηι
1590 5264 1742 5320 1561.
1825 5244 1830 5249 ’

435 5335 471 5389 4
527 5335 772 5407 Baqmls

2269 4783 2456 4904 3829.
2477 4847 2535 4929 1)
2588 4847 2851 4930 Sisalerus
2905 4846 3048 4927 haec·
3087 4846 3246 4901 habet
3298 4847 3359 4900 in
3418 4848 3697 4913 margine.-
3784 4846 3895 4900 Der
3951 4845 4097 4900 Beth
4148 4863 4217 4899 zu

2271 4917 2436 4973 Genff
2461 4918 2627 4969 bittet
2659 4917 2747 4970 die
2783 4933 2889 4970 von
2926 4914 3119 4970 zunch
3154 4915 3279 4971 dass
3312 4931 3393 4968 sie
3427 4912 3586 4967 nebst
3620 4915 3767 4967 Bern
3802 4914 3911 4968 und
3935 4915 4096 4969 Basel
4129 4915 4221 4967 fiir

2271 4987 2426 5040 ihren
2462 4986 2676 5053 Burger
2711 4985 2913 5039 Claude
2948 4985 3128 5047 Lenis,
3175 4984 3333 5037 einen
3380 4982 3787 5036 Handelamann
3833 4983 3931 5037 der
3978 5000 4045 5037 zu
4079 4983 4217 5036 Mai·

2269 5054 2399 5110 land
2442 5054 2543 5108 der
2575 5053 2827 5123 Religion
2870 5053 2999 5106 halb
3043 5053 3100 5105 in
3135 5052 3455 5121 Gesangniss
3499 5051 3789 5119 geworffen
3836 5052 4074 5115 worden,
4109 5050 4175 5103 be

2272 5124 2372 5178 der
2403 5123 2678 5192 Reginum
2752 5120 2993 5176 daselbst
3025 5122 3385 5175 intercediren
3418 5120 3670 5174 moohten
3705 5121 3757 5173 d.
3791 5118 3841 5172 8.
3877 5120 4024 5188 Sept.
4062 5068 4223 5180 15632

2271 5191 2385 5247 und
2420 5192 2626 5245 danket
2658 5207 2692 5243 a
2712 5191 2911 5244 lbereit
2957 5189 3064 5243 den
3098 5188 3181 5243 26.
3217 5190 3334 5245 Oct.
3367 5189 3455 5243 ῆι·
3488 5190 3578 5242 die

2272 5260 2652 5315 Intercession.
2693 5257 3111 5329 (hochobrigktl.
3146 5259 3380 5330 Registr.
3425 5260 3481 5313 in
3519 5259 3577 5312 Z.
3661 5260 3718 5314 ἰ.
3754 5255 3924 5311 Genff.
3962 5256 3987 5307 1

2270 5330 2321 5384 4.
2357 5329 2427 5385 N.
2463 5327 2537 5397 3.)
3693 5409 3801 5465 33.

3684 5195 3739 5242 te
3774 5188 3999 5241 Wirkun
4070 5185 4229 5240 ihrer

4095 5254 4243 5314 Bdl..
