4850 6117
232 456 348 520 305

230 663 387 711 vous
444 641 652 726 plaise
708 663 1026 728 revoquer
1067 667 1207 730 ung
1250 645 1337 712 tel
1382 646 1554 713 edict
1596 648 1729 714 afin
1770 646 1855 713 de
1898 646 2174 713 61611116-

231 728 333 795 611·
374 735 445 793 61
488 748 837 798 eonserver
876 729 1150 817 lamitye
1193 732 1310 816 qui
1349 752 1388 800 a
1434 739 1572 800 este
1624 733 1705 800 de
1752 732 1911 818 long
1961 740 2175 817 temps

229 821 408 883 entre
452 834 621 883 vous
664 825 733 882 et
774 836 940 883 6666
984 838 1024 883 6
1066 824 1287 885 vostre
1329 819 1541 904 grand
1582 821 1814 903 profiet
1855 825 1924 885 et
1957 819 2175 884 utilite

234 904 247 917 ’
286 900 425 967 11161
469 921 673 987 aussy
717 901 852 986 quil
911 909 1014 970 est
1055 906 1423 971 necessaire
1463 911 1531 970 et
1571 904 1736 971 utile
1779 924 1946 989 pour
1987 903 2055 971 la
2094 905 2175 969 li-

219 920 407 1054 116116
468 984 551 1053 (16
611 986 679 1054 16
722 999 941 1055 vostre
984 995 1053 1054 et
1093 997 1320 1056 nostre
1362 990 1753 1076 republique
1793 990 1932 1075 quil
1972 1012 2021 1077 y
2062 998 2178 1076 ayt

229 1071 540 1139 mutuelle
597 1072 902 1139 affection
956 1082 1025 1141 et
1080 1095 1498 1144 convenance
1540 1097 1624 1143 en
1669 1085 1883 1143 tontes
1927 1077 2178 1144 actions

230 1157 447 1223 civiles
506 1166 574 1223 et
625 1180 1035 1227 commerees.
1124 1162 1218 1227 Et
1274 1184 1349 1229 ce
1403 1163 1648 1230 faisant
1704 1182 1958 1228 comme
2011 1182 2177 1228 nous

230 1264 704 1396 sspssssffla‘ffiss
745 1246 976 1398 {2¹2⁶}ss
1017 1268 1197 1416 22⁰5
1223 1249 1416 1402 Ἢ.
1436 1248 2050 1418 θξὲἓίαᾚῗέἓέἵὸῃ
2085 1247 2178 1417 ἕξ

233 1428 624 1499 presentem.
713 1419 1137 1485 Aultrement
1192 1442 1359 1486 nous
1417 1442 1502 1487 ne
1543 1440 1840 1504 pouvons
1881 1419 2045 1485 faire
2087 1418 2177 1484 si-

233 1521 358 1567 non
399 1522 755 1571 conserver
796 1514 1018 1570 nostre
1060 1504 1295 1572 liberte
1339 1514 1406 1571 61
1447 1507 1796 1591 pourveoir
1839 1527 1879 1572 a
1921 1504 1987 1570 la
2030 1525 2176 1571 seu-

233 1595 361 1653 rete
418 1595 488 1653 et
537 1589 906 1673 jndemnite
963 1590 1045 1655 de
1101 1610 1225 1656 noz
1281 1591 1567 1658 subiectz
1612 1612 1652 1657 a
1691 1590 1970 1675 laquelle
2014 1611 2176 1656 nous

233 1694 504 1739 sommes
548 1674 819 1760 obliges.
909 1675 1182 1742 Comme
1253 1699 1419 1744 nous
1460 1677 1684 1744 ferens
1727 1699 1810 1743 en
1857 1687 2071 1760 temps
2113 1685 2181 1741 et

236 1759 358 1825 lien
397 1779 523 1843 par
565 1760 662 1826 les
707 1781 985 1846 moyens
1020 1783 1147 1847 que
1182 1763 1379 1830 ἀνοία
1412 1769 1470 1828 et
1500 1764 1721 1829 raison
1754 1763 1810 1827 le
1833 1766 2179 1844 pov-terant.-

234 1846 392 1911 eelon
430 1866 551 1928 que
593 1866 746 1913 vous
778 1868 1287 1934 mesmesporrez
1323 1850 1587 1933 imos-²)
1628 1848 1873 1913 Priame
1905 1847 1971 1913 le
2005 1848 2102 1913 sei
2148 1882 2178 1897 -

237 1951 392 2080 {eur
412 1953 764 1999 conserver
785 1943 1005 2000 vostre
1041 1935 1430 2021 seigneurye
1446 1937 1503 2011 ⁸)
1537 1933 1767 2000 Deme
1785 1953 1850 2000 66
1868 1935 2075 2016 xxm?
2143 1953 2179 1997 e

292 2016 529 2083 ebvmer‘
572 2023 755 2085 1562.
777 2024 830 2094 ⁴)

244 2158 637 2166 ——---‚-—,1

429 2221 491 2290 2)
527 2223 644 2278 Les
675 2229 815 2279 mota
847 2222 1120 2294 souliqne's
1154 2223 1222 2279 de
1255 2224 1311 2279 la
1344 2227 1499 2280 main
1534 2225 1601 2280 (16
1622 2225 1832 2283 Calvia.
1884 2224 1944 2279 11
1961 2242 2000 2296 y
2028 2225 2185 2280 avait

241 2291 489 2347 d'abora:
564 2309 634 2347 ue
669 2310 770 2348 nos
805 2293 1175 2348 ordonnances
1208 2299 1447 2364 portent.

430 2360 491 2424 3)
592 2363 702 2417 os’es’
732 2363 984 2434 quelques
1017 2365 1221 2419 notiaco
1254 2365 1352 2432 qui
1389 2370 1626 2431 petonem
1668 2363 1845 2418 servir
1879 2361 1918 2416 ὰ
1949 2361 2183 2418 l'intelli·

241 2445 389 2499 oenoe
421 2430 489 2485 dc
523 2439 658 2487 cette
691 2430 869 2487 lettre.-
906 2430 1071 2485 L’emi
1172 2432 1289 2487 tion
1319 2448 1460 2502 pour
1484 2447 1645 2486 cause
1665 2432 1734 2487 de
1769 2431 1999 2500 religion
2034 2431 2184 2485 avait

244 2499 539 2553 summense
576 2499 609 2554 a
631 2501 880 2571 Lucques
916 2498 1012 2555 des
1052 2449 1200 2555 15:52.
1254 2502 1441 2556 Parmi
1473 2502 1556 2556 les
1590 2517 1746 2555 noms
1780 2502 1861 2555 les
1934 2501 2019 2554 lus
2054 2517 2184 2555 con·

243 2583 333 2622 nus
380 2568 569 2622 iurent
620 2585 757 2625 ceux
803 2569 900 2623 des
933 2569 1173 2632 Diodati‚
1219 2570 1316 2623 des
1352 2570 1613 2633 Saladini,
1658 2570 1757 2624 des
1792 2570 1902 2623 Bur
1923 2570 2179 2636 amaeohi,

242 2636 328 2690 des
366 2636 701 2702 camarini,
748 2637 845 2692 des
890 2637 1170 2693 Turretini
1215 2649 1317 2693 eto.
1372 2638 1655 2710 (Eynard,
1702 2640 1825 2694 Lu'e
2005 2644 2057 2693 et
2107 2637 2184 2693 166

244 2705 475 2761 Barium.
517 2705 586 2759 P.
607 2705 757 2761 1848.
792 2723 847 2775 p.
888 2706 1027 2776 184.)
1097 2708 1172 2761 116
1205 2709 1430 2762 vim-ent
1461 2707 1702 2763 s'e'tablir
1733 2708 1766 2762 a
1853 2708 2023 2762 eneve
2057 2713 2116 2760 61
2147 2709 2181 2762 a

246 2773 402 2844 Lyon,
437 2783 631 2830 centre
665 2776 734 2830 de
767 2776 1071 2831 l’industrie
1107 2777 1204 2830 des
1239 2776 1466 2831 soieries
1484 2775 1518 2830 a
1543 2777 1777 2844 laquelle
1811 2776 2183 2831 s'adonnaient

249 2843 316 2896 les
349 2843 624 2914 Luequois
663 2884 676 2896 .
715 2884 727 2897 .
767 2885 779 2897 .
820 2885 833 2898 .
887 2845 980 2899 Un
1032 2845 1220 2899 decret
1270 2845 1344 2899 du
1390 2844 1442 2901 9.
1475 2846 1705 2899 Janvier
1754 2844 1888 2899 1562
1940 2845 2185 2899 ordonna

276 2928 340 2967 66
381 2912 477 2967 (166
522 2915 750 2967 commis
796 2913 863 2967 (16
909 2915 962 2967 16
1006 2916 1189 2969 nation
1234 2914 1574 2968 veilleraient
1609 2913 1644 2967 a
1677 2931 1739 2968 ce
1783 2931 1889 2985 666
1934 2920 2057 2967 1666
2102 2915 2183 2967 166

244 2928 501 3049 {uoquois
536 2982 610 3037 de
644 2982 801 3053 Lyon
845 2985 1302 3037 eommuniassent
1335 2983 1625 3037 ensemble.
1699 2984 1779 3037 De
1812 2985 1935 3053 plus
1970 2983 2012 3036 11
2046 2982 2184 3036 e'tait

243 3049 462 3105 defendu
497 3068 607 3119 (166
644 3051 740 3106 (166
773 3052 1047 3121 Lucquois
1091 3050 1301 3108 tombes
1345 3069 1412 3108 en
1447 3051 1660 3106 here'sie
1703 3058 1932 3121 pussent
1964 3050 2182 3106 habitet

245 3134 305 3172 en
352 3118 524 3186 Italic,
582 3137 650 3175 en
698 3120 923 3191 Franco,
975 3137 1043 3174 en
1090 3121 1361 3192 Espagne,
1415 3137 1483 3174 en
1526 3120 1762 3174 Flandre
1815 3126 1873 3175 et
1920 3119 2179 3175 Brabant.

248 3187 435 3251 Quioon
476 3205 546 3242 66
592 3206 660 3244 en
709 3191 912 3244 tuerait
946 3207 1018 3244 un
1206 3190 1347 3244 erait
1377 3189 1483 3244 300
1517 3190 1642 3244 ecus
1676 3188 1792 3244 d'or
1834 3190 1903 3244 de
1949 3191 2004 3244 la
2037 3206 2182 3243 com-

244 3273 392 3311 mune
436 3206 506 3312 36
543 3257 796 3339 Lueques
832 3257 991 3324 (ibid.
1029 3258 1059 3310 1
1099 3258 1175 3326 1).
1244 3259 1322 3313 Le
1358 3258 1408 3313 5.
1444 3260 1593 3313 Mars
1627 3259 1805 3313 Berne
1852 3259 2020 3312 suivit
2052 3258 2181 3311 l’ex-

248 3329 408 3395 emple
443 3328 513 3381 de
548 3327 768 3382 Geneve
803 3335 861 3382 et
893 3328 1116 3382 adressa
1159 3345 1228 3380 au
1274 3329 1430 3382 senat
1475 3329 1545 3382 de
1580 3328 1830 3397 Lucques
1866 3327 1964 3381 des
1997 3327 2180 3398 repre·

248 3397 535 3450 sentations
581 3412 650 3450 en
692 3398 882 3450 favem-
924 3397 1022 3450 des
1066 3394 1301 3466 refugies
1348 3396 1506 3466 (ibid.
1543 3395 1683 3464 198).
1725 3424 1788 3435 -
1831 3395 2054 3451 Rue-hat
2085 3396 2178 3450 VI.

247 3461 366 3516 462:
411 3464 561 3521 Dans
596 3480 658 3518 66
703 3473 881 3535 temps
928 3464 984 3518 la
1026 3466 1081 3519 la
1126 3465 1449 3535 re'publique
1498 3466 1567 3520 de
1602 3467 1850 3535 Luequss
1884 3465 2074 3534 publia
2107 3483 2182 3518 un

248 3531 349 3585 edit
378 3533 669 3588 fulminant
702 3539 889 3589 contre
923 3550 1059 3588 ceux
1094 3533 1163 3588 de
1207 3551 1295 3588 ses
1340 3537 1587 3605 citoyens
1621 3535 1715 3604 qui
1749 3534 1972 3588 avoient
2004 3533 2182 3603 (161116

248 3599 354 3654 1661·
385 3601 567 3671 patrie
601 3619 740 3672 pour
772 3619 932 3658 cause
958 3602 1026 3656 de
1050 3604 1278 3673 religion
1316 3611 1374 3657 61
1408 3604 1657 3658 6’6161661
1691 3602 1884 3658 retii-es
1909 3602 1943 3656 a
1961 3601 2181 3658 Geneve

248 3685 453 3793 ''⁰⁰32''
467 3672 856 3795 130312332‘105
875 3672 1224 3810 bfflzffi
1276 3672 1710 3795 ⁶12„⁰⁰3.?2³⁶2·¹:2‚⁹2
1750 3678 1822 3795 ἓξ
1873 3672 2183 3795 ’.02131Ἰῖ

249 3754 342 3862 ΞΒ
383 3809 509 3864 e'cus
546 3809 581 3862 a
612 3824 747 3863 ceux
795 3811 890 3879 661
931 3810 1209 3864 tueroient
1251 3826 1326 3864 un
1371 3811 1486 3864 seul
1532 3809 1601 3863 de
1648 3824 1737 3864 666
1784 3810 1842 3863 re'
1939 3809 2029 3863 ‘es
2101 3810 2181 3862 La

250 3891 368 3931 6661·
405 3878 475 3932 (16
503 3878 721 3958 “France
769 3879 880 3947 prit
921 3895 1011 3932 666
1056 3896 1191 3949 gene
1238 3896 1363 3934 6666
1388 3896 1470 3963 ‘sa
1503 3879 1830 3949 protection,
1879 3885 1937 3932 et
1984 3879 2180 3960 ecriyit

249 3945 2179 4097 imm:,33521323230301‘322253‘35-223„suasistis:

250 4084 447 4151 (16111116
481 4086 553 4139 (16
571 4084 791 4139 Geneve
825 4085 943 4138 leur
978 4084 1152 4149 611166,
1187 4085 1480 4140 eerivirent
1513 4103 1582 4138 au
1618 4103 1702 4139 roi
1735 4085 1789 4137 le
1812 4082 1845 4137 6
1869 4099 2013 4138 mars
2042 4101 2182 4154 pour

251 4151 299 4204 le
329 4154 631 4208 remercier.
700 4153 774 4207 116
808 4153 1101 4207 scrivii-ent
1144 4156 1194 4208 16
1241 4157 1413 4209 meme
1449 4155 1578 4224 jour
1621 4171 1730 4207 aux
1763 4154 2078 4222 magistrats
2110 4154 2182 4207 de

250 4219 484 4291 Lucques
520 4239 623 4291 par
654 4223 735 4276 166
770 4223 1028 4277 exhorter
1064 4221 1096 4275 a
1128 4223 1398 4292 revoquer
1441 4229 1529 4277 661
1570 4222 1699 4290 6’(111,
1745 4223 1865 4275 1661·
1898 4220 2181 4290 repre'sen-

250 4293 361 4344 1661
393 4307 497 4360 (166
543 4307 632 4345 666
667 4291 939 4361 Lucquois
982 4290 1187 4345 etoient
1232 4293 1365 4345 bour
1402 4293 1514 4347 eois
1558 4292 1625 4345 de
1660 4289 1895 4358 Gen'eve,
1940 4295 1997 4343 et
2117 4307 2181 4345 61·

251 4357 323 4410 166
370 4376 619 4414 menaoer
671 4361 739 4414 de
807 4360 1164 4430 represailles.
1223 4390 1285 4399 —
1340 4311 1664 4432 &bautonem
1715 4376 1793 4415 aa
1839 4360 1931 4415 roi
1978 4307 2181 4428 d'ffsp.

253 4424 328 4480 14„
365 4426 525 4484 der.
578 4428 770 4495 (Mem.
804 4430 873 4484 de
911 4428 1220 4497 0661611166,
1269 4426 1356 4484 e'd.
1400 4431 1448 4484 le
1481 4430 1806 4485 Laboureur
1852 4425 2014 4494 748).·
2072 4429 2181 4483 Des

253 4495 450 4551 affaires
495 4514 602 4567 666
639 4498 704 4552 V.
740 4498 813 4551 M.
850 4515 883 4550 a
916 4498 1229 4552 commende
1276 4498 1413 4552 faire
1460 4513 1592 4551 avec
1638 4515 1772 4552 ceux
1818 4497 1887 4553 de
1930 4498 2181 4568 Lueques

252 4563 290 4645 il
318 4570 398 4619 661
428 4567 603 4620 reussi
638 4583 744 4637 666
778 4572 935 4622 outre
980 4568 1032 4648 le
1067 4566 1394 4621 chastiment
1420 4565 1585 4648 ,qu’ils
1619 4572 1718 4648 661
1760 4566 1859 4648 fait
1891 4567 1989 4621 des
2023 4567 2180 4621 here·

254 4635 1214 4785 ”31⁰3,tffigffsr‘ss‘nfft‘ffaffifmzssg
1240 4654 1273 4689 ⁸
1286 4636 2181 4774 0233213‘1333253120330032‘

277 4771 310 4824 ὰ
344 4770 558 4841 Posssy)
589 4790 660 4826 66
705 4789 913 4827 service
947 4772 1018 4826 de
1051 4789 1112 4826 66
1146 4774 1281 4842 Roy,
1329 4775 1424 4843 qui
1469 4780 1567 4828 ont
1601 4790 1668 4827 eu
1715 4789 1932 4827 recours
1967 4777 2001 4830 a
2031 4773 2115 4829 l'A
2156 4803 2182 4816 -

257 4838 403 4894 miral
435 4841 539 4895 afln
576 4842 706 4910 qu'il
740 4843 818 4896 les
863 4842 1116 4911 favorino,
1152 4851 1210 4895 et
1251 4842 1493 4897 s'entend
1532 4843 1661 4913 qu'il
1696 4860 1729 4895 a
1761 4844 1878 4897 6616
1911 4843 2178 4925 depesche

257 4906 345 4962 (166
375 4909 563 4964 lettres
598 4911 665 4964 de
699 4911 755 4965 16
787 4920 913 4980 part
944 4910 1018 4964 du
1036 4911 1157 4982 Boy
1179 4911 1217 4965 6
1248 4929 1383 4965 ceux
1417 4912 1486 4966 de
1506 4911 1771 4982 Lucques,
1808 4927 1866 4965 66
1900 4912 2180 4982 plangnant

258 4975 320 5030 de
350 4977 403 5031 la
433 4979 656 5033 citation
703 4985 760 5033 et
804 4980 956 5033 taills
999 4996 1094 5033 sur
1136 4980 1217 5034 les
1264 4986 1447 5035 autres
1482 4980 1771 5051 Lucquois,
1816 4980 2028 5034 avisant
2071 4997 2177 5051 (166

260 5044 331 5099 s'il
373 5063 428 5101 se
473 5048 756 5118 procedoit
800 5053 987 5103 contre
1032 5065 1169 5102 ceux
1217 5050 1309 5118 qui
1355 5055 1481 5105 sont
1528 5057 1715 5104 entres
1749 5067 1818 5103 66
1863 5050 2069 5104 service
2103 5050 2177 5103 (16

260 5112 369 5184 Boy
412 5123 468 5171 61
516 5117 623 5173 l’on
672 5118 754 5171 les
798 5119 1089 5184 molestoit,
1143 5134 1249 5186 que
1298 5119 1351 5172 le
1397 5135 1602 5173 mesme
1649 5134 1708 5172 se
1756 5118 1920 5173 feroit
1962 5119 2049 5189 icy
2082 5135 2179 5173 sur

259 5182 518 5256 beaucoup
566 5187 638 5241 de
682 5187 1003 5242 marchands
1045 5193 1102 5242 et
1150 5190 1332 5241 autres
1422 5204 1685 5242 ersonnes
1721 5185 2048 5256 Lucquoises
2083 5188 2177 5257 qui

262 5253 501 5308 viennent
539 5256 609 5310 de
641 5256 777 5326 deca
820 5271 1028 5310 comme
1072 5271 1206 5325 gens
1241 5254 1309 5310 de
1344 5256 1381 5310 b
1403 5273 1491 5326 en,
1533 5256 1604 5311 de
1638 5272 1784 5327 quoy
1819 5271 2021 5310 aucuns
2052 5262 2179 5311 sont

262 5325 372 5375 1661
403 5325 642 5378 troubles
677 5324 833 5394 qu'ils
866 5331 993 5380 sont
1024 5340 1165 5393 pour
1198 5325 1366 5379 sortir
1399 5326 1467 5381 de
1501 5341 1564 5380 66
1596 5325 1886 5396 Royanme.

448 5391 508 5460 4)
548 5392 661 5448 Une
705 5394 1019 5451 traduction
1062 5394 1233 5449 latete
1266 5398 1346 5450 est
1379 5392 1558 5462 ,iointe
1592 5397 1630 5451 ὰ
1662 5399 1794 5451 caue
1822 5393 1985 5463 ρὲὲσε.
2055 5393 2179 5451 Eue

451 5475 665 5536 calven·
688 5495 873 5552 opera.
948 5479 1070 5537 Vol.
1096 5477 1272 5536 XIX.

1889 460 2053 524 1562
2095 456 2563 528 ΕἘΒΒΠΑΒ.

4098 465 4227 528 306

3121 645 3320 718 8726.

2669 799 3340 868 BULLINGERUS
3386 800 3823 870 OALVINO.

2384 925 2396 942 ·
2448 973 2726 1056 Attinqit
2767 972 3077 1055 quaedam
3116 991 3320 1054 nuper
3350 976 3635 1051 trac-tata,
3669 975 3973 1057 mittitque
4004 974 4225 1042 literas

2277 1080 2355 1126 av
2400 1057 2670 1127 Pezonia
2715 1063 3025 1140 acceptas.-
3100 1057 3295 1124 simul
3336 1059 3523 1123 stiam
3564 1059 3644 1124 ab
3687 1059 4002 1144 Halwyzio
4032 1080 4224 1142 pecu-

2276 1146 2455 1296 Zn'am
2488 1164 2683 1296 quant
2721 1142 3022 1210 Calvinus
3056 1144 3372 1211 tabellioni
3404 1143 3661 1211 dederat
3693 1149 3876 1212 antea
3908 1147 4044 1213 iam
4063 1146 4226 1211 satis

2273 1402 2386 1525 grEx
2440 1401 2777 1483 autographo
2827 1400 2957 1456 Cod.
3008 1399 3211 1454 Genev.
3261 1397 3375 1464 114,
3425 1400 3520 1481 fol.
3554 1399 3639 1469 97,
3689 1401 3811 1458 6611.
3846 1417 3892 1454 6.
3927 1402 4229 1485 exemplari

2325 1475 2558 1525 urretim
2603 1470 2722 1524 Vol.
2760 1471 2905 1538 111⁸,
2939 1467 3186 1592 mli-iffi’
3208 1471 3510 1606 vzirxiledigsi)
3535 1470 3628 1524 VI.
3662 1486 3714 1540 p.
3767 1469 3901 1525 1012
3946 1480 4004 1525 et
4038 1472 4228 1527 8111116-

2282 1710 2663 1778 Olarissimo
2743 1710 2887 1776 viro
2971 1712 3058 1777 D.
3136 1712 3372 1778 Ioanni
3457 1711 3735 1779 Calvino
3815 1711 4231 1779 Genevensis

2282 1796 2592 1863 ecelesiae
2662 1796 2906 1879 pastori
2975 1795 3153 1863 fideli
3194 1884 3208 1897 ι
3221 1795 3484 1898 domino
3555 1796 3827 1865 colendo
3897 1808 3965 1864 et
4040 1799 4231 1864 fratri

3077 1903 3433 1950 carissimo.

2457 2052 2528 2120 S.
2572 2054 2657 2119 D.
2715 2054 2962 2137 Accepi
3014 2062 3182 2134 tuas,
3213 2059 3265 2132 ¹)
3309 2054 3571 2121 domine
3610 2053 3877 2121 colende
3920 2065 3987 2120 et
4028 2055 4233 2120 frater

2282 2140 2639 2216 carissime,
2686 2161 2822 2206 una
2862 2161 3014 2207 oum
3045 2139 3269 2210 literis
3311 2138 3538 2208 Besae.
3630 2138 3839 2207 Doleo
3882 2161 3965 2205 ex
4009 2141 4230 2205 animo

2282 2226 2458 2292 vices
2511 2226 2741 2309 optimi
2797 2234 2866 2290 et
2922 2225 3278 2292 doctissimi
3337 2226 3463 2292 viri
3517 2235 3585 2293 et
3641 2247 3774 2293 non
3825 2224 4057 2292 desino
4111 2246 4231 2324 pro

2282 2313 2423 2377 eius
2467 2311 2680 2377 salute
2722 2331 2913 2377 orare
2954 2311 3331 2378 Dominum.
3419 2310 3630 2378 Doleo
3672 2311 3871 2378 unius
3913 2310 4233 2378 levissimi

2279 2395 2567 2463 hominis
2582 2398 2640 2476 ²)
2675 2396 2866 2480 culpa
2897 2405 3153 2462 tantam
3186 2417 3512 2463 remoram
3545 2397 3724 2465 iniici
3758 2397 4233 2482 exspectationi

2283 2491 2567 2549 nostrae.
2665 2481 2922 2549 Verum
2980 2483 3310 2549 Dominus
3364 2484 3463 2548 ita
3519 2482 3825 2550 extundit
3880 2482 4067 2550 nobis
4127 2502 4234 2548 ar-

2285 2567 2517 2635 dentes
2558 2589 2787 2653 preces
2831 2575 2898 2635 et
2940 2576 3407 2635 commonstrat
3469 2569 3658 2636 nobis
3700 2568 3857 2653 quid
3899 2577 4236 2653 exspecte-

2285 2677 2434 2721 mus
2479 2675 2566 2720 ex
2610 2676 2823 2721 carne.
2896 2653 3182 2721 Oremus
3224 2654 3450 2721 sedulo
3493 2653 3858 2721 Dominum
3898 2664 3979 2720 61
4008 2655 4236 2721 miseri

2285 2740 2465 2806 illius
2506 2741 2897 2807 misereatur
2938 2750 3007 2805 et
3046 2740 3384 2823 negotium
3439 2761 3633 2807 suum
3675 2741 3996 2809 sustineat
4038 2749 4234 2824 atque

2286 2838 2687 2910 promoveat.

2456 2911 2604 2978 Iam
2659 2913 3053 2979 remisissem
3112 2912 3234 2980 tibi
3275 2911 3486 2979 Besae
3525 2911 3751 2978 literas
3795 2913 3866 2976 ni
3907 2912 4232 2978 misissem

2288 2997 2372 3065 ad
2425 2998 2821 3066 Blauremm
2873 3009 3192 3066 nestrum.
3293 2998 3548 3065 Nobilis
3604 2997 3719 3064 ille
3776 2996 4235 3064 Hartmannus

2286 3106 2330 3151 a
2372 3084 2622 3151 Hazzvil
2639 3087 2694 3170 ⁸)
2753 3084 3211 3170 indignissime
3262 3085 3412 3150 tulit
3463 3084 3637 3169 quod
3679 3083 3943 3150 tabellio
3987 3086 4236 3169 accepit

2283 3191 2324 3236 a
2344 3178 2409 3236 te
2435 3170 2736 3250 talerum,
2776 3192 2899 3237 neo
2944 3171 3170 3238 dubito
3210 3172 3369 3254 quin
3412 3169 3605 3235 illum
3646 3168 3839 3235 modo
3883 3169 4235 3236 coniecerit

2284 3256 2357 3321 in
2438 3255 2720 3323 vincula.
2850 3255 3086 3324 Oravit
3172 3277 3368 3340 quam
3445 3254 3941 3355 diligentissime
4015 3255 4238 3340 ipsum

2287 3342 2462 3427 apud
2517 3353 2582 3407 te
2634 3362 3035 3420 excusarem,
3090 3363 3174 3408 ne
3228 3342 3395 3408 forte
3448 3340 3787 3409 arbitreris
3839 3341 4059 3425 ipsum
4099 3361 4235 3408 non

2285 3428 2447 3495 satis
2490 3428 2883 3495 instruxisse
2941 3427 3362 3495 tabellionem
3407 3428 3661 3495 viatico.
3739 3427 4042 3495 Instruxi
4097 3448 4236 3494 non

2283 3513 2563 3593 sordide,
2623 3513 2799 3592 dicit,
2856 3512 2972 3580 sed
3027 3513 3414 3581 liberaliter:
3471 3513 3583 3580 ille
3637 3534 3793 3581 vero
3846 3512 4061 3598 turpis
4115 3533 4231 3577 ne-

2284 3600 2438 3666 bulo
2483 3599 2630 3667 dolo
2674 3621 2833 3667 usus
2875 3607 2977 3666 est
3021 3599 3211 3681 malo,
3246 3600 3419 3684 quod
3460 3622 3594 3666 non
3638 3600 3955 3683 potuisset
3988 3598 4233 3664 maiore

2283 3706 2432 3752 mea
2473 3707 2624 3753 cum
2667 3686 3121 3771 indignatione
3185 3707 3381 3770 quam
3427 3684 3605 3770 apud
3643 3685 3833 3751 illum
3873 3683 4090 3751 facere
4134 3683 4233 3749 vi-

2282 3793 2433 3838 rum
2476 3773 2581 3839 cui
2625 3771 2707 3837 de
2761 3771 3033 3838 meliore
3089 3778 3246 3840 nota
3301 3771 3795 3840 commendatus
3837 3790 3978 3837 esse
4020 3768 4230 3853 cupio.

2280 3859 2458 3925 Nam
2513 3859 2646 3925 scio
2702 3866 2767 3924 te
2816 3857 3243 3943 singulariter
3300 3859 3384 3925 ab
3437 3860 3583 3942 ipso
3639 3857 3846 3923 amari
3895 3863 3961 3922 et
4002 3855 4231 3940 magni

2281 3945 2445 4024 fieri,
2491 3963 2620 4027 qua
2662 3943 2742 4009 de
2784 3964 2859 4010 re
2899 3964 3093 4027 saepe
3135 3963 3391 4010 mecum
3434 3943 3741 4027 loquitur.
3828 3942 3964 4009 Fac
4006 3940 4230 4025 igitur,

2281 4032 2374 4095 mi
2424 4030 2686 4096 domine
2745 4037 2812 4094 61
2863 4030 3085 4108 frater,
3150 4036 3229 4095 ut
3281 4032 3387 4098 vir
3439 4029 3553 4094 ille
3593 4028 3867 4094 illustris
3900 4026 4230 4111 intelligat

2282 4137 2389 4182 me
2433 4117 2577 4183 eius
2621 4116 2797 4200 apud
2840 4123 2907 4182 te
2943 4115 3491 4182 existimationem
3527 4111 3891 4181 defendisse
3924 4121 3992 4177 et
4029 4131 4227 4179 excu-

2283 4224 2463 4269 sasse
2519 4204 2752 4286 ipsum.
2854 4201 3164 4268 'Palerum
3226 4200 3306 4267 ad
3359 4222 3467 4270 me
3521 4200 3719 4276 misit,
3784 4198 4096 4284 iussitque
4152 4205 4228 4266 61

2283 4298 2554 4373 repente
2594 4288 2678 4354 ad
2719 4297 2787 4354 te
2828 4289 3174 4367 mitterem,
3218 4308 3413 4372 quem
3451 4287 3557 4352 hic
3599 4285 3810 4351 mitto.

2454 4374 2667 4458 Spero
2731 4385 2798 4440 te
2862 4375 3188 4458 accepisse
3250 4393 3431 4439 meas
3484 4391 3617 4438 uua
3671 4391 3821 4437 cum
3887 4369 4231 4437 Hesshusii

2281 4461 2450 4528 libro
2493 4481 2687 4546 quem
2721 4459 3164 4544 Heidelberga
3204 4479 3339 4524 una
3376 4478 3526 4524 cum
3560 4455 3769 4522 literis
3805 4454 3889 4521 ad
3911 4462 3978 4522 te
4011 4463 4228 4523 trans-

2281 4545 2624 4613 mittendis
2687 4565 3077 4630 aoeeperam.
3178 4544 3337 4611 Misi
3381 4544 3673 4620 Bernam
3737 4540 3824 4607 ad
3865 4541 4226 4623 Hallemm,

2283 4633 2482 4698 sicuti
2548 4640 2615 4698 et
2670 4632 2791 4697 has
2845 4631 3077 4715 quibus
3136 4630 3407 4696 adiunxi
3477 4649 3589 4695 eas
3642 4649 3807 4712 quas
3860 4628 4078 4712 accepi
4144 4650 4229 4694 ex

2284 4718 2575 4785 Polonia.
2599 4716 2653 4802 ⁴)
2755 4716 3034 4783 Mittunt
3089 4714 3172 4781 ad
3227 4736 3337 4781 me
3388 4715 3876 4792 confessionem,
3899 4718 3958 4794 ⁶)
4035 4734 4230 4798 quam

2274 4983 2434 5047 porte
2465 4976 2751 5033 vado-esse:
2789 4973 3077 5029 Nobilibus
3113 4989 3178 5029 ac
3211 4972 3509 5044 magnificis
3544 4973 3679 5026 viris
3707 4971 4083 5026 confalonerio
4113 4973 4226 5026 An·

2280 5047 2443 5100 tianis
2479 5057 2534 5100 61
2568 5045 2779 5100 senatui
2817 5043 3048 5097 Lucensi
3083 5043 3269 5097 amicis
3303 5041 3479 5097 modis
3513 5041 3761 5097 omnibus
3793 5040 4140 5096 honorandis.

2278 5113 2461 5170 3726.
2490 5115 2551 5183 1)
2586 5112 2915 5183 deperditas.

2483 5184 2541 5249 2)
2576 5181 2749 5253 Rem's
2779 5180 3081 5239 Navae-rae.

2483 5255 2540 5318 3)
2575 5254 2652 5311 N.
2685 5251 2838 5308 3719.

2484 5325 2550 5462 g
2576 5338 2821 5451 m
2858 5390 2990 5445 126.-
3026 5390 3095 5443 A.
3133 5387 3267 5443 1561
3304 5389 3357 5443 d.
3394 5386 3475 5441 10.
3510 5386 3639 5440 Dee.
3676 5384 3879 5521 ind2iocta
3911 5382 4223 5438 ommim
