4850 6117
290 426 401 489 293

289 623 353 679 ut
389 611 481 676 illi
524 621 838 677 vocantur
882 610 953 677 S.
1001 609 1282 676 loannis.
1373 610 1465 674 Et
1506 609 1766 693 quidem
1810 629 1983 675 nunc
2028 607 2201 673 ordi·

286 720 459 764 nasse
502 701 626 762 200
667 704 735 763 et
777 696 1032 762 misisse
1072 697 1146 760 in
1187 695 1470 762 insulam
1516 693 1753 760 Elbam
1795 704 2201 779 pugnaturos

284 795 490 852 contra
532 784 794 848 Turcas.
864 781 1144 848 Dedisse
1186 782 1344 847 item
1386 782 1589 846 annui
1631 780 1882 845 reditus
1926 779 2200 847 ducatus

285 874 495 935 25000.
581 868 875 934 Multum
928 869 1086 933 item
1143 888 1285 933 esse
1340 887 1671 932 rumorem
1727 866 1807 930 de
1851 865 2016 931 bello
2060 865 2199 950 gal-

282 956 408 1032 lico,
461 976 535 1020 ac
591 956 659 1018 in
716 953 912 1019 Italia
965 975 1083 1037 pro
1141 962 1319 1018 certo
1362 953 1675 1018 affirmari
1734 951 2022 1017 Galliam
2065 952 2200 1017 fore

281 1039 726 1107 debellandam.
816 1039 961 1105 Hoc
1005 1040 1318 1105 nimirum
1360 1039 1474 1103 ille
1499 1040 1584 1121 ¹²)
1629 1037 1851 1103 timuit
1894 1038 2006 1120 qui
2050 1058 2198 1120 pro-

280 1129 468 1192 fessus
529 1132 632 1191 est
685 1146 755 1192 se
811 1125 1221 1191 obedientem
1278 1123 1479 1190 filium
1536 1125 1674 1188 fore
1730 1142 2039 1188 romanae
2097 1144 2197 1188 ec-

278 1213 504 1278 clesiae.

432 1298 893 1382 Heydelberga
957 1295 1262 1363 scribitur
1333 1299 1426 1359 12.
1484 1293 1861 1361 Februarii:
1948 1293 2200 1358 Wima-

277 1385 503 1449 rienses
527 1387 609 1462 ¹⁸)
684 1382 1014 1466 principes
1090 1384 1422 1448 eiecerunt
1500 1381 1764 1446 tandem
2026 1380 2039 1393 ‘
2181 1427 2198 1458 ‚

287 1468 666 1552 Wiyandum,
731 1469 1031 1546 Iudicem,
1096 1467 1434 1533 Musaeum
1498 1477 1565 1531 et
1630 1466 1792 1531 alios
1865 1466 2195 1547 quosdam,

273 1554 423 1637 quod
467 1554 935 1620 intellexerunt
976 1553 1133 1638 quid
1174 1555 1287 1618 isti
1330 1561 1662 1637 quaerant,
1710 1561 1777 1617 et
1811 1549 1981 1634 quod
2017 1570 2196 1617 acer-

273 1639 360 1705 bis
399 1641 656 1723 scriptis
699 1640 1167 1723 perturbarunt
1201 1639 1436 1704 omnia.
1508 1637 1843 1703 Dicuntur
1880 1637 2196 1721 migrasse

272 1727 329 1790 in
370 1727 826 1791 Pomeraniam
871 1736 945 1790 ut
976 1725 1158 1791 illam
1195 1747 1449 1809 quoque
1483 1725 1885 1807 perturbent.

420 1811 863 1896 Heidelberga
906 1814 1145 1877 missae
1181 1820 1335 1876 sunt
1371 1809 1454 1875 ad
1487 1831 1595 1875 me
1630 1809 1858 1873 literae
1893 1808 1996 1873 his
2030 1811 2194 1875 meis

270 1898 537 1964 inclusae
577 1919 711 1963 una
754 1919 903 1964 cum
952 1897 1117 1962 libro
1152 1896 1275 1962 Til.
1320 1895 1677 1974 Hesshusii,
1724 1894 2009 1960 hominis
2046 1915 2192 1976 per-

267 1985 471 2050 frictae
532 1984 771 2049 firontis
839 1993 907 2048 et
964 1985 1192 2048 insani.
1300 1982 1733 2059 Postulatum‚
1802 1980 1883 2046 ad
1942 1992 2009 2044 te
2064 1981 2194 2046 ista

268 2072 572 2134 mitterem
612 2081 880 2135 mature.
958 2067 1206 2155 [Habet
1242 2067 1497 2151 Mar-tyr
1529 2089 1782 2150 qnoque
1815 2066 2191 2149 exemplum

268 2177 377 2238 quo
420 2158 514 2221 uti
558 2154 835 2242 potero}
868 2156 950 2239 ¹⁴)
1036 2155 1202 2220 Heri
1245 2154 1483 2237 accepi,
1529 2152 1720 2218 hodie
1764 2154 1970 2220 mitto.
2062 2152 2191 2216 Le-

268 2261 399 2324 gam
476 2250 541 2306 et
623 2261 762 2325 ego,
852 2239 960 2306 fibi
1027 2240 1361 2306 absolvero
1425 2241 1910 2323 responsionem
1977 2259 2192 2304 meam

268 2348 442 2408 quam
486 2325 569 2392 do
617 2326 899 2403 BrentiO,
955 2325 1036 2391 de
1091 2326 1286 2403 coelo,
1330 2325 1600 2391 dextera
1649 2325 1782 2402 Dei,
1850 2324 1930 2389 de
1975 2344 2193 2407 perso-

267 2412 384 2477 nali
419 2413 661 2478 unione
706 2425 771 2477 et
816 2412 895 2477 de
939 2434 1142 2478 coena
1186 2413 1473 2477 Domini.
1504 2412 1584 2497 ιδ)
1672 2411 2085 2495 Imprimitur
2127 2417 2192 2474 et
2306 2419 2315 2428 ‘

266 2498 495 2564 absolvi
538 2498 697 2563 fere.
780 2497 1020 2564 Scribo
1075 2497 1277 2563 latine
1322 2507 1388 2561 et
1426 2498 1827 2581 germanice:
1898 2494 2044 2562 Scis
2090 2497 2192 2560 ni-

264 2587 483 2649 mirum
544 2585 735 2648 illum
796 2597 1021 2649 contra
1073 2606 1179 2649 me
1238 2584 1577 2667 scripsisse
1620 2591 1895 2667 utraque
1937 2582 2187 2666 lingua.

266 2669 403 2735 Ideo
454 2692 587 2735 non
646 2672 829 2753 potui
887 2670 1315 2747 dissimulare,
1371 2671 1524 2735 licet
1577 2670 1828 2734 invitus
1883 2690 2188 2753 pugnem.

265 2755 382 2821 Nec
446 2754 597 2820 dedi
664 2755 758 2819 illi
822 2757 1064 2820 iustam
1126 2756 1547 2832 occasionem,
1614 2776 1734 2819 neo
1798 2756 2188 2820 nominatim

264 2853 470 2907 contra
524 2843 747 2925 ipsum
803 2843 1030 2925 scripsi
1088 2852 1282 2906 antea
1338 2840 1705 2923 quidquam.
1793 2838 2003 2905 Docet
2055 2840 2186 2920 ille,

264 2928 509 3002 coelum,
557 2926 779 2992 sedem
827 2928 1163 2993 beatorum
1207 2937 1275 2991 et
1318 2928 1650 2991 dexteram
1698 2927 1824 2990 Dei
1868 2946 2008 2991 esse
2044 2926 2185 2989 ubi-

262 3033 386 3094 que,
429 3025 494 3077 et
536 3033 777 3096 corpus
821 3012 1069 3080 Christi
1114 3034 1255 3079 esse
1299 3012 1535 3097 ubique
1581 3021 1701 3077 etc.
1783 3010 1858 3077 Si
1907 3012 2186 3077 volueris

261 3098 638 3181 respondere
683 3098 1045 3174 Hesshws‘io,
1105 3120 1218 3163 oro
1262 3108 1327 3163 te
1371 3109 1447 3163 ut
1487 3098 1797 3165 brevibus
1839 3107 1904 3162 et
1940 3097 2187 3180 perspi-

262 3204 363 3250 cue
403 3195 467 3249 et
524 3183 610 3249 ad
668 3205 810 3249 rem
867 3184 1274 3268 respondeaS,
1333 3184 1686 3268 praeterita
1728 3185 1868 3249 eius
1914 3204 2190 3267 persona

262 3278 316 3334 et
373 3270 800 3337 dissimulatis
857 3272 1166 3336 conviciis
1222 3273 1378 3336 eius.
1484 3270 1618 3335 sed
1675 3270 1830 3353 quid
1889 3292 1999 3335 sus
2058 3270 2186 3334 Mi-

262 3375 510 3421 nervam
528 3357 562 3421 ⁴?
610 3369 730 3421 eto.

412 3442 563 3508 Non
643 3453 803 3524 puto
872 3441 1285 3508 castalionem
1347 3439 1856 3524 praeficiendum
1926 3439 2188 3505 scholae

260 3525 722 3593 Lausannensi.
833 3530 1012 3592 Dum
1086 3530 1256 3592 enim
1319 3528 1519 3592 huius
1585 3526 1827 3610 aliquid
1895 3526 2186 3591 audirem

260 3614 414 3677 serio
455 3614 766 3678 admonui
832 3616 1074 3678 amicos
1117 3623 1195 3677 ut
1238 3614 1360 3678 sibi
1406 3613 1487 3678 ab
1532 3611 1654 3678 hoc
1698 3613 1958 3677 homine
2002 3634 2187 3678 cave·

259 3711 403 3765 rent.
482 3699 641 3767 Scio
696 3711 759 3765 et
804 3700 1138 3766 Hallerum
1181 3699 1481 3765 manibus
1525 3709 1590 3763 et
1644 3698 1915 3782 pedibus
1968 3699 2184 3764 reniti.

415 3786 730 3870 Synodus
773 3785 990 3851 fuerat
1032 3785 1279 3851 indicta
1324 3785 1630 3862 Bernam,
1660 3788 1744 3858 ιθ)
1800 3784 1912 3850 0οᾶ
1957 3806 2185 3850 rursus

416 4110 505 4178 12)
537 4126 641 4164 rex
676 4109 991 4164 Navem-ae.

316 4207 329 4222 ·
414 4180 504 4240 13)
548 4179 623 4233 N.
658 4178 810 4232 3699.
847 4177 1002 4233 3711.
1077 4179 1233 4247 Salsq
1267 4179 1363 4232 111.
1397 4177 1500 4231 843
1535 4194 1612 4247 sq.
1688 4177 1900 4232 Planck
1933 4176 2032 4232 lv,
2066 4177 2183 4231 636.

412 4247 502 4316 14)
538 4248 694 4304 Haec
728 4248 804 4302 ad
835 4249 1151 4317 mar-qim.
1281 4299 1287 4310 ,
1914 4297 1919 4302 .

412 4318 504 4375 151
546 4311 855 4385 Bullinum-i
887 4317 1152 4372 tractatui
1183 4316 1250 4369 de
1282 4314 1460 4369 verbis
1490 4316 1574 4371 Io.
1604 4314 1687 4379 14,
1725 4315 1989 4369 Brents'us
2020 4330 2185 4383 oppo—

257 4388 356 4437 aut
396 4400 554 4440 suam
608 4386 946 4440 Sententiam
998 4386 1067 4438 de
1111 4386 1299 4439 libello
1344 4385 1645 4454 Bullingeri
1696 4391 1791 4437 etc.
1847 4384 1977 4439 nab.
2032 4384 2182 4437 1561.

259 4450 370 4504 Iam
401 4455 489 4508 ln‘c
523 4464 746 4509 contra.-
837 4460 858 4470 ”
933 4455 1185 4508 nbericht
1219 4454 1299 4506 uff
1326 4454 1430 4507 den
1469 4454 1687 4506 Bericht
1714 4453 1844 4507 Hrn.
1880 4453 2183 4508 Iohannsen

258 4518 514 4577 Brentzon
550 4542 658 4577 von
696 4526 818 4577 dem
909 4524 1094 4576 immel
1140 4524 1251 4576 und
1295 4523 1394 4576 der
1431 4521 1732 4576 Geriichten
1779 4522 1989 4577 Gottes.
2058 4524 2181 4576 zur.

258 4586 459 4644 Frosch.
512 4591 663 4646 1561.
719 4591 768 4645 8.
852 4593 1156 4661 Responsio
1209 4609 1317 4661 qua
1367 4591 1672 4644 ostenditur
1733 4594 2051 4645 sententiam
2112 4592 2180 4644 de

257 4660 393 4712 ooclo
428 4669 485 4713 et
519 4661 745 4715 dextera
778 4662 877 4714 Dei
915 4661 1228 4716 adversaria
1270 4662 1335 4713 D.
1371 4662 1444 4715 lo.
1484 4662 1579 4716 ΒΥ.
1612 4660 1886 4713 sententia
1919 4678 2027 4714 non
2062 4677 2181 4715 esse

254 4740 502 4847 gggmam.
576 4731 690 4798 Τίς.
738 4729 956 4785 Frosch.
1004 4728 1155 4783 1562.
1192 4728 1241 4782 8.
1314 4729 1558 4794 (Hartm.
1604 4745 1658 4782 u.
1704 4727 1919 4796 Jaeqen
1963 4730 2063 4784 Br.
2111 4731 2180 4783 11.

418 4865 504 4924 16)
558 4866 690 4920 Vide
721 4882 962 4934 nuperae
999 4868 1220 4922 Hellen·
1252 4873 1303 4922 et
1334 4867 1735 4936 praecedentem
1768 4866 2178 4921 Tononemium.

260 4930 467 4988 Reuehat
501 4934 604 4990 VI.
650 4934 780 4989 446:
826 4937 932 4992 Les
979 4937 1066 4991 Sei
1143 4954 1266 4991 eurs
1314 4953 1382 4991 ne
1425 4938 1635 4990 tinrent
1679 4951 1777 5005 pas
1823 4936 2030 5004 parolle
2074 4953 2181 4989 aux

257 5002 517 5056 ministres
544 5011 600 5056 et
633 5020 691 5057 se
709 5007 1049 5073 repentirent
1069 4955 1165 5058 ἔξω
1185 5022 1417 5060 avances
1442 5005 1598 5075 qu’ils
1615 5005 1735 5058 leur
1751 5006 1968 5058 avoient
2001 5004 2177 5058 faites.

257 5068 392 5123 Dans
428 5074 477 5125 le
511 5081 690 5154 tempe
724 5090 829 5142 que
864 5075 945 5128 les
978 5075 1204 5144 deputes
1239 5091 1298 5127 se
1330 5074 1680 5143 preparoient
1714 5073 1748 5126 0
1781 5073 1916 5126 aller
1950 5072 1984 5125 0
2006 5074 2180 5126 Berne

258 5136 315 5189 ils
346 5141 462 5193 leur
479 5141 773 5195 ecrivirent
800 5144 852 5196 10
874 5143 960 5198 20.
977 5144 1227 5198 Ferrier:
1266 5160 1373 5212 qne
1404 5161 1477 5196 vu
1511 5144 1591 5197 les
1624 5142 1839 5197 affair-es
1912 5147 2182 5194 tementes

258 5212 308 5258 et
338 5208 414 5261 les
465 5210 639 5264 bruits
687 5213 987 5266 continnels
1022 5213 1089 5265 de
1124 5211 1453 5293 preparatifs
1499 5212 1567 5265 de
1609 5226 1806 5280 guerre
1851 5212 1913 5263 's
1958 5226 2019 5263 se
2051 5226 2180 5279 voy-

255 5273 391 5332 dent
422 5278 531 5331 obl·
588 5278 597 5292 '
647 5282 680 5335 ὸ.
700 5281 936 5351 changer
969 5283 1037 5334 do
1070 5283 1284 5335 dessein
1319 5285 1377 5334 et
1410 5283 1444 5336 a
1468 5280 1736 5349 re‘voquer
1757 5280 1811 5332 10
1827 5280 2180 5334 convocation

256 5342 369 5399 d’un
404 5364 500 5418 syn
574 5364 622 5417 0,
656 5365 715 5405 00
749 5357 1068 5406 contentant
1113 5349 1181 5404 de
1216 5351 1623 5418 communiqner
1664 5353 1810 5402 cette
1854 5347 2040 5402 affaire
2073 5365 2178 5402 aux

1922 424 2083 486 1562
2121 421 2586 488 FEBRUAR.

4117 430 4244 490 294

2301 616 2571 692 propter
2605 609 2832 676 turbas
2874 608 3023 674 illas
3066 616 3134 674 et
3175 609 3334 676 alias
3376 633 3605 679 causas
3648 612 4037 680 intermissa.
4114 613 4243 681 Oo-

2301 703 2546 760 nantur
2608 695 2769 762 alias
2830 696 3027 761 rebus
3091 695 3260 760 bene
3337 698 3691 764 consulere.
3800 699 3903 765 De
3963 720 4093 782 qua
4168 722 4241 768 re

2299 780 2464 846 alias
2515 779 2600 844 ad
2663 789 2728 845 te
2781 780 3059 845 scribam
3117 782 3390 865 copiose,
3457 804 3659 866 quum
3713 784 3866 866 plus
3919 785 4044 849 erit
4100 786 4239 852 otii.

2301 865 2400 931 Ad
2444 865 2616 930 hanc
2658 866 2835 932 enim
2879 887 3019 931 rem
3062 886 3225 949 opus
3271 869 3397 933 erit
3431 868 3628 933 etiam
3666 878 3780 935 tua
3812 869 3989 936 fideli
4023 891 4238 955 opera.

2472 952 2715 1018 Mirum
2760 961 2859 1017 est
2902 958 3084 1019 tanto
3126 960 3422 1037 tempore
3556 956 3568 968 '
3719 956 3841 1021 'um
3883 956 4128 1023 abesse.
4153 959 4241 1037 ¹⁷)

2299 1038 2528 1104 Metuo
2584 1059 2742 1104 sane
2797 1058 2883 1102 ne
2938 1046 3081 1104 arte
3133 1040 3253 1104 fiat
3307 1048 3377 1104 et
3433 1039 3579 1106 dolo
3615 1041 3803 1108 malo.
3887 1039 4021 1109 Sed
4063 1062 4241 1112 omn-

2299 1125 2638 1188 mittamus
2683 1122 2840 1187 haec
2896 1124 3114 1189 omnia
3165 1122 3468 1190 Domino.
3556 1124 3695 1192 Oro
3745 1136 3828 1209 te,
3883 1129 3976 1194 mi
4015 1127 4237 1210 frater,

2299 1217 2376 1273 ut
2434 1216 2690 1274 mature
2745 1209 3072 1292 significes
3129 1230 3292 1276 num
3349 1231 3531 1277 meae
3586 1212 3710 1278 tibi
3752 1214 3887 1279 sint
3927 1213 4236 1296 redditae,

2298 1303 2365 1359 et
2406 1295 2465 1361 si
2508 1294 2666 1378 quid
2698 1305 3062 1360 memoratu
3096 1296 3371 1380 dignum
3405 1297 3610 1362 habes
3644 1318 3727 1362 ex
3764 1298 3982 1365 Gallia
4016 1300 4236 1379 addas,

2299 1382 2586 1445 maxime
2631 1402 2787 1445 vero
2826 1381 3169 1464 significes,
3215 1403 3374 1446 num
3421 1404 3493 1447 re
3585 1405 3701 1449 um
3743 1383 4001 1451 Galliae
4044 1386 4236 1451 mise·

2297 1468 2387 1531 rit
2422 1467 2677 1550 legatos
2719 1468 2788 1532 in
2831 1466 3196 1532 concilium.
3224 1468 3310 1545 18)
3396 1466 3462 1531 V
3528 1491 3582 1535 e.
3661 1470 3988 1535 Dominus
4028 1480 4237 1537 aeter-

2297 1572 2461 1617 num
2506 1560 2571 1618 te
2614 1558 2684 1617 et
2725 1563 2873 1619 tuos
2918 1561 3150 1618 servet.
3224 1551 3535 1619 Salutant
3576 1562 3642 1619 te
3674 1556 3929 1622 fratres.
4002 1554 4239 1623 Saluta

2298 1638 2663 1791 amicFosbet
2713 1639 2945 1703 fratres
2999 1658 3242 1704 omnes.
3330 1639 3916 1708 Festinantissime.
3989 1642 4234 1726 Tiguri.

2297 1728 2399 1790 20.
2508 1745 2545 1790 θ
2588 1747 2640 1790 ι’.
2696 1727 2875 1789 1562.

3287 1862 3375 1929 H.
3422 1863 3847 1950 Bullingerus
3891 1875 4063 1932 tuus.

3063 2157 3471 2168 -—-——·--—-—-

3176 2407 3368 2481 872⁰.

2679 2581 3190 2649 HALLERUS
3235 2582 3867 2651 BULLINGERO.

2469 2752 2744 2819 Pertinet
2809 2753 2896 2818 ad
2958 2756 3264 2838 negotium
3327 2754 3404 2820 de
3466 2754 3811 2839 disciplina
3875 2757 3943 2820 in
4007 2742 4237 2824 ditione

2292 2839 2606 2905 Bermsi
2643 2840 3023 2906 instituenda
3059 2844 3170 2905 aut
3199 2840 3619 2921 refomanda.

2294 3012 2407 3079 (Ex
2444 3011 2782 3080 autographo
2817 3012 2979 3065 Arch-
3028 3010 3208 3065 Turic-
3257 3012 3406 3069 Plnt.
3451 3011 3548 3067 VI.
3586 3012 3710 3066 Vol.
3758 3010 3875 3078 106,
3928 3012 4057 3067 olim
4093 3014 4231 3085 Epp.

2652 3081 2802 3134 Tom.
2837 3080 2904 3134 11.
2939 3080 3030 3135 fol.
3064 3079 3184 3134 861.
3223 3108 3288 3120 -
3325 3081 3537 3136 Simler.
3575 3081 3696 3137 Vol.
3729 3080 3872 3144 103.)

2293 3251 2674 3318 Clarissimo
2738 3252 2887 3318 viro
2945 3249 3029 3317 D.
3091 3252 3473 3338 Heinrycho
3531 3252 3914 3337 Bullingero
3975 3252 4235 3338 Tiguri-

2290 3358 2415 3403 nae
2458 3337 2763 3405 ecclesiae
2815 3337 3088 3403 antistiti
3143 3337 3519 3405 fidelissimo
3562 3339 3822 3405 domino
3865 3358 3984 3404 suo
4030 3339 4234 3406 hono-

2738 3423 2942 3489 rando
2985 3430 3051 3489 et
3084 3426 3404 3508 compatri
3439 3424 3791 3491 carissimo.

2460 3595 2530 3662 S.
2601 3596 2768 3662 Heri
2835 3596 2958 3661 sub
3026 3605 3279 3662 noctem
3345 3617 3452 3660 me
3515 3597 3596 3664 ab
3650 3596 3918 3663 aedibus
3962 3599 4230 3665 absente

2286 3703 2515 3749 cursor
2559 3693 2799 3761 noster,
2865 3681 2975 3764 qui
3028 3682 3372 3748 consilium
3426 3692 3724 3748 nostrum
3767 3681 3850 3748 de
3890 3682 4229 3766 disciplina

2288 3768 2371 3834 ad
2433 3790 2546 3836 vos
2604 3767 2858 3848 detulit,
2882 3767 2933 3852 ¹)
2999 3787 3302 3834 reversus
3360 3778 3462 3834 est
3517 3777 3584 3834 et
3637 3777 3788 3834 tuas
3842 3770 4077 3848 attulit,
4144 3790 4227 3833 ex

2289 3856 2523 3938 quibus
2564 3863 2787 3920 tamen
2831 3875 2963 3919 non
3006 3854 3300 3938 intelligo
3345 3853 3499 3937 quid
3541 3855 3793 3920 senatui
3836 3854 4225 3938 respondea-

2287 3941 2388 4006 tis.
2486 3940 2802 4024 Suspicor
2844 3950 3063 4005 tamen
3123 3939 3434 4022 suspendi
3488 3960 3528 4004 a
3582 3940 3767 4005 vobis
3822 3960 4224 4022 responsum.

2285 4026 2551 4091 Interea
2592 4047 2770 4110 rogo,
2839 4032 2915 4090 ut
2968 4034 3036 4090 et
3075 4026 3277 4111 prius,
3344 4032 3422 4090 ut
3465 4035 3752 4089 vestram
3794 4026 4226 4110 interponatis

2286 4111 2462 4195 apud
2504 4123 2756 4178 nostros
2813 4112 3248 4177 autoritatem.
3337 4111 3456 4175 Ea·
3491 4112 3664 4175 enim
3708 4111 4066 4193 plurimum
4110 4134 4224 4198 po-

2286 4198 2461 4276 terit,
2509 4199 2565 4262 si
2606 4197 2979 4280 intelligant
3002 4218 3117 4263 vos
3151 4196 3487 4263 nobiscum
3526 4196 3789 4262 sentire.
3856 4195 4076 4263 Velim
4119 4201 4224 4264 in-

2287 4291 2467 4348 terea
2503 4283 2587 4348 D.
2655 4282 2990 4352 Calvinum
3045 4303 3300 4365 quoque
3359 4280 3749 4348 consentire:
3797 4282 3910 4348 sed
3956 4284 4080 4350 hoc
4121 4286 4240 4367 ips.

2287 4390 2432 4432 sum
2485 4380 2558 4433 tu
2613 4389 2866 4453 quoque
2921 4381 3032 4432 tua
3085 4368 3325 4433 efficies
3377 4369 3744 4431 autoritate.
3832 4368 4223 4437 Nostrorum

2285 4454 2448 4520 alias
2494 4455 2817 4538 plerisque
2873 4456 2968 4518 ita
3009 4474 3241 4519 exosus
3285 4464 3404 4527 est,
3471 4461 3545 4516 ut
3585 4453 3918 4536 ingratum
3962 4457 4049 4520 sit
4091 4457 4223 4522 illis

2285 4539 2599 4626 quidquid
2633 4542 2715 4606 ab
2751 4560 2827 4606 eo
2850 4539 3309 4623 proficiscatur.
3377 4536 3439 4602 N
3439 4557 3524 4602 on
3563 4536 3784 4604 dubito
3819 4551 4040 4607 tamen
4062 4544 4225 4626 quin

2283 4799 2557 4852 ministres
2574 4801 2671 4852 des
2689 4801 2915 4850 cantens
2932 4794 3193 4849 reformes
3229 4801 3286 4848 et
3302 4793 3369 4848 de
3385 4795 3624 4863 prendre
3658 4798 3776 4850 leur
3810 4799 3944 4852 avis.
3987 4800 4072 4853 En
4094 4801 4222 4853 effet

2280 4867 2348 4919 ils
2384 4868 2752 4921 ordonnerent
2783 4882 2889 4918 anx
2924 4864 3198 4916 ministres
3245 4869 3302 4917 et
3374 4864 3670 4919 rofensem
3711 4867 3783 4920 de
3823 4868 3943 4921 leur
3986 4870 4218 4937 capitale

2280 4936 2350 4988 de
2382 4935 2518 4988 faire
2554 4953 2626 4989 nn
2672 4934 2800 5003 plan
2843 4950 2914 4986 ou
2965 4931 3143 5001 projet
3186 4932 3255 4986 de
3306 4932 3589 5002 discipline
3636 4934 3762 4987 eccl.
3816 4939 3873 4988 et
3929 4953 3991 4990 ce
4043 4939 4219 5007 projet

2279 5007 2434 5058 etant
2465 5003 2567 5057 fait
2600 5020 2673 5056 on
2706 5003 2758 5056 le
2793 5000 3171 5069 communique
3217 5019 3323 5054 aux
3355 5002 3632 5057 ministres
3677 5009 3735 5056 et
3779 5004 4112 5072 professeurs
4147 5006 4215 5059 de

2279 5071 2478 5128 zurich
2515 5079 2572 5127 et
2605 5072 2674 5125 de
2710 5070 3076 5124 Schaffhonse.

2457 5140 2545 5208 17)
2578 5141 2661 5195 Im
2776 5139 2984 5193 ‘ebatur
3014 5139 3137 5193 coni
3212 5139 3225 5152 ”
3289 5140 3599 5194 valetudine
3646 5156 3784 5233 quae
3816 5140 4092 5194 lethaliter
4121 5142 4212 5195 de-

2714 5207 2902 5262 abritii
2935 5223 3019 5277 ep.
3055 5155 3299 5262 adugbsll.
3335 5208 3389 5264 d.
3424 5210 3475 5262 d.
3513 5206 3598 5263 26.
3636 5206 3791 5264 Febr.
3828 5207 4093 5277 (Sinala).

2448 5278 2544 5344 18)
2576 5278 2703 5334 vide
2734 5282 2846 5334 not.
2879 5274 2931 5329 4.

2276 5346 2467 5403 8720.
2489 5348 2544 5416 1)
2590 5348 2730 5406 Vide
2756 5345 3004 5418 maced.
3037 5351 3147 5404 not.
3184 5346 3267 5402 16.
