4850 6117
242 417 351 483 509

1087 601 1290 674 8848.

397 774 824 843 MINIS'PRI
869 772 1488 844 GENABENSES
1535 773 1969 842 GALVINO.

396 965 638 1050 Oppido
676 985 791 1030 suo
833 962 915 1030 ab
956 965 1231 1031 exercitu
1262 963 1534 1031 hostium
1575 965 1851 1046 impetito
1877 985 2003 1048 per
2034 964 2166 1033 Dei

238 1052 487 1139 qratiam
526 1050 636 1118 hoe
662 1051 1018 1136 periodum
1057 1052 1223 1118 salvi
1261 1056 1319 1117 et
1359 1051 1698 1118 incolumes
1731 1055 2074 1117 evaserunt.

495 1222 608 1292 (Ex
642 1221 980 1293 autographo
1013 1220 1142 1277 Ood.
1179 1221 1416 1278 Gotbani
1448 1220 1570 1291 404,
1605 1222 1699 1277 fol.
1735 1219 1881 1290 782.)

388 1397 449 1462 A
489 1393 832 1461 Monsieur
873 1392 1212 1460 Monsieur
1253 1392 1491 1461 Calvin

1619 1500 1660 1544 a
1703 1479 1992 1577 Geneye.

238 1671 609 1738 Doetissimo
669 1679 735 1735 et
787 1668 1164 1735 fidelissimo
1217 1667 1404 1734 verbi
1446 1665 1578 1732 Dei
1632 1667 1933 1734 ministro
1976 1668 2061 1735 D.
2107 1670 2162 1736 Ι.

238 1757 491 1824 Oalvino
525 1757 609 1823 L.
656 1757 969 1821 Danaeus
980 1756 1033 1840 ¹)
1068 1765 1134 1821 et
1168 1753 1266 1820 St.
1302 1752 1617 1819 Vallaeus
1651 1750 1943 1820 eiusdem
1977 1756 2166 1823 verbi

237 1844 297 1909 in
366 1842 740 1911 Genabensi
831 1842 962 1909 Dei
1038 1840 1310 1908 eeclesia
1385 1841 1669 1906 ministri
1751 1840 1826 1904 in
1901 1839 2166 1908 Christo

1034 1925 1106 1993 S.
1144 1927 1221 1992 P.
1256 1927 1342 1993 D.

389 2082 785 2165 Quanquam
839 2080 1007 2147 nihil
1065 2086 1240 2147 esset
1271 2081 1429 2148 novi
1472 2079 1644 2165 quod
1688 2077 1773 2143 ad
1816 2087 1882 2146 te
1926 2080 2167 2147 seribe-

237 2188 455 2248 remus,
507 2167 636 2235 hoe
691 2176 917 2233 tamen
958 2167 1389 2232 iustissimum
1446 2165 1775 2232 seribendi
1816 2187 2166 2252 argumen-

235 2262 360 2319 tum
418 2254 604 2321 nobis
668 2261 1048 2338 putaremus
1114 2252 1275 2333 dari,
1338 2258 1527 2336 pater
1588 2252 1834 2336 optime
1895 2251 2166 2332 Calvine,

238 2339 389 2424 quod
440 2341 654 2407 nostri
707 2340 903 2406 offleii
960 2337 1259 2404 ducimus
1319 2358 1462 2404 esse
1519 2345 1585 2402 te
1627 2347 1970 2422 parentem
2012 2359 2166 2405 nos-

237 2434 392 2491 trum
440 2426 540 2493 bis
582 2426 692 2495 vel
748 2434 853 2491 ter
901 2425 974 2490 in
1030 2444 1203 2490 anno
1250 2444 1367 2507 per
1410 2423 1634 2489 literas
1689 2432 1947 2490 nostras
1990 2425 2167 2490 salu·

236 2520 376 2591 tare,
432 2513 584 2596 quia
640 2519 1018 2595 praesentes
1071 2531 1207 2576 non
1249 2530 1614 2594 possumus.
1699 2509 1931 2593 Neque
1988 2511 2167 2577 enim

237 2597 412 2663 ullius
452 2598 740 2664 hominis
795 2597 931 2662 ulla
971 2596 1312 2662 iucundior
1332 2600 1367 2634 ⁴⁸
1416 2602 1532 2661 aut
1575 2596 1837 2662 suavior
1874 2616 2166 2679 unquam

236 2684 528 2750 memoria
571 2704 772 2767 quam
814 2684 915 2749 tui
947 2682 1246 2762 reeurrit,
1290 2702 1502 2766 neque
1542 2682 1886 2766 quisquam
1928 2691 2046 2761 est,
2086 2682 2167 2748 de

237 2769 399 2834 ouius
444 2768 684 2834 iudicio
739 2777 806 2833 et
847 2768 1175 2835 sententia
1214 2769 1437 2851 potius
1482 2786 1680 2851 quam
1724 2767 1804 2833 de
1846 2776 1965 2834 tua
2005 2789 2168 2852 pen-

237 2852 497 2934 deamus,
563 2864 681 2919 ant
743 2875 784 2919 a
846 2875 976 2938 quo
1037 2855 1255 2938 potius
1310 2860 1631 2936 optemus,
1692 2874 1888 2936 quam
1941 2853 2059 2921 abs
2102 2862 2168 2920 te

237 2942 436 3006 amari.
523 2941 745 3024 Atque
788 2952 867 3006 ut
907 2959 1030 3006 nos
1071 2939 1428 3006 liberorum
1460 2938 1598 3005 loeo
1642 2938 1886 3005 habeas
1929 2940 2169 3006 obnixe

238 3032 295 3089 et
340 3026 766 3093 vehementer
820 3045 1183 3112 precamur,
1242 3032 1433 3110 pater
1486 3025 1749 3112 optime,
1796 3023 2060 3108 quando
2102 3034 2169 3093 te

236 3131 351 3176 non
389 3133 575 3180 seeus
621 3121 816 3198 atque
833 3122 1173 3197 parentem
1216 3118 1516 3177 nostrum
1535 3131 1694 3177 vere
1729 3118 1795 3176 et
1828 3131 1914 3178 ex
1949 3113 2169 3179 animo

236 3196 497 3266 solimus.
582 3198 716 3265 Illa
769 3220 928 3266 vero
963 3209 1233 3282 propter
1273 3218 1469 3280 quam
1522 3218 1699 3263 nune
1742 3198 2169 3281 gravissimas

236 3293 363 3350 tuas
395 3286 851 3371 oeeupationes
891 3285 1073 3350 hisee
1105 3284 1318 3350 literis
1360 3284 1606 3350 nostris
1648 3283 2168 3349 interturbamus

233 3369 378 3434 ratio
432 3379 548 3454 est,
610 3371 781 3457 quod
837 3391 1010 3438 novo
1053 3371 1183 3436 Dei
1239 3370 1468 3453 optimi
1523 3369 1797 3434 maximi
1852 3369 2167 3436 beneficio

234 3456 521 3524 cumulati
584 3459 885 3541 cupimus
949 3463 1016 3521 te
1071 3475 1325 3539 quoque
1377 3475 1548 3522 novo
1602 3455 1839 3539 gaudio
1903 3456 2169 3522 reficere

234 3545 403 3625 atque
452 3565 772 3612 recreare.
858 3544 1219 3626 Postquam
1275 3541 1453 3606 enim
1509 3541 1908 3609 saevissimis
1963 3539 2168 3607 bello-

233 3645 360 3693 rum
409 3630 711 3714 procellis
755 3629 875 3695 Dei
932 3647 1206 3693 munere
1259 3626 1520 3692 liberati
1560 3627 1696 3694 iam
1748 3627 1822 3692 in
1864 3633 2009 3693 tuto
2052 3647 2168 3692 na-

234 3712 438 3797 vigare
492 3716 896 3795 videbamur,
955 3721 1027 3779 et
1088 3720 1316 3779 nostra
1378 3712 1543 3778 haee
1598 3713 1873 3779 ecelesia
1914 3711 1998 3779 ad
2048 3713 2168 3779 ali·

236 3817 405 3879 quem
459 3803 820 3868 salutarem
884 3809 1151 3885 portum
1203 3798 1554 3882 appulisse,
1610 3819 1760 3865 eoee
1823 3799 2169 3884 repentina

236 3885 525 3964 quaedam
583 3896 852 3969 καταιγίς
905 3894 973 3952 et
1032 3893 1386 3970 tempestas
1444 3885 1606 3952 eoeli
1659 3887 1871 3951 nostri
1926 3886 2169 3952 sereni·

236 3978 416 4036 tatem
456 3974 806 4040 obscurare
849 3982 916 4037 et
948 3972 1206 4036 itineris
1226 3990 1646 4056 progressum
1679 3970 1998 4055 impedire
2032 3992 2168 4037 eoe-

235 4054 332 4135 pit.
445 4058 621 4126 Nam
680 4059 980 4143 peditum
1034 4066 1439 4123 armatorum
1499 4056 1703 4122 millia
1765 4057 1916 4141 plus
1971 4078 2167 4142 quam

235 4148 482 4221 quatuor
525 4146 801 4222 (vexilla
864 4144 1108 4228 viginti
1146 4143 1356 4208 nostri
1400 4148 1662 4215 voeant)
1705 4151 2020 4226 tanquam
2063 4144 2168 4208 in·

233 4227 409 4308 opina
426 4231 742 4314 quaedam
783 4230 946 4309 lues,
989 4249 1134 4295 sese
1173 4229 1676 4313 eireumquaque
1698 4227 2093 4306 diffundunt,
2111 4230 2168 4310 ²)

235 4310 534 4383 minarum
600 4338 640 4384 a
711 4339 798 4384 ue
861 4318 1000 4382 irae
1059 4314 1244 4400 pleni
1296 4314 1595 4381 homines
1646 4315 1760 4399 qui
1815 4315 2167 4398 pristinam

237 4399 471 4477 eaedem
505 4413 571 4470 et
772 4424 886 4469 era
927 4411 993 4469 et
1034 4400 1370 4468 beluinam
1410 4400 1594 4467 illam
1620 4400 1824 4466 animi
1855 4401 2167 4467 ferociam

238 4501 409 4563 quam
440 4488 510 4553 in
531 4489 806 4556 Gratiae
842 4497 1039 4574 portu
1072 4499 1142 4555 et
1177 4488 1556 4575 ναυσταθμῲ·
1594 4483 1964 4569 induerant,
2008 4488 2169 4554 reti-

244 4789 849 4861 884s.1)1;ambmnn
884 4794 1157 4852 Danaeus
1208 4802 1376 4851 natus
1426 4813 1471 4852 c.
1522 4794 1657 4850 1530
1706 4797 1768 4851 in
1820 4796 2165 4866 Beauqeney,

244 4860 361 4917 obiit
391 4862 522 4921 1595
569 4868 634 4921 in
673 4864 916 4930 Caetra,
964 4867 1225 4921 Aureliae
1268 4867 1370 4921 sub
1412 4866 1584 4920 Anna
1635 4865 1712 4920 du
1746 4864 1941 4933 Bourq
1996 4867 2166 4918 turie-

244 4931 542 4989 prudentiae
573 4950 792 5002 operam
825 4943 1146 5004 novaverat,
1183 4951 1236 4989 a.
1275 4934 1409 4988 1560
1437 4933 1708 4990 Generum
1740 4948 1799 4988 se
1831 4935 2059 4989 contudit
2090 4931 2168 4987 ad

247 5001 537 5079 theologiam
583 5018 874 5060 conversus
916 5010 968 5057 et
1011 5004 1229 5059 biennio
1265 5009 1395 5071 post
1434 5003 1649 5059 Genabi
1677 5000 1875 5072 (θέω)
1920 5019 1971 5057 v.
2005 5003 2059 5057 d.
2095 5017 2166 5057 m.

244 5064 341 5129 sm
370 5086 410 5124 e.
443 5073 570 5128 eoae
602 5088 641 5129 a
671 5073 767 5128 La
811 5068 990 5128 Valles
1021 5072 1218 5141 (Haaq
1250 5072 1343 5126 lv.
1377 5069 1520 5140 192).

428 5138 487 5209 2)
581 5145 669 5198 ist.
706 5141 828 5196 ecel.
861 5141 937 5196 11.
970 5140 1074 5195 454
1108 5145 1239 5196 teste
1271 5142 1403 5196 haee
1419 5142 1637 5195 ineunte
1654 5139 1802 5209 Sept.
1834 5139 1991 5207 facta
2023 5145 2171 5194 eunt.

253 5200 381 5259 Nan·
409 5208 461 5263 d.
495 5209 576 5264 10.
628 5210 865 5265 eiusdem
910 5211 1116 5265 meam
1153 5209 1434 5266 Genabum
1468 5210 1539 5265 ab
1571 5209 1817 5265 houm
1849 5214 2169 5278 occupatu-⁸

246 5268 341 5331 fu&
370 5282 417 5331 et
447 5276 712 5335 Danaeue
746 5295 790 5335 e.
824 5278 1027 5351 collega
1058 5278 1200 5351 fuya
1231 5280 1340 5335 eibi
1370 5277 1644 5334 considere
1675 5278 1861 5334 debuit
1891 5284 2018 5348 post
2049 5292 2167 5347 sep·

247 5342 339 5395 ¹0¹⁸
369 5344 569 5402 &mum
601 5364 807 5404 menses
837 5354 976 5418 post.
1016 5346 1134 5403 Cal.
1169 5350 1308 5419 Apr.
1343 5362 1604 5402 reversus.

1910 414 2073 478 1562
2118 411 2514 481 AUGUS'P.

4095 426 4224 490 510

2263 602 2529 668 nebant.
2546 603 2607 687 ⁸)
2693 600 2843 668 Hae
2884 601 3019 667 iam
3060 602 3316 686 pridem
3345 601 3636 671 hostium
3677 610 4055 674 nostrorum
4096 610 4222 676 mi-

2264 707 2387 752 nae
2432 693 2650 754 erant:
2696 708 2861 771 quae
2903 695 3102 754 antea
3135 688 3389 755 oeoulte
3431 689 3692 775 quidem
3734 690 4222 762 denunciaban-

2262 780 2394 854 tur,
2460 773 2730 840 tandem
2793 779 3016 840 autem
3081 783 3544 858 apparuerunt.
3653 774 3790 843 Sed
3852 784 4040 846 tanta
4095 780 4224 847 fuit

2261 857 2394 925 Dei
2460 878 2617 944 erga
2697 879 2818 925 nos
2892 860 3266 946 benignitas
3330 867 3407 926 ut
3469 883 3696 928 eorum
3758 865 4022 930 nemine
4085 885 4222 932 non

2265 944 2511 1011 sciente
2564 943 2864 1029 publieae
2917 944 3001 1012 de
3042 946 3244 1012 verbo
3285 947 3415 1012 Dei
3467 949 3823 1030 eoneiones,
3868 970 3995 1033 quo
4036 971 4223 1017 more

2266 1039 2460 1096 antea
2499 1032 2888 1111 solebamus,
2933 1053 2974 1097 a
3006 1032 3196 1099 nobis
3232 1031 3649 1114 haberentur,
3693 1041 3761 1100 et
3791 1042 4018 1101 nestra
4058 1037 4223 1106 haee

2265 1116 2424 1183 urbs
2468 1124 2537 1182 et
2577 1116 2865 1196 molesia,
2909 1138 3076 1200 quae
3116 1139 3327 1201 paene
3367 1117 3635 1185 nidulus
3669 1127 3789 1200 est,
3832 1119 4008 1188 hune
4050 1122 4223 1190 eala·

2267 1202 2521 1269 mitatis
2553 1204 2874 1286 impetum
2914 1203 3362 1287 imperterrita
3403 1205 3734 1272 sustinuit.
3818 1205 4054 1291 Itaque
4096 1207 4222 1276 hae

2269 1309 2443 1356 nova
2474 1286 2604 1354 Dei
2645 1290 2858 1373 gratia
2890 1290 3259 1356 confirmati
3312 1291 3384 1356 in
3426 1311 3502 1356 eo
3534 1290 3848 1358 fidentius
3883 1314 4223 1377 speramus

2269 1383 2335 1440 et
2390 1375 2677 1441 hostium
2735 1380 3108 1442 nostrorum
3164 1377 3363 1443 erista
3420 1383 3487 1442 et
3531 1378 3735 1443 animi
3786 1397 3920 1444 non
3963 1386 4221 1446 tantum

2269 1459 2559 1543 depressi
2602 1459 2717 1525 sed
2771 1482 2977 1544 paene
3027 1462 3161 1527 iam
3221 1463 3478 1529 contusi
3533 1463 3863 1542 videntur,
3905 1465 4222 1550 floretque

2266 1546 2397 1612 Dei
2440 1547 2658 1631 gratia
2696 1556 2922 1614 noster
2962 1546 3071 1613 hie
3114 1555 3338 1615 eoetus
3370 1555 3449 1614 ut
3489 1556 3702 1614 antea.
3751 1548 3958 1617 Faxit
4000 1559 4223 1618 autem

2265 1632 2469 1711 Deus,
2527 1639 2604 1697 ut
2660 1633 2800 1698 eius
2854 1632 3320 1700 beneficiorum
3379 1655 3702 1702 memores
3764 1644 4081 1721 perpetuo
4123 1637 4223 1703 illi

2268 1717 2516 1803 gratias
2571 1719 2970 1785 immortales
3023 1720 3095 1785 in
3141 1719 3427 1785 Domino
3479 1728 3704 1787 nostro
3758 1722 3911 1789 Iesu
3956 1721 4223 1791 Christo

2268 1824 2563 1889 agamus,
2585 1813 2779 1889 atque
2800 1805 2868 1870 in
2912 1805 3051 1872 dies
3070 1807 3284 1890 magis
3304 1805 3643 1891 magisque
3664 1809 4133 1875 eonfirmemnr
4152 1810 4224 1875 in

2267 1891 2407 1956 eius
2429 1900 2628 1970 metu,
2675 1897 2741 1955 et
2761 1890 2985 1956 eadem
3029 1898 3227 1976 atque
3250 1893 3447 1957 etiam
3493 1891 3743 1959 maiora
3782 1901 3850 1959 et
3891 1895 3964 1959 in
3997 1914 4119 1960 nos
4153 1903 4223 1961 et

2266 1976 2337 2040 in
2358 1996 2585 2042 omnes
2629 1975 2789 2041 alios
2824 1997 2977 2043 suas
2998 1977 3323 2058 eeclesias,
3358 1998 3525 2062 quae
3565 1988 3724 2044 sunt
3744 1977 4004 2065 ubique,
4049 1979 4224 2046 dona

2267 2061 2577 2141 conferat,
2635 2067 2830 2145 atque
2887 2071 2953 2128 te
3012 2064 3199 2130 nobis
3253 2064 3501 2147 totique
3545 2085 3703 2131 suae
3745 2064 4056 2132 ecelesiae
4089 2087 4222 2132 ser-

2268 2155 2379 2211 vet
2441 2146 2553 2212 diu
2617 2149 3037 2231 superstitem
3102 2156 3168 2215 et
3228 2149 3639 2217 ineolumem.
3748 2150 3909 2218 Vale
3971 2158 4040 2217 et
4100 2173 4220 2218 nos

2268 2253 2527 2316 semper
2583 2253 2748 2299 ama.
2846 2235 3012 2300 'Pota
3066 2242 3132 2300 te
3185 2235 3459 2302 eoelesia
3500 2245 3747 2314 nostra,
3790 2237 4219 2320 inprimisque

2268 2326 2536 2385 senatus
2569 2326 2792 2385 noster
2824 2319 3300 2388 ecclesiasticus
3329 2322 3591 2402 salutat,
3634 2323 3741 2389 vir
3774 2324 4035 2407 optime.
4082 2323 4219 2390 Ite-

2268 2425 2417 2471 rum
2463 2405 2627 2470 vale.
2717 2404 3043 2473 Omnibus
3083 2408 3393 2473 fratribus
3437 2408 3733 2475 salutem.

2441 2491 2691 2558 Datum
2736 2491 2993 2558 Genabi
3034 2491 3118 2559 ad
3160 2492 3477 2579 Ligerim.

3174 2630 3305 2696 Tui
3346 2637 3414 2697 et
3446 2651 3532 2697 ex
3574 2631 3793 2697 animo
3835 2651 3993 2697 vere
4035 2633 4136 2699 tui

3322 2715 3653 2785 Danaeus.
3718 2716 4011 2786 Valleus.

3154 3229 3355 3303 3844.

2884 3383 3129 3451 BEZA
3174 3382 3606 3451 GALVINO.

2448 3555 2758 3623 Genevam
2803 3559 3017 3638 petens
3069 3557 3202 3623 iam
3241 3555 3578 3623 Basileam
3618 3557 3910 3639 pervenit
3948 3556 4057 3623 ubi
4096 3575 4221 3622 non

2268 3643 2442 3709 ultra
2483 3643 2853 3725 proximum
2913 3640 3201 3709 haerebit.
3280 3643 3369 3709 In
3427 3641 3650 3709 Gallia
3712 3662 3816 3709 res
3866 3644 3937 3710 in
3997 3641 4221 3709 melius

2260 3730 2753 3814 promediuntur
2792 3733 2848 3794 et
2890 3730 3352 3812 appropinquat
3392 3728 3744 3812 redemptio.

2266 3900 2380 3970 (Ex
2436 3900 2773 3971 autographo
2817 3899 2949 3955 Ood.
2992 3899 3194 4039 θῗιροέ.
3218 3898 3497 4040 pil'llbssfgl.
3532 3897 3616 3952 98.
3704 3896 3892 3953 Edidit
3924 3896 4095 3953 Baum
4145 3897 4217 3952 Π.

2441 4139 2708 4207 Eximio
2751 4138 3001 4207 Christi
3035 4161 3241 4220 servo,
3283 4141 3369 4206 D.
3405 4139 3641 4205 Ioanni
3676 4137 3972 4218 Calvino,
4018 4136 4220 4204 eoele-

2269 4227 2406 4294 siae
2449 4226 2861 4293 Genevensis
2892 4248 3048 4293 vere
3088 4226 3218 4292 fido
3252 4226 3499 4311 pastori
3549 4233 3617 4293 et
3656 4224 3832 4309 patri
3873 4223 4040 4288 mihi
4071 4223 4220 4307 plu-

2268 4314 2513 4379 rimum
2555 4311 2974 4379 observando.
3712 4395 4047 4464 Genevoe·

2438 4569 2510 4638 S.
2565 4569 2757 4652 Quae
2812 4590 2921 4635 me
2975 4588 3172 4636 eausa
3224 4567 3334 4633 hie
3385 4568 3747 4648 retinuerit,
3804 4568 3914 4634 vel
3968 4588 4055 4634 ex
4110 4565 4224 4636 Ve-

2264 4658 2437 4724 raeio
2462 4662 2512 4737 ¹)
2578 4669 2804 4723 nostro
2882 4674 3233 4740 eognosoes
3293 4654 3409 4738 qui
3464 4653 3608 4720 heri
3657 4652 4059 4720 Neoeomum
4124 4661 4225 4720 est

2264 4744 2594 4827 profectus
2650 4748 2717 4807 et
2768 4739 2924 4807 inde
2974 4747 3153 4808 reeta
3198 4738 3283 4805 ad
3323 4761 3443 4809 vos
3485 4740 3733 4808 veniet:
3767 4739 3877 4808 vel
3916 4739 4059 4822 ipse
4100 4738 4223 4806 tibi

2266 4849 2488 4895 eoram
2529 4825 2948 4911 explicabo&
3023 4825 3190 4894 Oras
3233 4827 3411 4893 enim
3452 4827 3843 4911 profieisear.
3928 4824 4222 4892 Uxorem

2469 4997 2531 5067 3)
2562 4999 2716 5055 Haec
2760 4997 2900 5054 alibi
2930 5014 3043 5054 non
3077 5003 3486 5054 mmmm-ata
3519 5002 3649 5053 ante
3693 4997 3985 5054 advenum
4017 4992 4220 5064 Anote-

2264 5084 2389 5123 rum
2420 5069 2660 5123 evenisse
2690 5066 2964 5123 videniur.

2266 5138 2461 5192 3844.
2482 5136 2538 5203 1)
2574 5135 2841 5191 Budaeus
2875 5151 3002 5207 erqo
3033 5135 3212 5192 redux
3245 5141 3367 5191 erat
3397 5151 3466 5191 ιε
3505 5135 3807 5191 Germania
3839 5136 3934 5190 ubi
3966 5133 4035 5188 de
4062 5146 4219 5201 pecu·

2265 5209 2366 5262 nia
2396 5213 2647 5262 mum
2680 5206 2799 5262 aeen’
2848 5206 3004 5262 'enda
3035 5209 3218 5274 equ-at
3248 5204 3349 5274 (N.
3382 5203 3563 5273 3837).

2472 5276 2530 5341 2)
2569 5274 2761 5332 Pridie
2858 5290 2999 5332 onae
3029 5274 3243 5332 tandem
3279 5274 3550 5331 Genevam
3585 5277 3747 5339 venit,
3783 5271 3878 5327 sed
3909 5284 4022 5326 non
4053 5268 4222 5324 multo

2265 5349 2392 5416 pont
2424 5343 2606 5401 dmuo
2638 5343 2832 5401 itineri
2865 5360 2923 5401 se
2954 5345 3209 5403 aeeinoeit.
3254 5343 3460 5414 (Bam
3496 5343 3566 5399 11.
3601 5340 3750 5408 662.)
