4850 6117
658 406 777 469 331

832 589 1056 673 Quum
1131 585 1568 671 superioribus
1633 585 1969 653 mensibus
2032 585 2469 656 reverendum
2530 586 2602 652 in

660 678 926 745 Christo
967 680 1310 759 parentem
1352 679 1650 740 nostrum
1687 670 1773 738 D.
1821 671 2230 739 Gulielmum
2275 671 2603 739 Farellum

661 759 1133 887 Studqgardiag.
1176 757 1258 824 de
1300 757 1653 859 improviso
1696 765 1764 824 et
1808 757 2070 842 quidem
2106 757 2604 859 decumbentem

658 841 2605 1013 sarram.02dmm÷⁶mmas03ffimaf¹⁰zs

657 1019 1014 1089 clarissime
1048 1025 1361 1102 paterque
1395 1036 1650 1084 summa
1669 1014 1832 1081 mihi
1867 1014 2281 1082 observantia
2313 1015 2603 1083 colende.

659 1107 887 1189 Quum
928 1111 1148 1170 autem
1191 1102 1304 1169 ille
1345 1102 1520 1167 inter
1558 1100 1684 1168 alia
1716 1101 1883 1167 mihi
1915 1101 2251 1168 retulisset
2285 1100 2606 1186 quomodo

658 1190 871 1259 nostri
913 1189 1129 1256 theolo
1178 1189 1193 1202 '
1236 1187 1576 1254 Lutetiam
1610 1186 1693 1253 ad
1727 1187 2122 1272 colloquium
2142 1188 2195 1269 ⁸)
2232 1186 2605 1255 accersendi

659 1284 899 1355 essent,
954 1296 1086 1342 non
1168 1295 1359 1341 evem
1412 1272 1563 1340 inde
1620 1272 1837 1339 animo
1893 1273 2074 1358 pacis
2117 1281 2185 1339 et
2225 1272 2607 1341 concordiae

659 1386 696 1431 s
742 1385 848 1431 em
891 1380 1333 1453 conceperam,
1400 1359 1534 1425 imo
1587 1380 1853 1443 prorsus
1908 1359 2075 1425 mihi
2124 1379 2606 1443 persuaseram,

730 1472 810 1516 us
885 1471 971 1515 ex
1033 1445 1283 1534 synodo
1344 1444 1463 1511 illa
1524 1465 1721 1529 quam
1785 1445 2087 1513 omnibus
2156 1446 2435 1512 antehac
2500 1445 2606 1513 vel

765 1536 1063 1620 tisponae
1096 1532 1205 1599 vel
1247 1531 1656 1597 Wormatiae
1690 1540 1757 1597 et
1798 1532 1957 1597 alibi
1989 1531 2234 1598 habitis
2271 1531 2608 1616 colloquiis

658 1622 817 1690 boni
871 1616 1318 1702 commodique
1375 1616 1457 1683 ad
1516 1638 1636 1684 nos
1680 1616 2063 1684 rediturum.
2148 1616 2404 1685 Verum
2447 1615 2607 1702 quid

659 1708 753 1774 ibi
812 1713 1032 1773 actum
1089 1704 1175 1769 sit
1232 1703 1546 1770 hactenus
1602 1704 1938 1787 percipere
1990 1724 2120 1770 non
2164 1703 2370 1787 potui.
2457 1701 2607 1769 Nisi

660 1791 834 1879 quod
874 1813 1084 1875 nuper
1125 1812 1210 1856 ex
1264 1788 1470 1855 literis
1513 1789 1598 1855 D.
1647 1787 1825 1855 Pam·
1868 1788 2183 1873 Martyris
2223 1788 2307 1856 ad
2347 1788 2607 1856 Bullin-

700 1898 875 1946 orum
915 1883 1214 1944 nostrum
1261 1875 1430 1941 datis
1472 1873 1788 1956 intellexi,
1837 1876 2251 1943 Sorbonistas
2294 1896 2445 1942 cum
2488 1896 2607 1941 suo

657 1902 1068 2047 {dhar-im
1129 1959 1444 2027 cardinali
1487 1960 1754 2029 Lutheri
1796 1973 1993 2046 atque
2035 1959 2290 2028 Brenni
2330 1959 2606 2029 consub-

657 2048 1155 2118 stantiationem
1219 2044 1576 2113 admisisse.
1677 2046 1866 2129 Quae
1920 2054 2142 2114 tamen
2198 2068 2435 2132 parum
2492 2054 2609 2112 aut

656 2143 835 2204 certe
897 2135 1168 2202 omnino
1212 2132 1383 2198 nihil
1425 2153 1464 2197 a
1504 2135 1910 2232 papistarum
1953 2133 2067 2198 illo
2110 2133 2606 2200 transsubstan-

657 2221 951 2289 tiationis
992 2231 1292 2303 portento
1335 2216 1729 2286 discriminis
1763 2219 2006 2287 habere
2045 2218 2322 2287 videtur.
2396 2218 2610 2285 Aiunt

704 2307 929 2374 uidem
985 2325 1222 2390 panem
1279 2303 1494 2388 quoad
1551 2306 1982 2371 substantiam
2027 2325 2214 2380 suam
2258 2305 2332 2370 in
2372 2325 2609 2390 corpus

653 2330 914 2462 Christi
990 2411 1128 2457 non
1206 2390 1499 2457 converti
1568 2403 1681 2457 aut
1742 2392 2002 2470 mutari,
2080 2411 2320 2458 verum
2383 2391 2609 2458 statim

660 2476 932 2565 quidam
986 2474 1067 2541 ad
1125 2476 1462 2560 ingenium
1516 2483 1918 2542 revertentes
1969 2477 2142 2561 qnod
2186 2476 2381 2544 modo
2423 2476 2608 2543 dixe-

660 2571 816 2631 rant
854 2566 1025 2630 facto
1069 2572 1137 2628 et
1176 2583 1213 2627 o
1333 2580 1371 2627 e
1414 2582 1658 2645 negare
1698 2562 2041 2647 incipiunt,
2097 2562 2457 2630 clamantes
2500 2583 2609 2648 pa—

661 2669 818 2718 nem
871 2648 1063 2715 illum
1122 2669 1168 2713 v
1285 2647 1458 2714 reale
1511 2646 1759 2714 Christi
1813 2668 2050 2733 corpus
2107 2670 2268 2729 esse,
2334 2649 2443 2716 vel
2487 2649 2610 2716 hoc

658 2737 876 2822 ipsum
922 2733 1160 2819 ubique
1205 2745 1531 2800 terrarum
1572 2754 1880 2816 praesens
1923 2732 2151 2802 adesse
2184 2735 2350 2802 citra
2382 2742 2609 2801 tamen

660 2842 924 2891 omnem
978 2821 1422 2887 membrorum
1480 2822 1921 2894 extensionem
1980 2829 2104 2888 etc.
2186 2817 2266 2887 Si
2306 2820 2434 2888 hoe
2475 2842 2609 2887 non

660 2915 764 2977 est
805 2907 1156 2975 Martionis
1197 2913 1314 2972 aut
1355 2905 1494 2972 Eut
1539 2906 1681 2972 chis
1736 2906 2043 2973 haereses
2085 2927 2410 2986 revocare,
2454 2928 2606 2974 nes-

661 2996 763 3062 cio
807 3002 984 3061 certe
1037 2991 1195 3076 quid
1251 3012 1362 3059 eas
1507 2990 1783 3076 probare
1825 3002 2040 3076 queat.
2128 2991 2384 3077 Corpus
2426 2993 2608 3059 enim

662 3079 917 3148 Christi
955 3076 1179 3144 eodem
1213 3086 1544 3144 momento
1576 3080 1648 3143 in
1680 3079 1943 3144 infinita
1975 3079 2118 3146 loca
2151 3078 2517 3145 distrahere
2542 3087 2609 3144 et

661 3164 904 3250 ubique
925 3184 1235 3247 praesens
1268 3163 1501 3242 facere,
1537 3163 1693 3248 quid
1727 3163 1908 3231 aliud
1940 3175 2043 3231 est
2063 3186 2260 3250 quam
2292 3162 2364 3230 id
2387 3165 2608 3250 ipsum

662 3259 779 3318 aut
832 3251 1063 3318 deitati
1113 3270 1232 3332 per
1284 3251 1502 3316 omnia
1555 3251 1768 3319 simile
1825 3256 2112 3317 statuere
2167 3262 2284 3317 aut
2335 3270 2607 3335 prorsus

662 3336 1005 3403 exinanire
1047 3342 1117 3401 et
1156 3336 1447 3401 humana
1478 3337 1845 3404 substantia
1886 3357 2007 3403 sua
2047 3337 2311 3420 privare
2324 3336 2357 3402 Ῥ

836 3420 1064 3503 Quum
1098 3441 1311 3503 nuper
1332 3420 1565 3488 Ulmae
1600 3443 1812 3489 essem
1832 3422 2026 3488 multi
2057 3443 2215 3488 sane
2236 3422 2498 3489 honesti
2533 3440 2610 3487 ac

660 3508 756 3593 pii
780 3508 912 3574 viri
934 3506 1015 3573 de
1046 3507 1327 3590 pastoris
1358 3507 1462 3572 sni
1480 3505 1567 3573 D.
1593 3508 1917 3575 Ludovici
1940 3507 2112 3574 Baba·
2130 3513 2187 3584 ⁴)
2211 3508 2610 3576 truculentia

660 3592 1246 3677 conquerebantur,
1337 3592 1468 3657 uod
1513 3592 1615 3660 vel
1657 3594 1800 3677 ipso
1842 3593 1986 3660 Deo
2023 3593 2234 3660 invito
2267 3591 2610 3661 Christum

662 3701 749 3746 ex
791 3679 998 3762 patris
1037 3677 1273 3744 dextra
1293 3612 1649 3745 ‘ileu-ahere
1687 3679 1990 3746 omnibus
2025 3677 2163 3745 fere
2194 3680 2613 3747 concionibus

663 3767 1007 3842 niteretur,
1054 3784 1214 3847 quas
1258 3771 1483 3829 tamen
1524 3763 1738 3831 nullas
1781 3763 2055 3832 haberet
2094 3765 2168 3831 in
2204 3765 2440 3849 quibus
2475 3787 2610 3832 non

664 3850 1066 3952 Cinglianos‚
1127 3869 1288 3933 quos
1343 3857 1602 3928 vocant,
1664 3850 1879 3933 palam
1922 3849 2269 3917 damnaret
2310 3861 2376 3919 et
2417 3860 2610 3938 petu-

661 3937 828 4003 lanti
867 3935 1095 4021 lingua
1150 3955 1270 4001 sua
1312 3932 1612 4002 Vulcano
1676 3934 2145 4003 comburendos
2189 3936 2608 4017 adiudicaret,

661 4022 839 4090 unde
917 4022 1061 4105 piae
1118 4031 1370 4087 mentes
1419 4022 1710 4106 graviter
1761 4023 2047 4089 offensae
2097 4044 2215 4107 per
2267 4024 2613 4107 quadrien-

661 4110 849 4175 nium
915 4121 1028 4174 aut
1093 4106 1338 4173 diutius
1402 4119 1471 4173 et
1534 4109 1874 4175 conciones
1929 4130 2082 4176 suas
2138 4109 2486 4194 negligunt
2543 4116 2612 4175 et

663 4203 1144 4260 sacramentum
1189 4214 1428 4280 coenae
1472 4194 1551 4261 ab
1594 4195 1738 4278 ipso
1782 4195 2071 4277 accipere
2112 4202 2420 4262 recusant

833 4279 1151 4361 Princeps
1194 4291 1415 4345 noster
1457 4280 1898 4363 superioribus
1954 4278 2183 4347 diebus
2224 4282 2296 4346 in
2337 4280 2612 4365 oppidu-

662 4365 803 4430 lum
838 4386 970 4432 non
1005 4365 1232 4449 procul
1251 4367 1692 4449 Argentorato
1724 4364 1974 4432 distans
1995 4365 2253 4433 Zabern
2288 4366 2537 4433 dictum
2557 4369 2610 4446 ⁸)

665 4450 952 4516 advectis
994 4471 1217 4517 secum
1259 4449 1650 4534 quibusdam
1684 4450 2007 4536 theologis
2039 4450 2305 4518 Brentio
2341 4452 2610 4532 scilicet,

667 4537 751 4602 D.
798 4535 1030 4602 Iacobo
1074 4537 1369 4602 Andreae
1412 4545 1479 4601 et
1521 4536 1729 4605 aulico
1775 4559 1892 4604 suo
1935 4539 2403 4617 concionatore,
2461 4559 2610 4623 pro-

670 4730 773 4736 -20
826 4729 875 4735 -ὓ
914 4729 967 4735 .--
1020 4728 1071 4735 ...-

871 4841 929 4910 2)
967 4842 1122 4897 Haec
1154 4842 1275 4897 sola
1309 4850 1387 4898 est
1428 4850 1477 4899 et
1523 4845 1833 4901 mantica
1868 4846 2069 4902 ment-'o
2101 4846 2268 4901 huius
2312 4846 2527 4903 itineris
2561 4853 2614 4906 et

665 4912 842 4968 ''m'‘
870 4910 944 5041 ὅς’
969 4908 1321 5035 me
1371 4995 1428 5036 m
1484 4980 1719 5039 oaobrs.
2270 4957 2275 4964 ‘

870 5047 933 5118 4)
967 5021 1428 5118 Memminqevt’sia
1477 5067 1529 5105 a.
1572 5048 1702 5105 1556
1737 5053 2039 5108 ministerio
2072 5052 2149 5107 ad
2182 5069 2448 5109 saumana
2482 5060 2607 5111 tem-

658 5119 811 5188 plum
854 5117 1313 5185 Araentorateme
1362 5133 1418 5172 σε
1452 5118 1800 5177 minuerat
1849 5122 1985 5192 quia
2018 5121 2399 5190 noviantum
2432 5122 2610 5180 ninia

666 5186 1010 5256 &ud-dantia
1054 5185 1117 5240 in
1160 5186 1314 5242 vitiis
1358 5192 1411 5243 et
1458 5189 1735 5244 erroribus
1824 5189 2079 5245 uniendis
2129 5190 2217 5247 utu·
2264 5190 2605 5261 quaa-ebatur.

660 5252 1475 5394 (m{)z⁸}⁰⁶1v²²g÷3ff⁰⁶m’
1509 5252 1637 5324 Bes.
1670 5259 1732 5313 in
1776 5205 1909 5314 gem.
1944 5257 2097 5328 419.)

2157 395 2682 466 EPISTOLAE
2727 397 3153 465 37394-3740

4503 400 4603 463 332

2703 587 2916 654 fectus
2959 584 3440 672 lotharingiam
3481 584 3881 654 cardinalem
3937 592 4005 652 et
4047 582 4208 652 alios
4248 582 4338 650 ibi
4378 604 4613 670 exspec-

2702 671 2893 751 tavit,
2981 672 3215 756 quibus
3290 671 3488 738 etiam
3565 691 3792 757 regem
3859 670 4199 738 Novar-rae
4271 668 4614 738 interfuisse

2703 757 3069 843 perhibent.
3096 756 3150 844 ⁸)
3258 754 3440 838 Quid
3517 758 3790 843 egerint,
3880 763 3998 825 aut
4079 776 4281 840 quare
4345 756 4618 842 princeps

2703 853 2929 912 noster
2969 863 3194 910 secum
3236 843 3348 909 illo
3392 864 3544 911 suos
3577 843 3726 910 illos
3759 843 4099 929 theologos
4135 840 4492 921 adduxerit,
4531 863 4619 908 me

2703 950 2975 1016 prorsus
3031 929 3220 996 latet..
3289 926 3579 1010 Quidam
3643 928 3870 997 dixere
3914 927 4396 1013 Lotharinqim
4454 925 4619 994 illum

2704 1036 2783 1083 eo
2838 1015 3095 1083 venisse
3149 1022 3230 1081 ut
3268 1035 3489 1083 coram
3533 1013 3797 1082 Brentio
3838 1014 4258 1081 confessionis
4300 1034 4457 1080 suae
4495 1034 4622 1080 sen-

2706 1102 2983 1168 tentiam
3042 1101 3260 1168 dicere
3314 1109 3382 1167 et
3423 1101 3618 1168 fateri
3662 1100 3882 1185 possit.
3967 1100 4198 1167 Utitur
4239 1098 4496 1184 quidem
4532 1099 4625 1166 hic

2706 1187 3115 1273 argumentis
3158 1188 3400 1254 rationi
3458 1195 3524 1254 et
3567 1186 3897 1254 humanae
3938 1186 4297 1270 sapientiae
4338 1183 4625 1271 plausibi-

2705 1272 2899 1352 libus,
2978 1272 3169 1339 sieuti
3212 1273 3283 1338 in
3325 1272 3545 1340 libello
3588 1280 3818 1340 contra
3858 1272 4293 1372 Bullinqenm
4336 1269 4625 1355 scripto⁷)

2706 1356 2933 1426 videre
2972 1358 3155 1426 licet:
3222 1380 3459 1426 verum
3503 1359 3616 1427 ubi
3659 1357 3741 1425 ad
3783 1358 4039 1446 lydium
4082 1357 4270 1424 illum
4315 1374 4627 1425 sacrarum

2705 1444 3048 1512 literarum
3100 1443 3385 1529 lapidem
3440 1446 3829 1526 referantur,
3886 1445 4098 1532 magis
4147 1449 4325 1511 certe
4370 1441 4628 1527 philoso-

2706 1531 2905 1616 phica
2947 1552 3146 1615 quam
3190 1530 3557 1617 theologica
3598 1531 4034 1615 reperiuntur.

2880 1616 3222 1703 Scripsisti
3236 1615 3297 1718 Β)
3352 1630 3578 1684 contra
3633 1617 3991 1684 nebulones
4046 1617 4210 1684 istos
4266 1614 4630 1682 Haehmm

2709 1711 2777 1770 et
2822 1703 3083 1771 Gallum
3125 1703 3672 1788 Ratisponensem
3714 1702 4031 1784 libellum,
4093 1702 4280 1771 cuius
4335 1700 4631 1768 hactenus

2713 1788 3135 1856 librariorum
3178 1796 3556 1856 nostrorum
3601 1789 4001 1874 negligentia
4059 1810 4181 1856 nec
4224 1786 4492 1855 videndi
4527 1806 4632 1852 nec

2707 1875 2971 1961 legendi
3014 1874 3176 1941 mihi
3217 1876 3402 1960 eopia
3445 1875 3597 1941 data
3639 1884 3756 1942 est.
3830 1874 4059 1960 Ipsum
4092 1894 4251 1942 sane
4293 1874 4512 1958 legere
4549 1879 4631 1936 at-

2708 1982 2835 2046 que
2875 1961 3168 2046 relegere
3210 1982 3294 2028 ex
3339 1962 3559 2029 animo
3602 1962 3811 2047 cupio.

2881 2046 3222 2132 Superiori
3299 2068 3475 2114 anno
3551 2047 3635 2113 ad
3711 2047 3797 2113 D.
3872 2045 4219 2114 Nicolaum
4290 2043 4633 2112 &ananim

2710 2141 3010 2200 nostrum
3072 2132 3297 2200 literas
3353 2130 3522 2213 dedi,
3539 2138 3598 2214 ⁹)
3662 2133 4013 2200 arbitratus
4069 2132 4386 2198 nimirum
4441 2131 4633 2216 ipsum

2712 2218 2930 2287 adhue
2964 2219 3302 2287 vobiscum
3325 2219 3640 2287 Genevae
3676 2220 4092 2287 commorari:
4132 2218 4250 2284 sed
4284 2239 4371 2284 ex
4407 2214 4633 2284 Fareao

2708 2306 2968 2390 percepi
3025 2307 3097 2371 in
3154 2304 3460 2389 Angliam
3526 2326 3676 2372 eum
3720 2305 4085 2390 profectum
4126 2309 4326 2388 atque
4369 2300 4632 2370 Londini

2710 2411 3048 2459 sacrarum
3105 2392 3542 2476 professorem
3595 2411 3808 2477 agere.
3896 2388 4182 2457 Proinde
4223 2410 4390 2456 num
4430 2388 4632 2455 literae

2708 2477 2861 2544 illae
2924 2498 3043 2561 per
3096 2485 3163 2543 te
3218 2479 3289 2543 in
3344 2477 3645 2562 Angliam
3690 2497 3895 2561 usque
3936 2476 4363 2543 transmissae
4404 2475 4630 2558 ipsique

2710 2563 2965 2631 oblatae
3022 2563 3160 2630 sint
3212 2564 3461 2648 ignoro.
3544 2562 3864 2629 Libenter
3919 2562 4081 2629 alias
4135 2562 4270 2627 iam
4327 2560 4460 2627 illis
4499 2560 4632 2627 sub·

2712 2652 3073 2735 iungerem,
3117 2670 3349 2716 verum
3394 2648 3652 2715 nullum
3693 2648 4066 2715 mortalium
4111 2648 4181 2713 in
4226 2647 4410 2714 hisce
4451 2646 4631 2731 regio-

2711 2735 2911 2802 nibus
2954 2736 3132 2814 novi,
3202 2736 3317 2820 qui
3358 2733 3515 2800 illuc
3558 2756 3700 2802 sese
3742 2735 4047 2802 conferat.
4133 2733 4267 2801 Ubi
4314 2752 4475 2801 vero
4513 2752 4631 2798 cer-

2710 2822 2839 2887 tior
2879 2819 3172 2888 redditus
3213 2821 3414 2900 fuero,
3459 2842 3570 2886 eas
3613 2842 3730 2904 per
3773 2828 3840 2887 te
3882 2827 3997 2887 aut
4037 2818 4323 2905 collegas
4366 2826 4509 2886 tuas
4537 2815 4632 2882 iuo

2710 2907 2986 2990 perferri
3030 2927 3237 2989 posse,
3280 2926 3622 2990 nunquam
3666 2905 3992 2973 scribendi
4036 2907 4300 2989 verique
4334 2904 4525 2971 amici
4553 2901 4632 2968 os-

2710 2993 2933 3060 fieium
2974 2994 3426 3059 intermittam.
3514 2991 3711 3075 Quod
3751 3001 3829 3059 ut
3870 3000 4064 3059 nacta
4104 2990 4272 3058 forte
4315 2989 4404 3057 ad
4443 2989 4636 3073 ipsum

2710 3076 3038 3146 scribendi
3090 3076 3549 3145 commoditate
3601 3078 3702 3144 illi
3755 3078 4099 3164 significes,
4163 3078 4412 3143 iterum
4467 3084 4637 3159 atque

2708 3167 2950 3231 iterum
2987 3184 3121 3231 oro.

2883 3248 3209 3317 Bavariae
3250 3247 3386 3316 dux
3408 3253 3493 3328 ¹⁰)
3535 3270 3655 3334 pro
3718 3270 3899 3316 more
3942 3270 4060 3317 suo
4113 3249 4359 3316 iterum
4406 3244 4638 3315 Christi

2712 3336 3010 3403 membra
3084 3335 3159 3401 in
3237 3356 3357 3402 sua
3432 3336 3702 3420 regione
3778 3356 3988 3419 nuper
4063 3334 4366 3419 persequi
4432 3331 4639 3430 coepit:

2707 3421 2905 3490 Unde
2946 3422 3196 3490 factum
3241 3431 3315 3488 ut
3357 3421 3799 3507 Straubingae
3841 3419 4148 3489 undecim
4190 3420 4499 3487 senatorii
4532 3417 4639 3485 vin

2708 3508 3087 3576 artolatriae
3146 3519 3370 3592 aperte
3426 3528 3572 3574 sese
3626 3508 4074 3592 opposuerint,
4129 3515 4197 3572 et
4238 3504 4504 3591 quidvis
4540 3522 4638 3588 po-

2707 3595 2845 3662 tius
2994 3615 3105 3661 ere
3169 3613 3363 3677 quam
3419 3596 3830 3678 impanatum
3887 3593 4085 3660 deum
4135 3592 4324 3660 illum
4379 3592 4641 3660 eircum-

2709 3679 3750 3848 {fflsffiffifflm
3776 3677 4077 3849 aaa
4114 3676 4640 3831 mam>

2710 3860 2993 3937 gentem,
3037 3872 3216 3918 nunc
3257 3871 3413 3919 vero
3454 3851 3634 3936 apud
3665 3872 3786 3918 nos
3821 3872 3902 3918 ev
4033 3850 4235 3917 elium
4254 3848 4509 3916 Christi
4540 3844 4637 3912 do-

2710 3947 2985 4013 centem,
3060 3936 3284 4003 literas
3348 3935 3603 4017 dedere,
3681 3936 3916 4021 quibus
3978 3958 4019 4003 o
4062 3935 4217 4001 nixe
4279 3942 4519 4021 rogant
4573 3939 4639 3996 ut

2709 4023 2874 4107 ipsis
2927 4024 3000 4088 in
3055 4023 3498 4089 controversia
3548 4021 3669 4089 illa
3718 4022 4058 4090 consulere
4121 4021 4450 4107 dignetur.
4531 4015 4639 4084 me

2711 4130 2868 4176 vero
2910 4108 3235 4174 novitium
3274 4129 3347 4175 se
3402 4129 3546 4176 esse
3609 4107 3960 4192 perhibens
4002 4129 4108 4174 me
4148 4109 4423 4173 fratrem
4464 4123 4640 4173 sunm

2710 4193 3093 4274 obsecravit,
3159 4202 3234 4260 ut
3289 4195 3363 4259 in
3415 4215 3616 4262 causa
3655 4194 3771 4261 illa
3811 4215 4085 4260 munere
4125 4215 4245 4261 suo
4287 4192 4478 4280 fungi
4521 4209 4640 4256 nou

2710 4301 3044 4365 gravarer.
3134 4277 3328 4361 Quod
3380 4277 3642 4364 quidem
3696 4301 3840 4365 ego,
3904 4278 4250 4346 infantiam
4292 4299 4507 4345 meam
4544 4296 4640 4361 ag-

2711 4386 3018 4519 ”nf'nioemm
3052 4365 3665 4521 mmfflwsst.
3697 4365 3866 4519 ἐξ
3906 4361 4639 4535 ⁹⁰3⁰..3tu202333ffl

2709 4557 2926 4605 meam
2969 4537 3317 4617 declaravi,
3363 4559 3446 4604 ne
3486 4547 3709 4605 tamen
3752 4559 3826 4605 so
3849 4559 3931 4604 us
3965 4537 4062 4603 ita
4094 4537 4340 4604 sentire
4375 4534 4637 4606 viderer.

3072 5069 3145 5107 on
3176 5057 3413 5109 auant.
3479 5051 3649 5119 Infra
3681 5050 3748 5109 N.
3779 5049 3921 5106 3744
3951 5052 4094 5107 alias
4129 5051 4281 5120 leoca-

2882 5120 2978 5257 ff)
3007 5121 3451 5257 &wei-elicta
3479 5189 3816 5260 mapalium
3838 5191 4092 5271 amplexa
4116 5187 4320 5245 dicitur
4337 5186 4413 5244 ad
4428 5181 4634 5265 4156}

2799 5344 2936 5400 9⁰⁶⁸
3024 5258 3336 5385 ΕένσῙῦὸιέὲ.
3369 5258 3475 5383 gb
3497 5255 3628 5382 2ῗῶ
3692 5256 3961 5328 Medma,
4004 5256 4190 5315 Gescb.
4240 5256 4293 5313 d.
4347 5272 4420 5314 ev.
4462 5253 4530 5309 K.
4575 5267 4631 5307 tn

2915 4914 2950 4968 ⁷
3005 4846 3568 4970 {8¹⁸3'52‘35'3‘3'w'·

2913 4845 2978 5188 g}
3075 4953 3528 5039 ‘.1x'.45⁷'u.
