4850 6117
304 412 431 474 129

302 597 471 662 sime
513 604 582 662 et
636 596 840 662 frater
896 595 1091 681 longe
1146 595 1494 664 carissime.
1562 595 1876 664 Salutant
1927 603 1993 664 te
2050 604 2247 681 atque

301 681 779 834 3211οῇ01111ὲῖ
815 701 1042 832 ‹ligigiles
1084 701 1310 748 omnes
1344 683 1475 748 mei
1517 693 1940 770 symmystae.
2021 683 2249 769 Tiguri

1497 904 1584 970 H.
1632 905 2076 992 Bullingerus.

1185 1450 1384 1523 3⁰23.

412 1605 544 1672 LA
602 1605 892 1674 ann
951 1608 1079 1674 DE
1136 1607 1588 1674 NAvARRn
1647 1606 1775 1673 Au
1831 1589 2135 1674 SENA'P

992 1710 1120 1777 DE
1165 1694 1569 1777 enNnvn.

462 1880 630 1947 Eae
659 1881 809 1964 pris
847 1885 1029 1963 qu’on
1072 1881 1168 1947 lui
1202 1880 1395 1947 luisse
1433 1880 1746 1948 Theodora
1778 1882 1854 1948 de
1885 1879 2056 1947 Bene
2086 1900 2255 1963 pour

299 1964 600 2049 βάψας
640 1967 815 2033 mois.
840 1971 890 2044 ¹)

299 2101 603 2205 (Archino
667 2137 737 2191 de
805 2135 1042 2192 Geneve.
1147 2135 1335 2191 Pi'eces
1394 2137 1723 2208 historiques
1792 2139 2043 2193 fasciculo
2101 2135 2252 2192 1713.

891 2204 1265 2275 Souscription
1300 2207 1679 2277 autographo.)

302 2378 373 2444 A
420 2377 849 2462 magnifiques
891 2375 1251 2462 Seigneurs
1300 2379 1395 2444 les
1439 2378 1848 2462 scindicques
1883 2385 1950 2443 et
1991 2375 2255 2443 Conseil

845 2460 925 2529 de
967 2463 1034 2529 18
1068 2461 1230 2530 'ville
1275 2463 1355 2530 de
1399 2462 1718 2532 Genefve.

482 2634 920 2718 Magnifiques
984 2633 1343 2719 Seigneurs
1408 2655 1576 2702 nous
1647 2657 1925 2702 sommes
2001 2636 2254 2702 resolue

302 2727 377 2785 et
420 2716 681 2786 advisee
723 2721 974 2785 retenir
1015 2741 1180 2804 pour
1222 2722 1382 2787 trois
1423 2742 1507 2787 ou
1544 2731 1775 2806 quatre
1815 2720 1983 2787 mois
2018 2743 2103 2787 au
2150 2740 2255 2788 res

303 2804 394 2871 de
437 2826 604 2871 nous
646 2805 989 2873 venerable
1033 2827 1353 2889 personne
1395 2806 1522 2873 ΜΓ.
1569 2805 1906 2874 Theodore
1949 2808 2025 2875 de
2133 2828 2252 2886 eze,

301 2899 619 2974 esperant
651 2912 775 2974 que
820 2891 918 2957 les
953 2893 1282 2959 occasions
1327 2914 1396 2958 se
1436 2900 1891 2977 presenteront
1910 2898 1965 2974 ²)
2011 2891 2255 2959 durant

301 2996 383 3042 ce
436 2981 649 3061 temps
702 2997 828 3061 que
886 2978 1059 3044 Dien
1115 2998 1184 3044 se
1235 2999 1478 3062 pourra
1525 2981 1734 3046 servir
1786 2979 1867 3046 de
1924 2978 2042 3062 luy
2085 2997 2254 3062 pour

301 3060 378 3127 la
432 3063 586 3145 paix
642 3061 724 3128 de
781 3061 901 3128 son
955 3064 1156 3148 eglise
1210 3076 1276 3130 et
1332 3064 1396 3131 le
1454 3064 1604 3132 bien
1645 3065 1726 3131 de
1767 3064 1833 3130 18
1874 3064 2255 3148 republique

302 3146 740 3215 chrestienne.
843 3148 1032 3216 Vous
1089 3159 1333 3235 pryant
1396 3172 1561 3235 pour
1612 3172 1765 3217 une.
1798 3152 1851 3216 si
1917 3151 2134 3217 bonne
2189 3156 2258 3215 et

302 3236 675 3300 necessaire
754 3255 945 3301 cause
1008 3235 1267 3302 vouloir
1332 3256 1604 3303 excuser
1667 3236 1729 3302 le
1794 3236 2083 3302 desfault
2145 3235 2257 3319 qui

305 3338 476 3384 vous
519 3319 704 3403 peult
744 3319 883 3387 fere
925 3342 1045 3404 par
1088 3342 1209 3387 son
1245 3322 1520 3390 absence
1554 3331 1620 3388 et
1653 3322 1944 3406 preferer
1976 3321 2254 3387 l'utillite

301 3423 661 3471 commune
716 3414 780 3470 et
834 3406 1225 3473 universelle
1282 3429 1322 3474 a
1380 3407 1446 3474 la
1495 3416 1718 3474 vostre
1771 3407 2048 3492 laquelle
2090 3428 2257 3491 pour

301 3489 451 3557 cela
484 3512 654 3556 nous
688 3492 1009 3558 nenvions
1042 3494 1280 3576 poinct.
1345 3494 1516 3559 Aius
1550 3495 1772 3578 prions
1808 3503 2028 3560 nostre
2062 3493 2256 3572 Dieu‚

298 3576 745 3660 magnifiques
799 3575 1175 3662 Seigneurs,
1242 3580 1307 3645 18
1359 3601 1525 3646 vous
1581 3600 1930 3646 conserver
1987 3589 2054 3644 et
2094 3598 2259 3645 vous

300 3663 485 3726 tenir
549 3682 634 3727 en
700 3684 774 3728 sa
827 3665 1189 3747 protection
1255 3676 1324 3730 et
1379 3664 1804 3749 sauvegarde.
1891 3665 2157 3747 Escript
2220 3684 2261 3728 8

300 3745 438 3897 ῗὲθ
461 3747 781 3814 Germain
837 3770 920 3814 en
974 3750 1158 3817 Laie.
1246 3752 1347 3817 Le
1405 3773 1538 3817 xxv
1571 3753 1725 3836 jour
1768 3751 1847 3818 de
1889 3751 2259 3818 Novembre

1353 3975 1457 4040 La
1499 3993 1707 4059 royne
1750 3972 1830 4039 de
1873 3973 2172 4040 Navarre

1624 4059 1946 4127 Jehanne.

298 4278 501 4334 8628.
523 4280 552 4332 1
624 4280 708 4345 Of.
742 4280 804 4334 N.
841 4280 1004 4336 3619.
1040 4281 1196 4335 3621.

614 4348 869 4418 Lamud
903 4350 957 4406 ἀ.
1004 4350 1057 4405 ἀ.
1092 4350 1177 4404 26.
1219 4350 1332 4406 Oct.
1370 4352 1422 4405 d.
1460 4349 1589 4405 158:
1658 4350 1875 4404 Dictum
1911 4356 1995 4404 est
2029 4350 2163 4403 mihi
2198 4351 2256 4403 in

298 4417 437 4471 aula
469 4417 733 4487 Reginam
767 4434 831 4473 80
861 4420 1166 4473 Navarrum
1201 4421 1521 4490 permittere
1555 4425 1618 4473 ut
1651 4437 1685 4472 a
1718 4419 1922 4474 nostris
1956 4424 2255 4473 conventus

296 4485 463 4552 finnt,
506 4487 797 4542 dummodo
848 4504 958 4542 11011
1003 4490 1187 4558 plures
1234 4506 1397 4556 quam
1431 4488 1651 4542 ducenti
1685 4489 2011 4542 conveniant
2046 4494 2104 4541 et
2136 4488 2255 4541 siue

295 4554 497 4609 armis.
566 4555 687 4609 Hoc
729 4563 915 4611 tamen
962 4559 1201 4613 nondum
1246 4564 1331 4612 est
1364 4557 1722 4627 significatum
1757 4558 1984 4626 publice.
2054 4557 2254 4611 Admo-

291 4623 438 4677 dmu
486 4635 674 4679 nevere
714 4626 823 4679 iam
873 4626 963 4680 hic
1015 4632 1385 4697 exsequuntur
1438 4626 1675 4680 edictum
1726 4625 1795 4681 de
1838 4643 1938 4680 usu
1981 4641 2254 4680 armorum

288 4692 618 4759 haten-dicto,
671 4695 815 4763 quod
857 4701 991 4765 puto
1035 4697 1158 4750 ideo
1192 4697 1310 4751 fieri
1346 4701 1430 4748 ‘ut
1472 4695 1701 4764 populus
1744 4694 1955 4749 facilius
2013 4711 2255 4763 compos·

285 4765 465 4817 catur
498 4761 546 4814 81
581 4765 957 4830 tumultuetur,
991 4765 1206 4834 quando
1240 4768 1539 4819 conventus
1574 4764 1776 4832 publici
1812 4764 2188 4819 concedentur.

1088 5041 1497 5052 —————

508 5427 731 5485 00101111·
755 5444 939 5501 opera.
1016 5429 1135 5486 Vol.
1162 5427 1336 5484 XIX.

1997 413 2155 476 1561
2202 407 2606 476 NOVEMB.

4167 415 4289 479 130

3005 659 3010 666 .
3223 593 3421 666 8⁶24.

2962 747 3204 814 ΒΕΖΔ
3237 748 3669 818 GALVINO.

2529 919 2743 986 Novae
2794 939 3001 985 morae
3052 925 3111 984 et
3164 919 3643 1003 sollicitationes,
3690 927 3749 986 et
3794 922 4190 990 ecelesiarum
4231 927 4290 988 d

2344 1006 3518 1175 mmfflfffflm
3342 1007 4028 1159 mamm
4059 1007 4291 1176 ...5ss

2354 1200 2423 1245 rc
2465 1177 2824 1246 abeuntium
2856 1181 2911 1242 et
2930 1175 3248 1243 Balaam
3279 1179 3579 1244 acerrime
3609 1180 3803 1245 notati
3834 1179 4019 1245 rebus
4054 1179 4287 1246 scribit.

2514 1350 2850 1420 autographo
2893 1350 3019 1404 Ood.
3059 1351 3261 1405 Genev.
3309 1349 3427 1416 117,
3474 1351 3564 1405 fol.
3616 1349 3701 1405 48.
3754 1378 3813 1388 —
3862 1351 4082 1405 Habent
4125 1352 4293 1408 etiam

2474 1460 2486 1474 .
2521 1420 2721 1476 Genev.
2774 1416 2895 1485 119,
2939 1420 3029 1474 fol.
3075 1418 3172 1487 99;
3208 1417 3339 1474 eod.
3383 1421 3549 1473 Beru.
3597 1419 3739 1489 Epp.
3786 1419 3884 1474 VI.
3930 1418 4048 1487 967,
4094 1417 4292 1476 Simler

2467 1489 2592 1544 Vol.
2633 1487 2746 1543 102.
2782 1489 2967 1543 Baum.
3005 1487 3074 1541 11.
3107 1490 3248 1559 App.
3286 1486 3404 1544 133.
3473 1487 3763 1558 Inscriptio
3798 1487 4179 1556 desideratur.)

2530 1660 2600 1726 S.
2668 1661 2887 1726 Triste
2942 1657 3129 1738 iuud,
3169 1665 3218 1739 1)
3278 1658 3450 1743 quod
3496 1661 3847 1744 postremis
3900 1660 4033 1727 tuis
4086 1660 4297 1726 literis

2356 1747 2738 1831 significasti
2807 1755 2872 1812 te
2936 1746 3217 1812 ominari
3238 1797 3254 1825 ,
3318 1746 3452 1811 iam
3522 1745 3778 1829 pridem
3852 1766 3957 1811 me
4015 1753 4294 1829 torquet.

2356 1832 2601 1900 Restiti
2658 1846 2978 1916 quantum
3030 1831 3210 1916 potui
3259 1832 3429 1897 sicut
3468 1830 3652 1898 brevi
3707 1851 4071 1916 cognosces.
4160 1829 4299 1898 Sed

2354 1919 2622 1985 tandem
2664 1918 2831 1984 mihi
2888 1917 3258 1986 faciendum
3316 1916 3442 1982 fuit
3481 1916 3653 2000 quod
3698 1916 3910 1983 solent
3963 1917 4078 2001 qui
4116 1926 4297 1985 recto

2356 2026 2549 2072 cursu
2604 2025 2739 2070 non
2781 2011 3052 2088 possunt
3092 2005 3167 2068 in
3209 2009 3471 2085 portum
3513 2011 3878 2085 penetrare.
3965 2001 4297 2086 Hyemem

2355 2091 2509 2170 illis,
2557 2109 2677 2173 pro
2725 2111 2803 2156 eo
2859 2088 3032 2174 quod
3078 2088 3409 2174 petebant,
3463 2095 3725 2170 (nempe
3784 2095 3858 2153 ut
3905 2088 4105 2153 semel
4164 2089 4297 2156 huc

2355 2178 2743 2261 migrarem)
2798 2176 3105 2254 comessi,
3155 2174 3272 2240 sed
3328 2173 3571 2258 duplici
3625 2172 3849 2239 addita
3904 2173 4296 2240 conditione.

2357 2262 2513 2331 Una
2554 2270 2671 2341 est,
2717 2261 2775 2327 81
2816 2262 2911 2327 ita
2966 2260 3366 2327 censueritis.
3455 2259 3685 2325 Altera
3727 2259 3785 2325 81
3826 2268 3972 2342 post
4012 2259 4293 2326 Decem-

2358 2349 2495 2415 bris
2541 2355 2939 2414 conventum
2994 2346 3225 2412 videro
3282 2365 3547 2429 operam
3600 2364 3815 2410 meam
3857 2343 3965 2411 his
4006 2345 4297 2412 ecclesiis

2357 2454 2501 2501 esse
2542 2434 2991 2500 necessariam.
3079 2432 3225 2498 Iam
3267 2438 3560 2497 vestrum
3603 2438 3704 2496 est
3744 2429 4056 2497 indicium
4097 2451 4138 2495 a
4169 2451 4298 2513 quo

2359 2542 2446 2585 ne
2488 2519 2695 2586 latum
2738 2518 3002 2602 quidem
3045 2538 3337 2603 unguem
3372 2514 3718 2583 discedam,
3806 2514 3999 2596 Quod
4044 2517 4098 2581 81
4143 2536 4297 2583 1108-

2361 2627 2464 2672 ses
2530 2614 2687 2688 quot
2747 2613 2816 2670 et
2870 2625 3063 2687 quam
3131 2603 3492 2669 multorum
3555 2601 3857 2686 precibus
3921 2602 4297 2681 restiterim,

2355 2699 2530 2758 certe
2574 2712 2704 2756 non
2748 2689 2938 2756 modo
2981 2688 3314 2755 difficilem
3357 2687 3474 2755 sed
3530 2687 3729 2754 etiam
3771 2687 4190 2754 obfirmatum
4230 2697 4300 2755 et

2354 2779 2759 2863 pertinacem
2805 2797 2946 2843 esse
3008 2797 3115 2841 me
3180 2775 3446 2842 diceres.
3545 2772 3724 2855 Quid
3778 2773 4041 2857 cupiam
4105 2776 4297 2853 nosti,

2355 2862 2513 2947 quid
2558 2862 2863 2947 expediat
2898 2882 3031 2927 non
3055 2882 3319 2945 possum
3363 2859 3521 2927 satis
3544 2860 3951 2937 constituere,
3991 2860 4299 2943 quoniam

2358 2950 2428 3014 in
2472 2949 2764 3015 diversas
2808 2957 3028 3031 partes
3071 2949 3307 3033 rapior.
3377 2947 3560 3013 Dum
3595 2946 3803 3027 cogito
3839 2953 3987 3011 tuos
4024 2944 4298 3025 labores,

2357 3035 2890 3103 scholasticorum
2913 3033 3421 3113 multitudinem,
3444 3030 3625 3098 urbis
3647 3038 3911 3097 nostrae
3944 3030 4300 3118 00me

2356 3143 2572 3188 meam
2618 3120 2895 3204 denique
2937 3120 3220 3202 quietem
3256 3140 3453 3203 quam
3496 3138 3619 3202 ego
3663 3137 3939 3201 semper,
3975 3117 4104 3183 Dei
4148 3138 4302 3202 gra-

2358 3211 2467 3287 tia,
2516 3207 2815 3273 omnibus
2868 3207 3010 3271 istis
3061 3205 3371 3272 inanibus
3428 3200 3882 3285 splendoribus
3940 3204 4300 3287 anteposui,

2358 3302 2537 3360 totus
2574 3294 2743 3360 istuc
2797 3292 3007 3377 gestio
3051 3290 3333 3357 avolare.
3421 3289 3556 3357 Sed
3614 3288 3771 3355 dum
3815 3288 4103 3356 vicissim
4145 3309 4303 3356 con-

2360 3379 2575 3446 sidero
2619 3380 3055 3456 nostrorum‘2)
3091 3376 3485 3455 tarditatem,
3521 3374 3650 3441 nisi
3695 3374 3974 3459 singulis
4008 3395 4302 3441 momen·

2360 3467 2446 3532 tis
2480 3465 2873 3543 excitentur,
2909 3464 3279 3532 occasiones
3321 3463 3663 3539 maximas,
3700 3461 4070 3545 opinionem
4106 3481 4303 3545 quam

2361 3552 2441 3618 de
2500 3573 2604 3617 me
2657 3552 2875 3616 nescio
2923 3571 3052 3633 quo
3107 3550 3299 3615 modo
3341 3548 3637 3632 plerique
3692 3546 3802 3613 hic
3843 3554 4299 3630 conceperunt,

2361 3638 2642 3721 denique
2699 3636 3138 3720 plurimarum
3193 3634 3618 3702 ecclesiarum
3675 3654 3919 3717 preces,
3975 3653 4143 3716 quae
4187 3652 4300 3697 ne-

2361 3726 2642 3790 cessario
2688 3729 2982 3806 tempore
3037 3744 3107 3788 se
3146 3744 3186 3787 a
3228 3743 3333 3787 me
3382 3718 3596 3787 deseri
3640 3728 4018 3803 queruntur,
4064 3719 4122 3782 si
4165 3726 4301 3781 tam

2362 3810 2491 3876 0110
2535 3817 2637 3888 (ut
2679 3809 3066 3892 loquuntur)
3118 3807 3466 3887 discedam,
3524 3814 3696 3872 totus
3755 3806 3990 3871 haereo
4045 3813 4113 3869 et
4154 3823 4300 3868 ves-

2360 3905 2538 3962 trum
2610 3892 2923 3961 iudicium
2988 3914 3345 3977 suspensus
3410 3895 3733 3975 exspecto.
3832 3890 4062 3974 Itaque
4125 3888 4301 3954 intra

2358 3981 2633 4050 biduum
2691 3980 2847 4045 hinc
2892 3981 3335 4063 proficiscetur
3391 3978 3504 4061 qui
3549 3985 3919 4043 nostrorum
3960 3992 4304 4058 procerum

2357 4069 2584 4134 literas
2638 4066 2720 4132 ad
2774 4086 2890 4131 vos
2934 4086 3129 4149 super
3164 4066 3289 4130 hoc
3347 4064 3607 4148 negotio
3648 4060 3949 4147 perferat.
4037 4059 4302 4125 Interea

2358 4176 2478 4221 vos
2520 4152 2961 4237 praemonitos
3004 4150 3202 4226 volui,
3248 4159 3324 4216 ut
3366 4149 3677 4232 temporis
3720 4144 3965 4229 aliquid
4007 4144 4092 4212 ad
4139 4143 4302 4211 deli-

2357 4239 2720 4307 berandum
2765 4237 3080 4304 habeatis.
3170 4236 3315 4302 Iam
3363 4235 3442 4300 de
3483 4233 3685 4299 rebus
3719 4231 3866 4296 aliis
3909 4231 4147 4316 accipe.

2528 4324 2829 4393 Plurima
2861 4322 3049 4389 nobis
3092 4323 3161 4387 in
3211 4321 3502 4405 singulas
3546 4320 3742 4384 horas
3785 4318 4186 4384 nunciantur
4219 4316 4302 4384 de

2358 4412 2645 4478 hostium
2690 4408 3264 4475 coniurationibus.
3326 4406 3602 4472 Nostros
3644 4405 3895 4469 interea
3937 4425 4070 4470 non
4105 4403 4300 4470 video

2357 4517 2755 4582 magnopere
2827 4494 3255 4571 commoveri,
3318 4491 3617 4575 quamvis
3681 4510 3951 4556 monere
3975 4542 3992 4569 ,
4049 4490 4299 4556 hortari

2356 4595 2550 4668 atque
2613 4583 2807 4648 etiam
2871 4581 3075 4647 libere
3139 4578 3482 4662 obiurgare
3537 4598 3669 4642 non
3737 4575 4048 4642 desinam.
4136 4575 4299 4642 Dux

2360 4670 2656 4737 Nemorsi
2711 4668 2821 4750 qui
2880 4665 3313 4732 Aureliensem
3365 4663 3755 4747 intercipere
3813 4663 4127 4742 voluerat,
4183 4685 4300 4728 ex-

2356 4756 2723 4822 cusationes
2777 4753 2975 4830 misit,
3026 4750 3137 4817 sed
3197 4770 3360 4833 quae
3403 4749 3883 4815 accusationem
3925 4747 4301 4831 plenissime

2355 4843 2743 4909 confirment
2813 4848 2878 4903 et
2933 4836 3223 4904 conscios
3301 4834 3496 4900 valde
3576 4845 3876 4920 gravent.
3902 4838 3954 4910 ⁸)
4063 4833 4300 4917 Itaque

2351 5062 2624 5130 86241)
2657 5061 2950 5129 longiorem
2984 5075 3190 5114 noran·
3224 5064 3402 5141 puta..
3455 5129 3466 5141 ι
3585 5128 3596 5140 ·

2557 5130 2618 5268 ἓξ
2646 5144 2934 5267 {anquam
2969 5144 3027 5253 ⁰.
3065 5143 3292 5253 ιθοφῗ
3319 5143 3497 5279 ἷξε.
3536 5127 4003 5278 ΝωῙἽᾚᾞ
4016 5211 4200 5276 nuper·
4224 5195 4294 5249 «ιο

2351 5269 2488 5324 duce
2534 5270 2603 5324 de
2647 5268 2941 5324 Nemonrs:
2987 5271 3033 5323 18
3079 5269 3187 5322 iam
3230 5268 3345 5337 agit
3387 5283 3445 5320 111
3492 5265 3848 5334 Letharmgia
3893 5281 3976 5332 ap.
4029 5279 4295 5317 sororium

2353 5355 2511 5393 suum
2545 5340 2796 5394 comitem
2832 5338 3337 5394 Valdemontanum.
3401 5334 3588 5405 Nuper
3620 5334 3773 5389 misit
3803 5335 3887 5471 1119
3896 5333 4069 5386 aulam
4109 5332 4303 5397 (credo
