4850 6117
653 398 782 467 02⁷

656 584 1059 654 adversetur.
1144 583 1260 654 Sic
1315 586 1517 652 etiam
1573 586 1963 652 confitemur
2018 589 2273 663 (contra
2315 582 2602 665 anabap-

654 672 877 750 tistas)
920 671 1090 739 bona
1134 692 1270 738 non
1304 670 1538 737 debere
1580 691 1723 739 esse
1766 668 2153 749 communia,
2196 688 2353 734 nam
2396 667 2602 751 scrip-

654 766 800 825 tum
841 766 973 825 est:
1017 778 1151 825 non
1191 757 1533 825 furaberis.

980 966 1039 1032 6.
1089 963 1413 1031 Feminae
1456 983 1589 1030 non
1634 970 1829 1031 erunt
1870 981 2265 1028 communes.

817 1125 1230 1194 confitemur
1263 1127 1464 1193 etiam
1498 1126 1772 1193 feminas
1805 1147 1938 1193 non
1972 1125 2207 1192 debere
2242 1145 2384 1191 esse
2418 1143 2595 1189 com-

644 1234 898 1293 munes,
942 1233 1097 1280 nam
1139 1213 1459 1297 scriptum
1501 1224 1633 1279 est:
1677 1210 1762 1278 ad
1807 1209 2179 1280 evitandam
2221 1209 2594 1277 fornicatio·

643 1321 797 1366 nem
833 1299 1285 1384 unusquisque
1318 1318 1593 1365 uxorem
1627 1319 1817 1365 suam
1853 1298 2108 1364 habeat.
2175 1295 2594 1381 Quapropter

645 1386 1049 1453 detestamur
1103 1404 1330 1451 omnes
1382 1393 1590 1451 sectas
1645 1385 2006 1451 contrarias
2049 1391 2116 1449 et
2160 1383 2429 1450 verbum
2487 1380 2593 1447 dei

645 1490 780 1537 non
823 1479 1189 1554 sequentes,
1234 1478 1311 1536 ut
1351 1477 1507 1536 sunt
1559 1470 2025 1554 anabaptistae,
2082 1468 2590 1550 sacramentarii,

643 1557 748 1624 illi
801 1557 1105 1623 nimirum
1159 1557 1273 1640 qui
1328 1560 1660 1624 extenuant
1713 1558 2003 1623 virtudem
2064 1559 2591 1622 sacramentorum

640 1648 755 1709 aut
792 1662 985 1709 usum
1026 1647 1446 1725 corrumpunt,
1499 1641 1798 1708 libertini
1841 1653 1907 1709 et
1965 1641 2230 1720 similes,
2292 1640 2403 1725 qui
2447 1661 2589 1706 sese

641 1736 1030 1813 separarunt
1082 1727 1164 1794 ab
1219 1727 1488 1794 ecclesia
1533 1726 1785 1794 Christi
1840 1729 1910 1793 in
1966 1748 2096 1811 qua
2148 1726 2418 1792 verbum
2460 1727 2586 1791 Dei

638 1835 803 1898 pure
848 1814 1111 1880 docetur
1153 1821 1222 1878 et-
1277 1814 1465 1879 iuxta
1509 1813 1708 1879 huius
1750 1813 2133 1880 mandatum
2178 1820 2589 1879 sacramenta

640 1900 1204 1966 administrantur.

808 1986 891 2052 In
950 2004 1207 2050 summa
1262 1984 1587 2052 credimus
1644 1985 1921 2050 firmiter
1976 2005 2096 2051 nos
2160 1983 2378 2050 salvos
2442 1985 2586 2050 fieri

636 2091 753 2155 per
811 2071 1019 2138 solam
1205 2071 1364 2135 tiam
1417 2068 1549 2136 Dei
1601 2071 1685 2137 ob
1742 2092 2029 2137 amorem
2087 2070 2211 2136 filii
2270 2071 2371 2136 sui
2432 2069 2585 2136 Iesu

636 2156 890 2225 Christi
935 2156 1184 2222 domini
1226 2157 1434 2223 nostri
1476 2157 1621 2223 sine
1662 2155 1816 2223 ullis
1861 2158 2100 2224 nostris
2142 2156 2412 2223 meritis.

1177 2365 1235 2428 7.
1294 2362 1657 2429 Promissio
1701 2363 2042 2448 generalis.

806 2524 1262 2593 Promittimus
1306 2524 1505 2590 etiam
1540 2545 1662 2591 nos
1702 2526 1774 2591 in
1817 2525 2117 2592 omnibus
2151 2525 2298 2593 aliis
2338 2526 2580 2593 articu-

633 2613 717 2679 lis
759 2620 1146 2696 sequuturos
1189 2610 1357 2677 conf.
1392 2612 1849 2695 Augustanam
1884 2612 2246 2679 secundum
2289 2611 2579 2678 declara-

634 2699 881 2766 tionem
939 2718 1141 2780 supra
1195 2696 1454 2776 factam,
1512 2716 1728 2780 neque
1783 2697 2122 2765 habituros
2178 2697 2583 2766 clandestina

633 2783 1097 2852 conventicula
1152 2789 1270 2849 ant
1328 2782 1885 2867 congregationes,
1943 2784 2058 2850 sed
2120 2785 2582 2851 observaturos

630 2890 860 2937 omnes
902 2878 969 2936 et
1010 2867 1305 2954 singulas
1339 2870 1778 2936 caeremonias
1813 2868 2148 2937 doctrinae
2181 2870 2581 2937 christianae

631 2963 701 3022 et
740 2955 1227 3023 institutionem
1261 2962 1402 3019 tam
1424 2955 1622 3023 unius
1642 2975 1840 3039 quam
1876 2956 2149 3024 alterius
2190 2957 2264 3022 in
2308 2955 2583 3024 ecclesia

630 3041 920 3111 civitatis
957 3039 1407 3108 Wesaliensis.
1489 3039 1887 3108 Pollicemur
1932 3042 2236 3109 similiter
2276 3063 2399 3109 nos
2443 3042 2581 3109 vic-

631 3135 819 3194 turos
859 3127 1048 3194 iuxta
1080 3124 1446 3212 privilegia,
1526 3124 1822 3195 lebiscita
1856 3135 1974 3194 aut
2015 3129 2178 3214 loyes
2211 3133 2271 3194 et
2310 3148 2581 3196 consue·

631 3212 899 3281 tudines
962 3211 1336 3298 praedictae
1403 3232 1484 3278 ur
1525 3213 1584 3279 is
1644 3210 2079 3281 Wesaliensis
2155 3235 2278 3282 nec
2355 3220 2586 3281 contra

629 3298 989 3384 quidquam
1029 3305 1397 3365 tentaturos
1429 3318 1645 3382 neque
1686 3298 1894 3366 alium
1927 3300 2304 3385 quempiam
2346 3301 2583 3367 incita-

630 3393 821 3453 turos
861 3386 974 3471 qui
1017 3385 1218 3455 verbo
1259 3382 1369 3451 vel
1409 3384 1580 3452 facto
1615 3384 1723 3452 vel
1758 3383 1888 3452 alio
1930 3386 2123 3454 modo
2165 3385 2346 3452 alind
2390 3405 2582 3454 cone-

631 3478 745 3538 tur
778 3469 903 3540 sub
934 3492 1147 3557 poena
1182 3469 1521 3539 eiectionis
1554 3490 1637 3536 ex
1673 3469 1839 3539 urbe
1860 3472 2255 3540 Wesaliensi
2289 3479 2358 3539 et
2398 3471 2585 3539 abitu

635 3578 724 3624 ex
775 3579 854 3625 ea
907 3556 1187 3643 parandi
1242 3554 1451 3642 spatio
1515 3554 1718 3623 tridui
1776 3566 2116 3643 postquam
2179 3559 2584 3627 contrarium

634 3644 985 3728 probatum
1025 3644 1245 3711 fuerit.

1523 4376 1726 4448 88⁹4.

1107 4531 1635 4600 ZERKIN'I'ES
1673 4532 2109 4601 OALVINO.

1469 4724 1547 4771 ex
1595 4703 1818 4771 Gallia
1858 4703 2240 4770 numianus,-
2278 4706 2355 4773 de
2391 4710 2578 4775 inter-

1563 4792 1575 4804 ’
1609 4842 1626 4871 ,
1672 4810 1760 4856 an
1799 4810 1951 4856 vera
1983 4791 2271 4873 quoque?

916 4957 1028 5027 (Ex
1064 4961 1400 5031 autographo
1434 4962 1569 5018 Ood.
1607 4961 1810 5018 Genev.
1845 4959 1964 5030 114,
1997 4961 2089 5017 fol.
2127 4958 2273 5029 115.)

754 4783 768 4798 .
813 4698 1121 4803 Pessima·

635 4804 881 4852 nemone
920 4795 1223 4856 exeremus

634 5130 697 5195 A
739 5151 892 5197 mon
950 5137 1085 5196 tres
1139 5130 1432 5198 honnore
1490 5133 1796 5218 seigneur
1854 5142 1922 5199 et
1984 5134 2158 5199 frere
2212 5154 2299 5201 en
2352 5141 2577 5203 nostre

635 5213 959 5303 Seigneur
1040 5216 1252 5284 Iehan
1319 5217 1567 5372 081νᾶῑὲ
1568 5327 1613 5371 n
1616 5220 1933 5372 grvi‘i'nistre
2010 5218 2091 5285 de
2167 5219 2413 5306 l’eglise
2495 5222 2579 5288 de

2104 390 2630 462 EPISTOLAE
2671 393 2838 458 3893
2861 390 3217 459 bis—3895

4513 395 4621 460 628

2876 580 3200 647 Redditae
3241 588 3400 648 sunt
3443 580 3605 648 mihi
3647 580 4008 666 Bullinqen'
4058 579 4287 647 literae
4329 600 4488 665 quas
4524 581 4626 649 illc

2703 664 2786 731 ad
2829 674 2896 732 te
2938 667 3166 734 scribit
3191 670 3244 747 ¹)
3288 675 3356 734 et
3396 689 3518 752 ego
3551 667 3878 735 misissem
3911 667 4106 733 citius
4139 667 4196 733 si
4229 665 4623 735 tabellarium

2702 764 2939 818 nactus
2994 774 3207 820 essem
3262 752 3587 821 idoneum.
3668 754 3848 820 Dum
3904 752 4085 820 hunc
4135 752 4356 837 ipsum
4399 751 4626 838 ablego‚

2701 838 3080 922 exemplum
3130 838 3470 906 literarum
3525 838 3666 906 vidi
3708 860 3748 905 a
3799 837 4187 923 proconsule
4239 860 4358 906 seu
4413 837 4626 923 guber·

2699 933 2926 990 natore
2968 925 3401 1010 Burgundiae
3448 926 3811 992 Tasvannio
3837 925 3894 1010 ²)
3939 925 4495 1011 Friburgensibus
4534 931 4628 1001 (ut

2696 1008 2935 1090 fertur)
2977 1012 3385 1094 scriptarum,
3430 1012 3664 1096 quibus
3706 1011 3812 1077 his
3864 1012 4187 1095 significat
4228 1011 4318 1078 ad
4360 1013 4629 1076 interne-

2697 1094 2952 1163 cionem
3018 1096 3303 1163 deletum
3369 1118 3511 1165 esse
3575 1099 3935 1165 exercitum
3988 1096 4410 1163 Oondensem
4470 1096 4627 1179 apud

2698 1180 3085 1262 Carnutum,
3104 1187 3162 1260 ⁸)
3220 1183 3584 1268 principem
3640 1191 3924 1267 captum,
3980 1182 4446 1250 Admiraldum
4498 1203 4627 1248 cae-

2696 1287 2842 1335 sum
2899 1276 2967 1335 et
3019 1277 3244 1353 partes
3292 1271 3434 1336 eius
3492 1290 3635 1337 esse
3692 1269 3952 1354 penitus
4003 1270 4263 1336 fractas.
4339 1268 4478 1334 Nos
4518 1268 4629 1335 hoc

2694 1354 2959 1421 credere
2995 1356 3104 1422 vix
3138 1376 3485 1441 possumus
3528 1363 3829 1439 suspecto
3862 1355 4184 1438 scriptori,
4230 1362 4304 1421 et
4337 1374 4629 1421 veremur

2693 1447 2917 1507 tamen
2975 1462 3059 1507 ne
3115 1441 3271 1527 quid
3327 1440 3461 1508 tale
3514 1441 3851 1508 acciderit:
3918 1441 4081 1507 adeo
4137 1462 4317 1508 nunc
4374 1448 4629 1523 turgent

2691 1526 2822 1593 isti.
2915 1525 3126 1612 Cupio
3180 1549 3264 1594 ex
3320 1535 3388 1594 te
3442 1527 3627 1607 scire,
3693 1548 3828 1594 non
3889 1535 4148 1594 nostras
4211 1527 4625 1604 calamitates,

2690 1633 2851 1696 quas
2892 1613 3069 1679 fama
3112 1613 3304 1680 citius
3346 1634 3545 1697 quam
3588 1613 3786 1680 velim
3831 1613 4206 1697 publicabit,
4261 1612 4382 1679 sed
4435 1613 4491 1678 si
4530 1632 4625 1678 res

2688 1699 2939 1782 patitur
2981 1706 3049 1765 et
3103 1701 3231 1766 ista
3288 1699 3450 1766 falso
3505 1701 3826 1779 feruntur,
3885 1701 4312 1782 prosperiora.
4385 1696 4461 1765 Si
4515 1697 4625 1764 hoc

2688 1803 2825 1849 non
2890 1787 3018 1851 fert
3081 1785 3177 1851 rei
3235 1793 3532 1865 eventus,
3597 1787 3766 1851 feret
3786 1848 3803 1864 ,
3829 1793 4058 1851 nostra
4119 1785 4448 1869 patientia
4504 1784 4625 1848 fata

2689 1891 2853 1953 qnae
2875 1871 3018 1937 Deo
3051 1873 3198 1938 visa
3240 1878 3397 1937 sunt
3437 1870 3633 1938 rebus
3666 1872 3907 1938 nostris
3941 1872 4315 1938 convenire.
4390 1868 4623 1952 calpae

2688 1957 2847 2022 satis
2902 1977 3221 2041 superque
3275 1965 3379 2023 est
3418 1977 3585 2041 quae
3625 1957 3755 2024 Dei
3812 1957 3981 2023 iram
4036 1955 4109 2021 in
4151 1977 4272 2023 nos
4322 1954 4621 2032 accendit,

2687 2042 3136 2124 resipiscentia
3197 2043 3397 2109 nulla.
3490 2042 3574 2107 Id
3635 2041 3806 2127 quod
3883 2042 4094 2109 indies
4170 2062 4420 2127 magno
4488 2060 4620 2106 cum

2687 2129 2891 2192 animi
2956 2130 3246 2195 cruciatu
3316 2129 3639 2214 experior.
3726 2128 4112 2195 Memineris
4172 2148 4407 2195 eorum
4470 2147 4619 2210 quae

2686 2212 2769 2279 ad
2812 2221 2879 2279 te
2922 2214 3153 2298 scripsi
3189 2214 3432 2281 bellum
3480 2214 3707 2283 Garolo
3749 2231 3895 2282 cum
3944 2214 4299 2280 Germanis
4347 2219 4617 2299 gerente,

2683 2298 2894 2383 pridie
2938 2299 3259 2367 Calendas
3317 2301 3618 2367 Ianuarii
3672 2301 3811 2367 eius
3870 2301 4027 2366 anni
4082 2309 4381 2366 extremo
4438 2317 4617 2382 quem

2684 2385 2848 2450 mihi
2904 2386 3207 2452 ultimum
3266 2387 3590 2471 optabam,
3614 2392 3670 2466 4)
3723 2396 3802 2452 ut
3852 2385 4031 2451 hunc
4087 2406 4352 2470 quoque
4397 2384 4617 2452 Galen-

2685 2469 2918 2537 darum
2973 2471 3265 2538 Ianuarii
3324 2475 3613 2556 primum
3669 2480 4072 2557 postremum
4128 2472 4308 2537 vitae
4376 2479 4617 2536 nostrae

2686 2577 2828 2624 esse
2879 2556 3240 2641 optandum
3293 2559 3487 2638 foret,
3547 2559 3604 2625 si
3654 2558 3724 2623 in
3783 2565 4038 2625 tantam
4093 2558 4471 2643 angustiam
4524 2575 4616 2620 res

2685 2650 2949 2816 ⁰⁰⁸t¹23
2981 2646 3119 2711 sint
3150 2644 3471 2711 redactae.
3516 2644 3704 2711 Vale.
3758 2644 4018 2710 Bernae
4040 2643 4313 2711 Galend.
4339 2639 4616 2708 Ianuarii

3833 2867 4015 2933 Tuus
4058 2865 4464 2933 Zerchintes.

2856 3054 2964 3123 De
2995 3055 3497 3124 Glaronensium
3540 3074 3737 3123 causa
3779 3055 4181 3141 disceptatur
4221 3075 4405 3122 nunc
4427 3054 4615 3120 'l'her-

2684 3143 2943 3228 mopoli.
2971 3146 3025 3219 ⁶)
3093 3141 3343 3208 Vereor
3397 3162 3482 3208 ne
3532 3142 3803 3209 sinistro
3860 3162 4162 3208 successu
4176 3192 4193 3220 ,
4258 3141 4323 3207 si
4378 3146 4435 3206 5.
4478 3138 4615 3224 pagi

2685 3228 2848 3297 certi
2904 3235 3063 3296 sunt
3119 3228 3200 3294 de
3243 3228 3714 3295 Guisianornm
3777 3227 4073 3307 victoria,
4117 3225 4416 3294 Sabaudi
4473 3245 4612 3311 quo-

2687 3335 2812 3401 qne
2854 3315 3114 3401 erigant
3157 3314 3404 3382 cristas.
3471 3312 3800 3381 Dominus
3844 3321 4067 3381 servet
4108 3333 4261 3380 suas
4303 3312 4613 3395 reliquias.

3560 3825 3767 3897 3895.

3095 3979 3740 4050 MORELLANUS
3799 3978 4234 4048 GALVINO.

2858 4149 4610 4246 Muuasdtaediopzenasinauzamauoiem

2683 4237 3329 4305 habambuzaaones·
3171 4239 3186 4252 ‘
3327 4236 4414 4320 ,mmexiaiuewpmombm···
4460 4235 4609 4302 den·

2682 4323 4607 4408 vata-equamexauzioonmpmvismoribusmymtes,

2682 4431 2845 4493 quas
2884 4431 3038 4477 sane
3077 4410 3317 4477 silentio
3348 4410 3703 4493 praeterire
3740 4410 4029 4495 reliyioni
4067 4410 4257 4477 ducit.

2678 4693 4603 4785 88941)Nfsi‘·6atefcidithocrefaeeadqmcd1v.3879

2678 4789 2811 4829 ”⁰⁸⁸
2842 4772 3144 4978 diguam
3172 4787 3248 4893 {ie
3284 4767 3854 4893 3αὼἭῖἶέὲέὃῶ
3886 4775 4120 4838 m„
4149 4774 4351 4839 ”w
4404 4908 4416 4920 ι
4481 4906 4493 4918 ‚
4576 4902 4587 4914 ‚

2881 4909 2916 4964 3
3271 4905 4604 4975 oamwaDrmabestmaterv-mm·

2678 4981 2780 5036 bus
2808 4993 3075 5061 passuum
3107 4977 3346 5060 quium
3379 4977 3478 5043 (34
3513 4975 3724 5058 Non.)

2878 5048 2940 5130 45)
2981 5045 3183 5128 Salac,
3219 5052 3281 5102 ut
3310 5045 3791 5129 qerosmn'llmum
3824 5050 3918 5113 est,
3950 5043 4030 5099 cd
4056 5045 4218 5112 finem
4254 5041 4600 5112 albflspx·

2676 5121 2773 5182 ω’
2807 5117 2937 5241 “⁸¹5⁸
3019 5187 3071 5241 ω
3103 5114 3610 5265 &ammi
3673 5180 3766 5237 De
3798 5197 3958 5265 anno·
3983 5182 4117 5238 1563
4151 5182 4397 5238 dubitare·
4424 5177 4598 5304 '3⁰⁶‘

2836 5186 3282 5392 Aeaea
3315 5252 3441 5379 a.
3464 5252 3818 5388 am
3859 5251 4073 5323 w·
4119 5257 4200 5308 «π
4231 5266 4400 5321 “0⁹⁹0
4539 5260 4596 5300 ·*
