<?xml version="1.0" encoding="UTF-8"?>
<!DOCTYPE html PUBLIC "-//W3C//DTD XHTML 1.0 Transitional//EN"
    "http://www.w3.org/TR/xhtml1/DTD/xhtml1-transitional.dtd">
<html xmlns="http://www.w3.org/1999/xhtml" xml:lang="en" lang="en">
 <head>
  <title>
</title>
<meta http-equiv="Content-Type" content="text/html;charset=utf-8" />
  <meta name='ocr-system' content='tesseract 3.04.00' />
  <meta name='ocr-capabilities' content='ocr_page ocr_carea ocr_par ocr_line ocrx_word'/>
</head>
<body>
  <div class='ocr_page' id='page_1' title='image "./ioanniscalvinio05unkngoog_0237.png"; bbox 0 0 4850 6117; ppageno 0'>
   <div class='ocr_carea' id='block_1_1' title="bbox 259 415 379 479">
    <p class='ocr_par' dir='ltr' id='par_1_1' title="bbox 259 415 379 479">
     <span class='ocr_line' id='line_1_1' title="bbox 259 415 379 479; baseline -0.008 0"><span class='ocrx_word' id='word_1_1' title='bbox 259 415 379 479; x_wconf 80' lang='lat'><strong>449</strong></span> 
     </span>
    </p>
   </div>
   <div class='ocr_carea' id='block_1_2' title="bbox 199 600 2204 5230">
    <p class='ocr_par' dir='ltr' id='par_1_2' title="bbox 199 600 2204 5230">
     <span class='ocr_line' id='line_1_2' title="bbox 262 600 2201 684; baseline -0.001 -17"><span class='ocrx_word' id='word_1_2' title='bbox 262 601 481 667; x_wconf 87' lang='lat' dir='ltr'><strong>sertim</strong></span> <span class='ocrx_word' id='word_1_3' title='bbox 526 619 674 665; x_wconf 91' lang='lat' dir='ltr'><strong>cum</strong></span> <span class='ocrx_word' id='word_1_4' title='bbox 717 600 911 665; x_wconf 89' lang='lat' dir='ltr'><strong>annis</strong></span> <span class='ocrx_word' id='word_1_5' title='bbox 955 600 1419 684; x_wconf 88' lang='lat' dir='ltr'><strong>superioribus,</strong></span> <span class='ocrx_word' id='word_1_6' title='bbox 1456 601 1689 683; x_wconf 89' lang='lat' dir='ltr'><strong>quibus</strong></span> <span class='ocrx_word' id='word_1_7' title='bbox 1722 601 1826 666; x_wconf 87' lang='lat' dir='ltr'><strong>Re</strong></span> <span class='ocrx_word' id='word_1_8' title='bbox 1975 608 2201 684; x_wconf 88' lang='lat' dir='ltr'><strong>poten-</strong></span> 
     </span>
     <span class='ocr_line' id='line_1_3' title="bbox 261 685 2202 765; baseline -0.001 -13"><span class='ocrx_word' id='word_1_9' title='bbox 261 686 488 753; x_wconf 77' lang='lat' dir='ltr'>tissimi</span> <span class='ocrx_word' id='word_1_10' title='bbox 546 686 792 752; x_wconf 75' lang='lat' dir='ltr'>bellicis</span> <span class='ocrx_word' id='word_1_11' title='bbox 845 686 1019 751; x_wconf 88' lang='lat' dir='ltr'><strong>curis</strong></span> <span class='ocrx_word' id='word_1_12' title='bbox 1075 685 1569 765; x_wconf 77' lang='lat' dir='ltr'>distinebantur,</span> <span class='ocrx_word' id='word_1_13' title='bbox 1627 687 1828 752; x_wconf 85' lang='lat' dir='ltr'><strong>Conci</strong></span> <span class='ocrx_word' id='word_1_14' title='bbox 1861 687 1898 701; x_wconf 85' lang='lat'><strong>‘&#39;</strong></span> <span class='ocrx_word' id='word_1_15' title='bbox 1960 707 2202 752; x_wconf 90' lang='lat' dir='ltr'><strong>nomen</strong></span> 
     </span>
     <span class='ocr_line' id='line_1_4' title="bbox 258 771 2204 855; baseline -0.002 -16"><span class='ocrx_word' id='word_1_16' title='bbox 258 794 390 839; x_wconf 85' lang='lat' dir='ltr'><strong>sem</strong></span> <span class='ocrx_word' id='word_1_17' title='bbox 475 793 512 836; x_wconf 90' lang='lat' dir='ltr'><strong>r</strong></span> <span class='ocrx_word' id='word_1_18' title='bbox 550 774 619 836; x_wconf 91' lang='lat' dir='ltr'><strong>in</strong></span> <span class='ocrx_word' id='word_1_19' title='bbox 661 792 774 837; x_wconf 89' lang='lat' dir='ltr'><strong>ore</strong></span> <span class='ocrx_word' id='word_1_20' title='bbox 818 781 1177 849; x_wconf 85' lang='lat' dir='ltr'><strong>versarent,</strong></span> <span class='ocrx_word' id='word_1_21' title='bbox 1213 778 1634 849; x_wconf 80' lang='lat' dir='ltr'><strong>testarentur,</strong></span> <span class='ocrx_word' id='word_1_22' title='bbox 1671 771 2096 855; x_wconf 77' lang='lat' dir='ltr'><strong>appellarent,</strong></span> <span class='ocrx_word' id='word_1_23' title='bbox 2134 780 2204 838; x_wconf 90' lang='lat' dir='ltr'><strong>et</strong></span> 
     </span>
     <span class='ocr_line' id='line_1_5' title="bbox 257 856 2201 939; baseline -0.001 -16"><span class='ocrx_word' id='word_1_24' title='bbox 257 858 371 923; x_wconf 89' lang='lat' dir='ltr'><strong>illu</strong></span> <span class='ocrx_word' id='word_1_25' title='bbox 480 878 552 922; x_wconf 90' lang='lat' dir='ltr'><strong>se</strong></span> <span class='ocrx_word' id='word_1_26' title='bbox 592 876 849 939; x_wconf 89' lang='lat' dir='ltr'><strong>cupere,</strong></span> <span class='ocrx_word' id='word_1_27' title='bbox 901 856 1084 922; x_wconf 90' lang='lat' dir='ltr'><strong>illius</strong></span> <span class='ocrx_word' id='word_1_28' title='bbox 1126 876 1471 924; x_wconf 89' lang='lat' dir='ltr'><strong>censuram</strong></span> <span class='ocrx_word' id='word_1_29' title='bbox 1531 857 1697 923; x_wconf 93' lang='lat' dir='ltr'><strong>velle</strong></span> <span class='ocrx_word' id='word_1_30' title='bbox 1740 879 1810 924; x_wconf 91' lang='lat' dir='ltr'><strong>se</strong></span> <span class='ocrx_word' id='word_1_31' title='bbox 1850 857 2071 924; x_wconf 89' lang='lat' dir='ltr'><strong>subire</strong></span> <span class='ocrx_word' id='word_1_32' title='bbox 2114 859 2201 923; x_wconf 91' lang='lat' dir='ltr'><strong>si-</strong></span> 
     </span>
     <span class='ocr_line' id='line_1_6' title="bbox 199 942 2201 1024; baseline 0 -16"><span class='ocrx_word' id='word_1_33' title='bbox 199 974 224 980; x_wconf 90' lang='lat'><strong>··</strong></span> <span class='ocrx_word' id='word_1_34' title='bbox 258 942 602 1008; x_wconf 88' lang='lat' dir='ltr'><strong>mularent.</strong></span> <span class='ocrx_word' id='word_1_35' title='bbox 650 943 834 1024; x_wconf 84' lang='lat' dir='ltr'><strong>Ergo</strong></span> <span class='ocrx_word' id='word_1_36' title='bbox 870 945 1000 1007; x_wconf 89' lang='lat' dir='ltr'><strong>iam</strong></span> <span class='ocrx_word' id='word_1_37' title='bbox 1036 943 1276 1008; x_wconf 89' lang='lat' dir='ltr'><strong>omissa</strong></span> <span class='ocrx_word' id='word_1_38' title='bbox 1309 944 1782 1009; x_wconf 89' lang='lat' dir='ltr'><strong>sententiarum</strong></span> <span class='ocrx_word' id='word_1_39' title='bbox 1821 965 1896 1010; x_wconf 90' lang='lat' dir='ltr'><strong>ac</strong></span> <span class='ocrx_word' id='word_1_40' title='bbox 1931 943 2201 1009; x_wconf 91' lang='lat' dir='ltr'><strong>iudicio-</strong></span> 
     </span>
     <span class='ocr_line' id='line_1_7' title="bbox 258 1027 2200 1112; baseline 0 -17"><span class='ocrx_word' id='word_1_41' title='bbox 258 1050 400 1095; x_wconf 87' lang='lat' dir='ltr'><strong>rum</strong></span> <span class='ocrx_word' id='word_1_42' title='bbox 457 1029 893 1106; x_wconf 74' lang='lat' dir='ltr'><strong>contentione,</strong></span> <span class='ocrx_word' id='word_1_43' title='bbox 938 1027 1019 1093; x_wconf 91' lang='lat' dir='ltr'><strong>de</strong></span> <span class='ocrx_word' id='word_1_44' title='bbox 1040 1028 1246 1112; x_wconf 89' lang='lat' dir='ltr'><strong>Regis</strong></span> <span class='ocrx_word' id='word_1_45' title='bbox 1289 1048 1504 1109; x_wconf 88' lang='lat' dir='ltr'><strong>causa,</strong></span> <span class='ocrx_word' id='word_1_46' title='bbox 1547 1049 1714 1111; x_wconf 91' lang='lat' dir='ltr'><strong>quae</strong></span> <span class='ocrx_word' id='word_1_47' title='bbox 1756 1049 1905 1096; x_wconf 92' lang='lat' dir='ltr'><strong>cum</strong></span> <span class='ocrx_word' id='word_1_48' title='bbox 1941 1028 2200 1112; x_wconf 90' lang='lat' dir='ltr'><strong>ubique,</strong></span> 
     </span>
     <span class='ocr_line' id='line_1_8' title="bbox 261 1113 2203 1199; baseline 0 -18"><span class='ocrx_word' id='word_1_49' title='bbox 261 1128 396 1181; x_wconf 90' lang='lat' dir='ltr'><strong>tum</strong></span> <span class='ocrx_word' id='word_1_50' title='bbox 437 1113 547 1181; x_wconf 89' lang='lat' dir='ltr'><strong>hic</strong></span> <span class='ocrx_word' id='word_1_51' title='bbox 590 1114 879 1179; x_wconf 82' lang='lat' dir='ltr'><strong>maxime</strong></span> <span class='ocrx_word' id='word_1_52' title='bbox 922 1135 1071 1179; x_wconf 90' lang='lat' dir='ltr'><strong>cum</strong></span> <span class='ocrx_word' id='word_1_53' title='bbox 1117 1114 1482 1199; x_wconf 80' lang='lat' dir='ltr'><strong>Religionis</strong></span> <span class='ocrx_word' id='word_1_54' title='bbox 1522 1115 1810 1199; x_wconf 87' lang='lat' dir='ltr'><strong>periculo</strong></span> <span class='ocrx_word' id='word_1_55' title='bbox 1851 1116 2203 1181; x_wconf 91' lang='lat' dir='ltr'><strong>coniuncta</strong></span> 
     </span>
     <span class='ocr_line' id='line_1_9' title="bbox 258 1199 2203 1284; baseline -0.001 -17"><span class='ocrx_word' id='word_1_56' title='bbox 258 1211 370 1277; x_wconf 87' lang='lat' dir='ltr'><strong>est,</strong></span> <span class='ocrx_word' id='word_1_57' title='bbox 418 1199 708 1265; x_wconf 88' lang='lat' dir='ltr'><strong>breviter</strong></span> <span class='ocrx_word' id='word_1_58' title='bbox 749 1199 1050 1266; x_wconf 90' lang='lat' dir='ltr'><strong>nonnihil</strong></span> <span class='ocrx_word' id='word_1_59' title='bbox 1091 1221 1492 1266; x_wconf 90' lang='lat' dir='ltr'><strong>moneamus.</strong></span> <span class='ocrx_word' id='word_1_60' title='bbox 1579 1202 1728 1266; x_wconf 90' lang='lat' dir='ltr'><strong>Non</strong></span> <span class='ocrx_word' id='word_1_61' title='bbox 1763 1199 1994 1279; x_wconf 87' lang='lat' dir='ltr'><strong>dicam,</strong></span> <span class='ocrx_word' id='word_1_62' title='bbox 2030 1200 2203 1284; x_wconf 92' lang='lat' dir='ltr'><strong>quod</strong></span> 
     </span>
     <span class='ocr_line' id='line_1_10' title="bbox 257 1285 2202 1371; baseline -0.001 -20"><span class='ocrx_word' id='word_1_63' title='bbox 257 1306 478 1352; x_wconf 89' lang='lat' dir='ltr'><strong>omnes</strong></span> <span class='ocrx_word' id='word_1_64' title='bbox 530 1285 721 1351; x_wconf 86' lang='lat' dir='ltr'><strong>fateri</strong></span> <span class='ocrx_word' id='word_1_65' title='bbox 780 1286 1080 1362; x_wconf 90' lang='lat' dir='ltr'><strong>arbitror,</strong></span> <span class='ocrx_word' id='word_1_66' title='bbox 1126 1287 1490 1371; x_wconf 74' lang='lat' dir='ltr'>Religionis</span> <span class='ocrx_word' id='word_1_67' title='bbox 1546 1287 2006 1352; x_wconf 79' lang='lat' dir='ltr'><strong>authoritatem</strong></span> <span class='ocrx_word' id='word_1_68' title='bbox 2051 1306 2202 1352; x_wconf 92' lang='lat' dir='ltr'><strong>cum</strong></span> 
     </span>
     <span class='ocr_line' id='line_1_11' title="bbox 258 1372 2199 1456; baseline -0.001 -18"><span class='ocrx_word' id='word_1_69' title='bbox 258 1372 466 1456; x_wconf 85' lang='lat' dir='ltr'><strong>Regia</strong></span> <span class='ocrx_word' id='word_1_70' title='bbox 507 1372 848 1437; x_wconf 88' lang='lat' dir='ltr'><strong>maiestate</strong></span> <span class='ocrx_word' id='word_1_71' title='bbox 896 1373 989 1436; x_wconf 88' lang='lat' dir='ltr'><strong>ita</strong></span> <span class='ocrx_word' id='word_1_72' title='bbox 1042 1392 1184 1438; x_wconf 89' lang='lat' dir='ltr'><strong>esse</strong></span> <span class='ocrx_word' id='word_1_73' title='bbox 1226 1373 1556 1438; x_wconf 90' lang='lat' dir='ltr'><strong>communi</strong></span> <span class='ocrx_word' id='word_1_74' title='bbox 1597 1372 1875 1455; x_wconf 91' lang='lat' dir='ltr'><strong>quodam</strong></span> <span class='ocrx_word' id='word_1_75' title='bbox 1923 1372 2199 1449; x_wconf 90' lang='lat' dir='ltr'><strong>vinculo,</strong></span> 
     </span>
     <span class='ocr_line' id='line_1_12' title="bbox 257 1458 2203 1542; baseline -0.001 -19"><span class='ocrx_word' id='word_1_76' title='bbox 257 1466 319 1523; x_wconf 89' lang='lat' dir='ltr'><strong>et</strong></span> <span class='ocrx_word' id='word_1_77' title='bbox 372 1459 562 1540; x_wconf 90' lang='lat' dir='ltr'><strong>quasi</strong></span> <span class='ocrx_word' id='word_1_78' title='bbox 620 1458 1008 1541; x_wconf 75' lang='lat' dir='ltr'><strong>cognatione</strong></span> <span class='ocrx_word' id='word_1_79' title='bbox 1063 1458 1341 1540; x_wconf 83' lang='lat' dir='ltr'><strong>quadam</strong></span> <span class='ocrx_word' id='word_1_80' title='bbox 1401 1458 1791 1542; x_wconf 88' lang='lat' dir='ltr'><strong>colligatam,</strong></span> <span class='ocrx_word' id='word_1_81' title='bbox 1854 1469 1927 1523; x_wconf 88' lang='lat' dir='ltr'><strong>ut</strong></span> <span class='ocrx_word' id='word_1_82' title='bbox 1968 1470 2203 1523; x_wconf 89' lang='lat' dir='ltr'><strong>neutra</strong></span> 
     </span>
     <span class='ocr_line' id='line_1_13' title="bbox 256 1542 2199 1626; baseline -0.001 -17"><span class='ocrx_word' id='word_1_83' title='bbox 256 1544 606 1610; x_wconf 75' lang='lat' dir='ltr'><strong>consistere</strong></span> <span class='ocrx_word' id='word_1_84' title='bbox 672 1543 915 1625; x_wconf 87' lang='lat' dir='ltr'><strong>absque</strong></span> <span class='ocrx_word' id='word_1_85' title='bbox 981 1542 1255 1609; x_wconf 88' lang='lat' dir='ltr'><strong>alterius</strong></span> <span class='ocrx_word' id='word_1_86' title='bbox 1318 1545 1642 1626; x_wconf 88' lang='lat' dir='ltr'><strong>praesidio</strong></span> <span class='ocrx_word' id='word_1_87' title='bbox 1658 1591 1673 1621; x_wconf 93' lang='lat'><strong>,</strong></span> <span class='ocrx_word' id='word_1_88' title='bbox 1717 1553 1951 1611; x_wconf 85' lang='lat' dir='ltr'><strong>neutra</strong></span> <span class='ocrx_word' id='word_1_89' title='bbox 2013 1565 2199 1608; x_wconf 89' lang='lat' dir='ltr'><strong>suam</strong></span> 
     </span>
     <span class='ocr_line' id='line_1_14' title="bbox 256 1624 2199 1714; baseline 0 -21"><span class='ocrx_word' id='word_1_90' title='bbox 256 1629 638 1713; x_wconf 84' lang='lat' dir='ltr'><strong>dignitatem</strong></span> <span class='ocrx_word' id='word_1_91' title='bbox 708 1624 840 1714; x_wconf 79' lang='lat' dir='ltr'><strong>[fol.</strong></span> <span class='ocrx_word' id='word_1_92' title='bbox 907 1633 1012 1708; x_wconf 83' lang='lat'><strong>14]</strong></span> <span class='ocrx_word' id='word_1_93' title='bbox 1078 1630 1321 1712; x_wconf 89' lang='lat' dir='ltr'><strong>absque</strong></span> <span class='ocrx_word' id='word_1_94' title='bbox 1398 1629 1667 1696; x_wconf 89' lang='lat' dir='ltr'><strong>alterius</strong></span> <span class='ocrx_word' id='word_1_95' title='bbox 1732 1630 1943 1695; x_wconf 90' lang='lat' dir='ltr'><strong>salute</strong></span> <span class='ocrx_word' id='word_1_96' title='bbox 2005 1630 2199 1708; x_wconf 90' lang='lat' dir='ltr'><strong>tueri,</strong></span> 
     </span>
     <span class='ocr_line' id='line_1_15' title="bbox 256 1713 2198 1798; baseline 0 -18"><span class='ocrx_word' id='word_1_97' title='bbox 256 1726 484 1780; x_wconf 87' lang='lat' dir='ltr'><strong>neutra</strong></span> <span class='ocrx_word' id='word_1_98' title='bbox 541 1713 820 1797; x_wconf 89' lang='lat' dir='ltr'><strong>denique</strong></span> <span class='ocrx_word' id='word_1_99' title='bbox 877 1716 1093 1798; x_wconf 89' lang='lat' dir='ltr'><strong>perire</strong></span> <span class='ocrx_word' id='word_1_100' title='bbox 1137 1714 1382 1798; x_wconf 83' lang='lat' dir='ltr'><strong>absque</strong></span> <span class='ocrx_word' id='word_1_101' title='bbox 1422 1716 1693 1781; x_wconf 89' lang='lat' dir='ltr'><strong>alterius</strong></span> <span class='ocrx_word' id='word_1_102' title='bbox 1737 1716 1937 1781; x_wconf 87' lang='lat' dir='ltr'><strong>exitio</strong></span> <span class='ocrx_word' id='word_1_103' title='bbox 1978 1716 2198 1798; x_wconf 88' lang='lat' dir='ltr'><strong>possit.</strong></span> 
     </span>
     <span class='ocr_line' id='line_1_16' title="bbox 253 1799 2204 1884; baseline -0.001 -19"><span class='ocrx_word' id='word_1_104' title='bbox 253 1800 398 1865; x_wconf 90' lang='lat' dir='ltr'><strong>Non</strong></span> <span class='ocrx_word' id='word_1_105' title='bbox 442 1800 677 1877; x_wconf 88' lang='lat' dir='ltr'><strong>dicam,</strong></span> <span class='ocrx_word' id='word_1_106' title='bbox 721 1801 879 1865; x_wconf 90' lang='lat' dir='ltr'><strong>olim</strong></span> <span class='ocrx_word' id='word_1_107' title='bbox 914 1800 1086 1883; x_wconf 89' lang='lat' dir='ltr'><strong>apud</strong></span> <span class='ocrx_word' id='word_1_108' title='bbox 1129 1799 1409 1867; x_wconf 90' lang='lat' dir='ltr'><strong>Iudaeos</strong></span> <span class='ocrx_word' id='word_1_109' title='bbox 1452 1803 1684 1884; x_wconf 91' lang='lat' dir='ltr'><strong>Remp.</strong></span> <span class='ocrx_word' id='word_1_110' title='bbox 1731 1800 2092 1867; x_wconf 88' lang='lat' dir='ltr'><strong>sacerdotio</strong></span> <span class='ocrx_word' id='word_1_111' title='bbox 2135 1808 2204 1865; x_wconf 90' lang='lat' dir='ltr'><strong>et</strong></span> 
     </span>
     <span class='ocr_line' id='line_1_17' title="bbox 255 1885 2198 1970; baseline 0.001 -19"><span class='ocrx_word' id='word_1_112' title='bbox 255 1907 470 1970; x_wconf 89' lang='lat' dir='ltr'><strong>regn0,</strong></span> <span class='ocrx_word' id='word_1_113' title='bbox 515 1896 594 1952; x_wconf 92' lang='lat' dir='ltr'><strong>ut</strong></span> <span class='ocrx_word' id='word_1_114' title='bbox 626 1885 879 1952; x_wconf 89' lang='lat' dir='ltr'><strong>duabus</strong></span> <span class='ocrx_word' id='word_1_115' title='bbox 914 1886 1190 1952; x_wconf 93' lang='lat' dir='ltr'><strong>summis</strong></span> <span class='ocrx_word' id='word_1_116' title='bbox 1211 1887 1527 1970; x_wconf 88' lang='lat' dir='ltr'><strong>partibus,</strong></span> <span class='ocrx_word' id='word_1_117' title='bbox 1574 1888 1780 1952; x_wconf 90' lang='lat' dir='ltr'><strong>fuisse</strong></span> <span class='ocrx_word' id='word_1_118' title='bbox 1821 1888 2198 1953; x_wconf 87' lang='lat' dir='ltr'><strong>conflatam:</strong></span> 
     </span>
     <span class='ocr_line' id='line_1_18' title="bbox 255 1971 2201 2056; baseline 0 -20"><span class='ocrx_word' id='word_1_119' title='bbox 255 1983 318 2037; x_wconf 89' lang='lat' dir='ltr'><strong>et</strong></span> <span class='ocrx_word' id='word_1_120' title='bbox 381 1971 559 2054; x_wconf 90' lang='lat' dir='ltr'><strong>apud</strong></span> <span class='ocrx_word' id='word_1_121' title='bbox 625 1985 854 2056; x_wconf 85' lang='lat' dir='ltr'><strong>gentes</strong></span> <span class='ocrx_word' id='word_1_122' title='bbox 919 1982 1055 2037; x_wconf 91' lang='lat' dir='ltr'><strong>tam</strong></span> <span class='ocrx_word' id='word_1_123' title='bbox 1119 1971 1343 2038; x_wconf 89' lang='lat' dir='ltr'><strong>doctas</strong></span> <span class='ocrx_word' id='word_1_124' title='bbox 1387 1994 1584 2055; x_wconf 89' lang='lat' dir='ltr'><strong>quam</strong></span> <span class='ocrx_word' id='word_1_125' title='bbox 1650 1972 1956 2038; x_wconf 90' lang='lat' dir='ltr'><strong>barbaras</strong></span> <span class='ocrx_word' id='word_1_126' title='bbox 2008 1973 2201 2037; x_wconf 89' lang='lat' dir='ltr'><strong>sicuti</strong></span> 
     </span>
     <span class='ocr_line' id='line_1_19' title="bbox 251 2058 2201 2142; baseline -0.001 -18"><span class='ocrx_word' id='word_1_127' title='bbox 251 2078 618 2142; x_wconf 85' lang='lat' dir='ltr'><strong>corporum,</strong></span> <span class='ocrx_word' id='word_1_128' title='bbox 657 2058 749 2124; x_wconf 89' lang='lat' dir='ltr'><strong>sic</strong></span> <span class='ocrx_word' id='word_1_129' title='bbox 776 2059 1144 2123; x_wconf 89' lang='lat' dir='ltr'><strong>animorum</strong></span> <span class='ocrx_word' id='word_1_130' title='bbox 1180 2059 1496 2140; x_wconf 89' lang='lat' dir='ltr'><strong>quosdam</strong></span> <span class='ocrx_word' id='word_1_131' title='bbox 1529 2068 1843 2142; x_wconf 87' lang='lat' dir='ltr'><strong>perpetuo</strong></span> <span class='ocrx_word' id='word_1_132' title='bbox 1879 2058 2201 2141; x_wconf 86' lang='lat' dir='ltr'><strong>principes</strong></span> 
     </span>
     <span class='ocr_line' id='line_1_20' title="bbox 254 2143 2200 2227; baseline 0 -19"><span class='ocrx_word' id='word_1_133' title='bbox 254 2158 317 2208; x_wconf 88' lang='lat' dir='ltr'><strong>et</strong></span> <span class='ocrx_word' id='word_1_134' title='bbox 377 2143 829 2208; x_wconf 85' lang='lat' dir='ltr'><strong>moderatores</strong></span> <span class='ocrx_word' id='word_1_135' title='bbox 908 2145 1225 2210; x_wconf 82' lang='lat' dir='ltr'><strong>extitisse.</strong></span> <span class='ocrx_word' id='word_1_136' title='bbox 1332 2144 1483 2210; x_wconf 91' lang='lat' dir='ltr'><strong>Non</strong></span> <span class='ocrx_word' id='word_1_137' title='bbox 1550 2145 1764 2209; x_wconf 90' lang='lat' dir='ltr'><strong>dicam</strong></span> <span class='ocrx_word' id='word_1_138' title='bbox 1829 2143 2027 2227; x_wconf 82' lang='lat' dir='ltr'><strong>(quod</strong></span> <span class='ocrx_word' id='word_1_139' title='bbox 2099 2156 2200 2208; x_wconf 91' lang='lat' dir='ltr'><strong>ta-</strong></span> 
     </span>
     <span class='ocr_line' id='line_1_21' title="bbox 251 2228 2198 2315; baseline 0 -21"><span class='ocrx_word' id='word_1_140' title='bbox 251 2249 396 2294; x_wconf 89' lang='lat' dir='ltr'><strong>men</strong></span> <span class='ocrx_word' id='word_1_141' title='bbox 442 2250 761 2311; x_wconf 89' lang='lat' dir='ltr'><strong>quorsum</strong></span> <span class='ocrx_word' id='word_1_142' title='bbox 818 2230 1161 2312; x_wconf 88' lang='lat' dir='ltr'><strong>pertineat,</strong></span> <span class='ocrx_word' id='word_1_143' title='bbox 1207 2229 1557 2315; x_wconf 85' lang='lat' dir='ltr'><strong>diligenter</strong></span> <span class='ocrx_word' id='word_1_144' title='bbox 1598 2252 1741 2296; x_wconf 91' lang='lat' dir='ltr'><strong>esse</strong></span> <span class='ocrx_word' id='word_1_145' title='bbox 1783 2228 2198 2295; x_wconf 88' lang='lat' dir='ltr'><strong>animadver-</strong></span> 
     </span>
     <span class='ocr_line' id='line_1_22' title="bbox 253 2313 2200 2400; baseline 0 -20"><span class='ocrx_word' id='word_1_146' title='bbox 253 2313 523 2380; x_wconf 91' lang='lat' dir='ltr'><strong>tendum</strong></span> <span class='ocrx_word' id='word_1_147' title='bbox 561 2324 826 2388; x_wconf 90' lang='lat' dir='ltr'><strong>censeo)</strong></span> <span class='ocrx_word' id='word_1_148' title='bbox 873 2336 1001 2380; x_wconf 93' lang='lat' dir='ltr'><strong>non</strong></span> <span class='ocrx_word' id='word_1_149' title='bbox 1044 2315 1282 2380; x_wconf 88' lang='lat' dir='ltr'><strong>minori</strong></span> <span class='ocrx_word' id='word_1_150' title='bbox 1327 2316 1497 2400; x_wconf 91' lang='lat' dir='ltr'><strong>apud</strong></span> <span class='ocrx_word' id='word_1_151' title='bbox 1530 2316 1839 2400; x_wconf 90' lang='lat' dir='ltr'><strong>populum</strong></span> <span class='ocrx_word' id='word_1_152' title='bbox 1884 2313 2200 2381; x_wconf 89' lang='lat' dir='ltr'><strong>Christia-</strong></span> 
     </span>
     <span class='ocr_line' id='line_1_23' title="bbox 251 2400 2197 2485; baseline 0.001 -21"><span class='ocrx_word' id='word_1_153' title='bbox 251 2421 405 2465; x_wconf 91' lang='lat' dir='ltr'><strong>num</strong></span> <span class='ocrx_word' id='word_1_154' title='bbox 465 2401 679 2483; x_wconf 88' lang='lat' dir='ltr'><strong>pretio</strong></span> <span class='ocrx_word' id='word_1_155' title='bbox 743 2400 1098 2468; x_wconf 83' lang='lat' dir='ltr'><strong>Pontifices</strong></span> <span class='ocrx_word' id='word_1_156' title='bbox 1120 2453 1136 2482; x_wconf 91' lang='lat'><strong>,</strong></span> <span class='ocrx_word' id='word_1_157' title='bbox 1203 2422 1398 2483; x_wconf 89' lang='lat' dir='ltr'><strong>quam</strong></span> <span class='ocrx_word' id='word_1_158' title='bbox 1463 2402 1899 2485; x_wconf 63' lang='lat' dir='ltr'><strong>hperatores</strong></span> <span class='ocrx_word' id='word_1_159' title='bbox 1964 2400 2197 2467; x_wconf 89' lang='lat' dir='ltr'><strong>fuisse:</strong></span> 
     </span>
     <span class='ocr_line' id='line_1_24' title="bbox 253 2486 2201 2571; baseline 0 -20"><span class='ocrx_word' id='word_1_160' title='bbox 253 2507 366 2553; x_wconf 90' lang='lat' dir='ltr'><strong>nec</strong></span> <span class='ocrx_word' id='word_1_161' title='bbox 408 2486 674 2552; x_wconf 88' lang='lat' dir='ltr'><strong>illorum</strong></span> <span class='ocrx_word' id='word_1_162' title='bbox 717 2494 1165 2570; x_wconf 87' lang='lat' dir='ltr'><strong>contemptum</strong></span> <span class='ocrx_word' id='word_1_163' title='bbox 1198 2487 1423 2554; x_wconf 91' lang='lat' dir='ltr'><strong>induci</strong></span> <span class='ocrx_word' id='word_1_164' title='bbox 1466 2509 1668 2571; x_wconf 86' lang='lat' dir='ltr'><strong>posse,</strong></span> <span class='ocrx_word' id='word_1_165' title='bbox 1706 2489 1866 2570; x_wconf 90' lang='lat' dir='ltr'><strong>quin</strong></span> <span class='ocrx_word' id='word_1_166' title='bbox 1901 2487 2201 2552; x_wconf 90' lang='lat' dir='ltr'><strong>similiter</strong></span> 
     </span>
     <span class='ocr_line' id='line_1_25' title="bbox 255 2572 2198 2657; baseline 0.001 -20"><span class='ocrx_word' id='word_1_167' title='bbox 255 2572 484 2639; x_wconf 86' lang='lat' dir='ltr'><strong>horum</strong></span> <span class='ocrx_word' id='word_1_168' title='bbox 530 2582 941 2655; x_wconf 91' lang='lat' dir='ltr'><strong>contemptus</strong></span> <span class='ocrx_word' id='word_1_169' title='bbox 976 2572 1442 2657; x_wconf 86' lang='lat' dir='ltr'><strong>despectusque</strong></span> <span class='ocrx_word' id='word_1_170' title='bbox 1476 2584 1924 2656; x_wconf 85' lang='lat' dir='ltr'><strong>consequatur.</strong></span> <span class='ocrx_word' id='word_1_171' title='bbox 2015 2572 2198 2638; x_wconf 70' lang='lat' dir='ltr'><strong>Hoec</strong></span> 
     </span>
     <span class='ocr_line' id='line_1_26' title="bbox 251 2658 2196 2744; baseline -0.001 -21"><span class='ocrx_word' id='word_1_172' title='bbox 251 2659 446 2742; x_wconf 86' lang='lat' dir='ltr'><strong>igitur</strong></span> <span class='ocrx_word' id='word_1_173' title='bbox 505 2680 636 2723; x_wconf 92' lang='lat' dir='ltr'><strong>non</strong></span> <span class='ocrx_word' id='word_1_174' title='bbox 692 2658 922 2736; x_wconf 91' lang='lat' dir='ltr'><strong>dicam,</strong></span> <span class='ocrx_word' id='word_1_175' title='bbox 981 2680 1148 2742; x_wconf 92' lang='lat' dir='ltr'><strong>quae</strong></span> <span class='ocrx_word' id='word_1_176' title='bbox 1201 2661 1408 2725; x_wconf 88' lang='lat' dir='ltr'><strong>satius</strong></span> <span class='ocrx_word' id='word_1_177' title='bbox 1461 2680 1604 2725; x_wconf 89' lang='lat' dir='ltr'><strong>esse</strong></span> <span class='ocrx_word' id='word_1_178' title='bbox 1648 2669 1804 2742; x_wconf 90' lang='lat' dir='ltr'><strong>puto</strong></span> <span class='ocrx_word' id='word_1_179' title='bbox 1846 2660 1916 2723; x_wconf 92' lang='lat' dir='ltr'><strong>in</strong></span> <span class='ocrx_word' id='word_1_180' title='bbox 1953 2661 2196 2744; x_wconf 89' lang='lat' dir='ltr'><strong>cogita-</strong></span> 
     </span>
     <span class='ocr_line' id='line_1_27' title="bbox 251 2744 2198 2829; baseline 0.002 -21"><span class='ocrx_word' id='word_1_181' title='bbox 251 2745 419 2810; x_wconf 82' lang='lat' dir='ltr'><strong>tione</strong></span> <span class='ocrx_word' id='word_1_182' title='bbox 508 2746 1009 2827; x_wconf 89' lang='lat' dir='ltr'><strong>uniuscuiusque</strong></span> <span class='ocrx_word' id='word_1_183' title='bbox 1073 2744 1441 2829; x_wconf 87' lang='lat' dir='ltr'><strong>relinquere</strong></span> <span class='ocrx_word' id='word_1_184' title='bbox 1517 2767 1713 2828; x_wconf 88' lang='lat' dir='ltr'><strong>quam</strong></span> <span class='ocrx_word' id='word_1_185' title='bbox 1774 2748 1847 2810; x_wconf 92' lang='lat' dir='ltr'><strong>in</strong></span> <span class='ocrx_word' id='word_1_186' title='bbox 1907 2744 2198 2811; x_wconf 89' lang='lat' dir='ltr'><strong>oratione</strong></span> 
     </span>
     <span class='ocr_line' id='line_1_28' title="bbox 251 2830 2197 2914; baseline 0.001 -19"><span class='ocrx_word' id='word_1_187' title='bbox 251 2850 395 2895; x_wconf 89' lang='lat' dir='ltr'><strong>mea</strong></span> <span class='ocrx_word' id='word_1_188' title='bbox 437 2851 701 2912; x_wconf 89' lang='lat' dir='ltr'><strong>ponere.</strong></span> <span class='ocrx_word' id='word_1_189' title='bbox 788 2830 850 2894; x_wconf 87' lang='lat' dir='ltr'>N</span> <span class='ocrx_word' id='word_1_190' title='bbox 855 2852 985 2896; x_wconf 89' lang='lat' dir='ltr'><strong>unc</strong></span> <span class='ocrx_word' id='word_1_191' title='bbox 1029 2852 1183 2896; x_wconf 88' lang='lat' dir='ltr'><strong>vero</strong></span> <span class='ocrx_word' id='word_1_192' title='bbox 1227 2830 1459 2909; x_wconf 92' lang='lat' dir='ltr'><strong>dicam,</strong></span> <span class='ocrx_word' id='word_1_193' title='bbox 1505 2832 1674 2914; x_wconf 89' lang='lat' dir='ltr'><strong>quod</strong></span> <span class='ocrx_word' id='word_1_194' title='bbox 1718 2832 1841 2914; x_wconf 91' lang='lat' dir='ltr'><strong>ipsi</strong></span> <span class='ocrx_word' id='word_1_195' title='bbox 1879 2830 2197 2897; x_wconf 89' lang='lat' dir='ltr'><strong>coniicere</strong></span> 
     </span>
     <span class='ocr_line' id='line_1_29' title="bbox 250 2914 2195 2998; baseline 0 -18"><span class='ocrx_word' id='word_1_196' title='bbox 250 2914 399 2980; x_wconf 89' lang='lat' dir='ltr'><strong>olim</strong></span> <span class='ocrx_word' id='word_1_197' title='bbox 444 2916 835 2994; x_wconf 88' lang='lat' dir='ltr'><strong>solebamus,</strong></span> <span class='ocrx_word' id='word_1_198' title='bbox 888 2918 1020 2980; x_wconf 92' lang='lat' dir='ltr'><strong>iam</strong></span> <span class='ocrx_word' id='word_1_199' title='bbox 1075 2917 1204 2981; x_wconf 88' lang='lat' dir='ltr'><strong>iam</strong></span> <span class='ocrx_word' id='word_1_200' title='bbox 1250 2916 1614 2983; x_wconf 87' lang='lat' dir='ltr'><strong>manifestis</strong></span> <span class='ocrx_word' id='word_1_201' title='bbox 1665 2916 1926 2983; x_wconf 89' lang='lat' dir='ltr'><strong>indiciis</strong></span> <span class='ocrx_word' id='word_1_202' title='bbox 1967 2915 2195 2998; x_wconf 87' lang='lat' dir='ltr'><strong>depre-</strong></span> 
     </span>
     <span class='ocr_line' id='line_1_30' title="bbox 251 3000 2195 3080; baseline 0.001 -15"><span class='ocrx_word' id='word_1_203' title='bbox 251 3001 615 3080; x_wconf 89' lang='lat' dir='ltr'><strong>hendimus,</strong></span> <span class='ocrx_word' id='word_1_204' title='bbox 680 3020 802 3066; x_wconf 91' lang='lat' dir='ltr'><strong>nec</strong></span> <span class='ocrx_word' id='word_1_205' title='bbox 865 3011 1125 3066; x_wconf 90' lang='lat' dir='ltr'><strong>tantum</strong></span> <span class='ocrx_word' id='word_1_206' title='bbox 1181 3000 1412 3079; x_wconf 89' lang='lat' dir='ltr'><strong>dicam,</strong></span> <span class='ocrx_word' id='word_1_207' title='bbox 1470 3002 1585 3068; x_wconf 87' lang='lat' dir='ltr'><strong>sed</strong></span> <span class='ocrx_word' id='word_1_208' title='bbox 1643 3003 1725 3068; x_wconf 93' lang='lat' dir='ltr'><strong>ab</strong></span> <span class='ocrx_word' id='word_1_209' title='bbox 1769 3004 1913 3068; x_wconf 89' lang='lat' dir='ltr'><strong>istis</strong></span> <span class='ocrx_word' id='word_1_210' title='bbox 1957 3003 2195 3069; x_wconf 83' lang='lat' dir='ltr'><strong>factam</strong></span> 
     </span>
     <span class='ocr_line' id='line_1_31' title="bbox 251 3086 2196 3165; baseline 0.001 -14"><span class='ocrx_word' id='word_1_211' title='bbox 251 3107 383 3154; x_wconf 89' lang='lat' dir='ltr'><strong>esse</strong></span> <span class='ocrx_word' id='word_1_212' title='bbox 425 3088 967 3164; x_wconf 89' lang='lat' dir='ltr'><strong>coniurationem,</strong></span> <span class='ocrx_word' id='word_1_213' title='bbox 1013 3108 1132 3152; x_wconf 93' lang='lat' dir='ltr'><strong>nec</strong></span> <span class='ocrx_word' id='word_1_214' title='bbox 1173 3088 1364 3154; x_wconf 88' lang='lat' dir='ltr'><strong>modo</strong></span> <span class='ocrx_word' id='word_1_215' title='bbox 1406 3088 1737 3155; x_wconf 86' lang='lat' dir='ltr'><strong>Ecclesiae</strong></span> <span class='ocrx_word' id='word_1_216' title='bbox 1781 3098 2044 3165; x_wconf 89' lang='lat' dir='ltr'><strong>statum,</strong></span> <span class='ocrx_word' id='word_1_217' title='bbox 2081 3086 2196 3153; x_wconf 92' lang='lat' dir='ltr'><strong>sed</strong></span> 
     </span>
     <span class='ocr_line' id='line_1_32' title="bbox 250 3171 2198 3257; baseline 0 -19"><span class='ocrx_word' id='word_1_218' title='bbox 250 3171 532 3257; x_wconf 81' lang='lat' dir='ltr'><strong>Regiam</strong></span> <span class='ocrx_word' id='word_1_219' title='bbox 587 3175 999 3238; x_wconf 89' lang='lat' dir='ltr'><strong>maiestatem</strong></span> <span class='ocrx_word' id='word_1_220' title='bbox 1063 3176 1393 3249; x_wconf 88' lang='lat' dir='ltr'><strong>attentari,</strong></span> <span class='ocrx_word' id='word_1_221' title='bbox 1460 3174 1574 3240; x_wconf 91' lang='lat' dir='ltr'><strong>sed</strong></span> <span class='ocrx_word' id='word_1_222' title='bbox 1632 3176 1924 3239; x_wconf 91' lang='lat' dir='ltr'><strong>omnium</strong></span> <span class='ocrx_word' id='word_1_223' title='bbox 1969 3194 2198 3238; x_wconf 90' lang='lat' dir='ltr'><strong>rerum</strong></span> 
     </span>
     <span class='ocr_line' id='line_1_33' title="bbox 252 3258 2197 3337; baseline -0.001 -13"><span class='ocrx_word' id='word_1_224' title='bbox 252 3258 699 3324; x_wconf 87' lang='lat' dir='ltr'><strong>confusionem</strong></span> <span class='ocrx_word' id='word_1_225' title='bbox 755 3258 997 3337; x_wconf 91' lang='lat' dir='ltr'><strong>induci,</strong></span> <span class='ocrx_word' id='word_1_226' title='bbox 1063 3258 1178 3323; x_wconf 86' lang='lat' dir='ltr'><strong>sed</strong></span> <span class='ocrx_word' id='word_1_227' title='bbox 1230 3274 1608 3325; x_wconf 89' lang='lat' dir='ltr'><strong>cunctorum</strong></span> <span class='ocrx_word' id='word_1_228' title='bbox 1674 3259 1978 3324; x_wconf 89' lang='lat' dir='ltr'><strong>ordinum</strong></span> <span class='ocrx_word' id='word_1_229' title='bbox 2042 3258 2197 3325; x_wconf 93' lang='lat' dir='ltr'><strong>sub-</strong></span> 
     </span>
     <span class='ocr_line' id='line_1_34' title="bbox 249 3343 2194 3429; baseline 0.001 -21"><span class='ocrx_word' id='word_1_230' title='bbox 249 3346 617 3410; x_wconf 77' lang='lat' dir='ltr'><strong>versionem</strong></span> <span class='ocrx_word' id='word_1_231' title='bbox 662 3344 948 3427; x_wconf 89' lang='lat' dir='ltr'><strong>cogitari‚</strong></span> <span class='ocrx_word' id='word_1_232' title='bbox 1009 3343 1484 3411; x_wconf 87' lang='lat' dir='ltr'><strong>demonstrabo.</strong></span> <span class='ocrx_word' id='word_1_233' title='bbox 1586 3345 1942 3429; x_wconf 82' lang='lat' dir='ltr'><strong>Appellent</strong></span> <span class='ocrx_word' id='word_1_234' title='bbox 1987 3367 2194 3428; x_wconf 92' lang='lat' dir='ltr'><strong>quan-</strong></span> 
     </span>
     <span class='ocr_line' id='line_1_35' title="bbox 248 3429 2195 3515; baseline 0.001 -21"><span class='ocrx_word' id='word_1_235' title='bbox 248 3440 384 3494; x_wconf 91' lang='lat' dir='ltr'><strong>tum</strong></span> <span class='ocrx_word' id='word_1_236' title='bbox 444 3430 659 3494; x_wconf 89' lang='lat' dir='ltr'><strong>velint</strong></span> <span class='ocrx_word' id='word_1_237' title='bbox 716 3429 1099 3514; x_wconf 86' lang='lat' dir='ltr'><strong>Evangelia,</strong></span> <span class='ocrx_word' id='word_1_238' title='bbox 1158 3443 1226 3496; x_wconf 89' lang='lat' dir='ltr'><strong>et</strong></span> <span class='ocrx_word' id='word_1_239' title='bbox 1289 3430 1619 3497; x_wconf 89' lang='lat' dir='ltr'><strong>doctrinae</strong></span> <span class='ocrx_word' id='word_1_240' title='bbox 1664 3452 1873 3497; x_wconf 89' lang='lat' dir='ltr'><strong>novae</strong></span> <span class='ocrx_word' id='word_1_241' title='bbox 1914 3434 2195 3515; x_wconf 91' lang='lat' dir='ltr'><strong>speciem</strong></span> 
     </span>
     <span class='ocr_line' id='line_1_36' title="bbox 248 3514 2194 3599; baseline 0.002 -20"><span class='ocrx_word' id='word_1_242' title='bbox 248 3514 740 3581; x_wconf 85' lang='lat' dir='ltr'><strong>nefandissimis</strong></span> <span class='ocrx_word' id='word_1_243' title='bbox 782 3517 919 3581; x_wconf 89' lang='lat' dir='ltr'><strong>suis</strong></span> <span class='ocrx_word' id='word_1_244' title='bbox 958 3517 1202 3599; x_wconf 91' lang='lat' dir='ltr'><strong>coeptis</strong></span> <span class='ocrx_word' id='word_1_245' title='bbox 1244 3516 1620 3582; x_wconf 88' lang='lat' dir='ltr'><strong>obtendant.</strong></span> <span class='ocrx_word' id='word_1_246' title='bbox 1689 3517 1874 3583; x_wconf 86' lang='lat' dir='ltr'><strong>Nihil</strong></span> <span class='ocrx_word' id='word_1_247' title='bbox 1916 3538 2023 3583; x_wconf 90' lang='lat' dir='ltr'><strong>me</strong></span> <span class='ocrx_word' id='word_1_248' title='bbox 2056 3538 2194 3582; x_wconf 90' lang='lat' dir='ltr'><strong>mo·</strong></span> 
     </span>
     <span class='ocr_line' id='line_1_37' title="bbox 246 3599 2195 3686; baseline 0.002 -20"><span class='ocrx_word' id='word_1_249' title='bbox 246 3616 399 3666; x_wconf 87' lang='lat' dir='ltr'><strong>vent</strong></span> <span class='ocrx_word' id='word_1_250' title='bbox 457 3599 751 3683; x_wconf 90' lang='lat' dir='ltr'><strong>speciosa</strong></span> <span class='ocrx_word' id='word_1_251' title='bbox 803 3602 1084 3678; x_wconf 91' lang='lat' dir='ltr'><strong>nomina,</strong></span> <span class='ocrx_word' id='word_1_252' title='bbox 1156 3601 1320 3668; x_wconf 91' lang='lat' dir='ltr'><strong>nihil</strong></span> <span class='ocrx_word' id='word_1_253' title='bbox 1386 3603 1672 3669; x_wconf 87' lang='lat' dir='ltr'><strong>affectati</strong></span> <span class='ocrx_word' id='word_1_254' title='bbox 1738 3604 2195 3686; x_wconf 83' lang='lat' dir='ltr'><strong>elegantesque</strong></span> 
     </span>
     <span class='ocr_line' id='line_1_38' title="bbox 248 3687 2195 3754; baseline 0.002 -4"><span class='ocrx_word' id='word_1_255' title='bbox 248 3687 416 3751; x_wconf 89' lang='lat' dir='ltr'><strong>tituli</strong></span> <span class='ocrx_word' id='word_1_256' title='bbox 453 3708 680 3751; x_wconf 86' lang='lat' dir='ltr'><strong>rerum</strong></span> <span class='ocrx_word' id='word_1_257' title='bbox 716 3687 1063 3752; x_wconf 86' lang='lat' dir='ltr'><strong>veritatem</strong></span> <span class='ocrx_word' id='word_1_258' title='bbox 1097 3699 1378 3754; x_wconf 92' lang='lat' dir='ltr'><strong>mutant.</strong></span> <span class='ocrx_word' id='word_1_259' title='bbox 1467 3690 1618 3754; x_wconf 88' lang='lat' dir='ltr'><strong>Non</strong></span> <span class='ocrx_word' id='word_1_260' title='bbox 1653 3699 1754 3754; x_wconf 90' lang='lat' dir='ltr'><strong>est</strong></span> <span class='ocrx_word' id='word_1_261' title='bbox 1807 3690 2195 3754; x_wconf 89' lang='lat' dir='ltr'><strong>inusitatum</strong></span> 
     </span>
     <span class='ocr_line' id='line_1_39' title="bbox 253 3772 2197 3857; baseline 0.003 -22"><span class='ocrx_word' id='word_1_262' title='bbox 253 3786 361 3837; x_wconf 90' lang='lat' dir='ltr'><strong>aut</strong></span> <span class='ocrx_word' id='word_1_263' title='bbox 404 3772 718 3849; x_wconf 86' lang='lat' dir='ltr'><strong>insolens,</strong></span> <span class='ocrx_word' id='word_1_264' title='bbox 778 3772 949 3855; x_wconf 90' lang='lat' dir='ltr'><strong>quod</strong></span> <span class='ocrx_word' id='word_1_265' title='bbox 1007 3773 1324 3857; x_wconf 87' lang='lat' dir='ltr'><strong>tegendae</strong></span> <span class='ocrx_word' id='word_1_266' title='bbox 1388 3774 1779 3857; x_wconf 86' lang='lat' dir='ltr'><strong>turpitudini</strong></span> <span class='ocrx_word' id='word_1_267' title='bbox 1827 3774 2197 3840; x_wconf 87' lang='lat' dir='ltr'><strong>honestiora</strong></span> 
     </span>
     <span class='ocr_line' id='line_1_40' title="bbox 249 3857 2197 3944; baseline 0.003 -23"><span class='ocrx_word' id='word_1_268' title='bbox 249 3859 602 3936; x_wconf 87' lang='lat' dir='ltr'><strong>involucra,</strong></span> <span class='ocrx_word' id='word_1_269' title='bbox 649 3857 819 3941; x_wconf 90' lang='lat' dir='ltr'><strong>quod</strong></span> <span class='ocrx_word' id='word_1_270' title='bbox 863 3857 1182 3925; x_wconf 80' lang='lat' dir='ltr'><strong>velandae</strong></span> <span class='ocrx_word' id='word_1_271' title='bbox 1226 3858 1567 3943; x_wconf 87' lang='lat' dir='ltr'><strong>cupiditati</strong></span> <span class='ocrx_word' id='word_1_272' title='bbox 1612 3860 1919 3944; x_wconf 90' lang='lat' dir='ltr'><strong>splendor</strong></span> <span class='ocrx_word' id='word_1_273' title='bbox 1964 3861 2197 3943; x_wconf 90' lang='lat' dir='ltr'><strong>aliquis</strong></span> 
     </span>
     <span class='ocr_line' id='line_1_41' title="bbox 251 3944 2197 4028; baseline 0.001 -19"><span class='ocrx_word' id='word_1_274' title='bbox 251 3946 551 4023; x_wconf 80' lang='lat' dir='ltr'><strong>eximius,</strong></span> <span class='ocrx_word' id='word_1_275' title='bbox 610 3959 677 4008; x_wconf 91' lang='lat' dir='ltr'><strong>et</strong></span> <span class='ocrx_word' id='word_1_276' title='bbox 728 3944 1056 4028; x_wconf 87' lang='lat' dir='ltr'><strong>popularis</strong></span> <span class='ocrx_word' id='word_1_277' title='bbox 1110 3965 1304 4011; x_wconf 88' lang='lat' dir='ltr'><strong>causa</strong></span> <span class='ocrx_word' id='word_1_278' title='bbox 1360 3948 1803 4028; x_wconf 86' lang='lat' dir='ltr'><strong>conquiratur.</strong></span> <span class='ocrx_word' id='word_1_279' title='bbox 1889 3946 2080 4013; x_wconf 84' lang='lat' dir='ltr'><strong>Fecit</strong></span> <span class='ocrx_word' id='word_1_280' title='bbox 2121 3946 2197 4011; x_wconf 90' lang='lat' dir='ltr'><strong>il·</strong></span> 
     </span>
     <span class='ocr_line' id='line_1_42' title="bbox 252 4028 2194 4115; baseline 0.002 -23"><span class='ocrx_word' id='word_1_281' title='bbox 252 4028 359 4095; x_wconf 92' lang='lat' dir='ltr'><strong>lud</strong></span> <span class='ocrx_word' id='word_1_282' title='bbox 382 4029 804 4110; x_wconf 81' lang='lat' dir='ltr'><strong>Saturninus,</strong></span> <span class='ocrx_word' id='word_1_283' title='bbox 836 4033 1043 4097; x_wconf 86' lang='lat' dir='ltr'><strong>fecere</strong></span> <span class='ocrx_word' id='word_1_284' title='bbox 1066 4030 1371 4108; x_wconf 82' lang='lat' dir='ltr'><strong>Gracchi,</strong></span> <span class='ocrx_word' id='word_1_285' title='bbox 1408 4032 1518 4114; x_wconf 90' lang='lat' dir='ltr'><strong>qui</strong></span> <span class='ocrx_word' id='word_1_286' title='bbox 1541 4032 1715 4115; x_wconf 90' lang='lat' dir='ltr'><strong>quod</strong></span> <span class='ocrx_word' id='word_1_287' title='bbox 1738 4032 2194 4109; x_wconf 89' lang='lat' dir='ltr'><strong>moliebantur,</strong></span> 
     </span>
     <span class='ocr_line' id='line_1_43' title="bbox 251 4115 2195 4200; baseline 0.001 -20"><span class='ocrx_word' id='word_1_288' title='bbox 251 4136 317 4180; x_wconf 90' lang='lat' dir='ltr'><strong>se</strong></span> <span class='ocrx_word' id='word_1_289' title='bbox 351 4115 576 4199; x_wconf 89' lang='lat' dir='ltr'><strong>populi</strong></span> <span class='ocrx_word' id='word_1_290' title='bbox 620 4118 836 4199; x_wconf 89' lang='lat' dir='ltr'><strong>gratia</strong></span> <span class='ocrx_word' id='word_1_291' title='bbox 877 4118 1220 4199; x_wconf 87' lang='lat' dir='ltr'><strong>suscipere,</strong></span> <span class='ocrx_word' id='word_1_292' title='bbox 1266 4138 1335 4181; x_wconf 94' lang='lat' dir='ltr'><strong>se</strong></span> <span class='ocrx_word' id='word_1_293' title='bbox 1377 4117 1440 4182; x_wconf 91' lang='lat' dir='ltr'><strong>le</strong></span> <span class='ocrx_word' id='word_1_294' title='bbox 1488 4138 1558 4184; x_wconf 90' lang='lat' dir='ltr'><strong>es</strong></span> <span class='ocrx_word' id='word_1_295' title='bbox 1601 4119 1892 4200; x_wconf 88' lang='lat' dir='ltr'><strong>agrarias</strong></span> <span class='ocrx_word' id='word_1_296' title='bbox 1937 4138 2070 4183; x_wconf 91' lang='lat' dir='ltr'><strong>non</strong></span> <span class='ocrx_word' id='word_1_297' title='bbox 2113 4118 2195 4183; x_wconf 92' lang='lat' dir='ltr'><strong>ad</strong></span> 
     </span>
     <span class='ocr_line' id='line_1_44' title="bbox 252 4201 2197 4286; baseline 0.001 -19"><span class='ocrx_word' id='word_1_298' title='bbox 252 4201 689 4277; x_wconf 90' lang='lat' dir='ltr'><strong>evertendam,</strong></span> <span class='ocrx_word' id='word_1_299' title='bbox 744 4201 857 4267; x_wconf 91' lang='lat' dir='ltr'><strong>sed</strong></span> <span class='ocrx_word' id='word_1_300' title='bbox 913 4202 995 4267; x_wconf 87' lang='lat' dir='ltr'><strong>ad</strong></span> <span class='ocrx_word' id='word_1_301' title='bbox 1054 4204 1424 4269; x_wconf 90' lang='lat' dir='ltr'><strong>constituen</strong></span> <span class='ocrx_word' id='word_1_302' title='bbox 1621 4204 1851 4286; x_wconf 91' lang='lat' dir='ltr'><strong>Remp.</strong></span> <span class='ocrx_word' id='word_1_303' title='bbox 1908 4205 2197 4286; x_wconf 86' lang='lat' dir='ltr'><strong>perferre</strong></span> 
     </span>
     <span class='ocr_line' id='line_1_45' title="bbox 253 4286 2198 4372; baseline 0.001 -20"><span class='ocrx_word' id='word_1_304' title='bbox 253 4286 748 4353; x_wconf 87' lang='lat' dir='ltr'><strong>denunciabant.</strong></span> <span class='ocrx_word' id='word_1_305' title='bbox 851 4288 1040 4354; x_wconf 82' lang='lat' dir='ltr'><strong>Fecit</strong></span> <span class='ocrx_word' id='word_1_306' title='bbox 1096 4288 1262 4354; x_wconf 88' lang='lat' dir='ltr'><strong>illud</strong></span> <span class='ocrx_word' id='word_1_307' title='bbox 1323 4289 1515 4372; x_wconf 90' lang='lat' dir='ltr'><strong>paulo</strong></span> <span class='ocrx_word' id='word_1_308' title='bbox 1574 4301 1715 4371; x_wconf 90' lang='lat' dir='ltr'><strong>post</strong></span> <span class='ocrx_word' id='word_1_309' title='bbox 1763 4289 2074 4355; x_wconf 81' lang='lat' dir='ltr'><strong>Catilina:</strong></span> <span class='ocrx_word' id='word_1_310' title='bbox 2122 4298 2198 4354; x_wconf 88' lang='lat' dir='ltr'><strong>ut</strong></span> 
     </span>
     <span class='ocr_line' id='line_1_46' title="bbox 254 4374 2194 4457; baseline 0.001 -20"><span class='ocrx_word' id='word_1_311' title='bbox 254 4392 399 4438; x_wconf 88' lang='lat' dir='ltr'><strong>cum</strong></span> <span class='ocrx_word' id='word_1_312' title='bbox 471 4374 667 4453; x_wconf 86' lang='lat' dir='ltr'><strong>urbis,</strong></span> <span class='ocrx_word' id='word_1_313' title='bbox 730 4386 927 4457; x_wconf 89' lang='lat' dir='ltr'><strong>atque</strong></span> <span class='ocrx_word' id='word_1_314' title='bbox 999 4375 1161 4440; x_wconf 87' lang='lat' dir='ltr'><strong>adeo</strong></span> <span class='ocrx_word' id='word_1_315' title='bbox 1226 4376 1403 4441; x_wconf 91' lang='lat' dir='ltr'><strong>orbis</strong></span> <span class='ocrx_word' id='word_1_316' title='bbox 1470 4375 1756 4440; x_wconf 90' lang='lat' dir='ltr'><strong>Romani</strong></span> <span class='ocrx_word' id='word_1_317' title='bbox 1821 4376 2194 4440; x_wconf 88' lang='lat' dir='ltr'><strong>vastitatem</strong></span> 
     </span>
     <span class='ocr_line' id='line_1_47' title="bbox 253 4460 2192 4544; baseline 0.002 -23"><span class='ocrx_word' id='word_1_318' title='bbox 253 4461 469 4524; x_wconf 90' lang='lat' dir='ltr'><strong>animo</strong></span> <span class='ocrx_word' id='word_1_319' title='bbox 546 4463 980 4542; x_wconf 84' lang='lat' dir='ltr'><strong>concepisset,</strong></span> <span class='ocrx_word' id='word_1_320' title='bbox 1060 4461 1270 4525; x_wconf 89' lang='lat' dir='ltr'><strong>civem</strong></span> <span class='ocrx_word' id='word_1_321' title='bbox 1352 4483 1422 4526; x_wconf 90' lang='lat' dir='ltr'><strong>se</strong></span> <span class='ocrx_word' id='word_1_322' title='bbox 1498 4460 1928 4526; x_wconf 89' lang='lat' dir='ltr'><strong>nihilominus</strong></span> <span class='ocrx_word' id='word_1_323' title='bbox 2001 4461 2192 4544; x_wconf 91' lang='lat' dir='ltr'><strong>Reip.</strong></span> 
     </span>
     <span class='ocr_line' id='line_1_48' title="bbox 255 4544 2197 4630; baseline -0.001 -19"><span class='ocrx_word' id='word_1_324' title='bbox 255 4555 601 4621; x_wconf 76' lang='lat' dir='ltr'><strong>amantem,</strong></span> <span class='ocrx_word' id='word_1_325' title='bbox 636 4547 1012 4622; x_wconf 88' lang='lat' dir='ltr'><strong>officiosum,</strong></span> <span class='ocrx_word' id='word_1_326' title='bbox 1055 4544 1502 4630; x_wconf 88' lang='lat' dir='ltr'><strong>libertatisque</strong></span> <span class='ocrx_word' id='word_1_327' title='bbox 1545 4558 1933 4612; x_wconf 87' lang='lat' dir='ltr'><strong>assertorem</strong></span> <span class='ocrx_word' id='word_1_328' title='bbox 1972 4547 2197 4612; x_wconf 91' lang='lat' dir='ltr'><strong>haberi</strong></span> 
     </span>
     <span class='ocr_line' id='line_1_49' title="bbox 257 4630 2195 4714; baseline 0.001 -19"><span class='ocrx_word' id='word_1_329' title='bbox 257 4633 624 4712; x_wconf 90' lang='lat' dir='ltr'><strong>postularet.</strong></span> <span class='ocrx_word' id='word_1_330' title='bbox 726 4631 968 4696; x_wconf 81' lang='lat' dir='ltr'><strong>Fecere</strong></span> <span class='ocrx_word' id='word_1_331' title='bbox 1026 4630 1302 4714; x_wconf 90' lang='lat' dir='ltr'><strong>denique</strong></span> <span class='ocrx_word' id='word_1_332' title='bbox 1366 4643 1433 4696; x_wconf 90' lang='lat' dir='ltr'><strong>et</strong></span> <span class='ocrx_word' id='word_1_333' title='bbox 1488 4631 1651 4697; x_wconf 89' lang='lat' dir='ltr'><strong>illud</strong></span> <span class='ocrx_word' id='word_1_334' title='bbox 1709 4634 1775 4697; x_wconf 88' lang='lat' dir='ltr'><strong>in</strong></span> <span class='ocrx_word' id='word_1_335' title='bbox 1821 4631 2040 4698; x_wconf 81' lang='lat' dir='ltr'><strong>Gallia</strong></span> <span class='ocrx_word' id='word_1_336' title='bbox 2081 4654 2195 4714; x_wconf 89' lang='lat' dir='ltr'><strong>pa·</strong></span> 
     </span>
     <span class='ocr_line' id='line_1_50' title="bbox 255 4718 2192 4802; baseline 0.001 -21"><span class='ocrx_word' id='word_1_337' title='bbox 255 4724 428 4782; x_wconf 85' lang='lat' dir='ltr'><strong>trum</strong></span> <span class='ocrx_word' id='word_1_338' title='bbox 462 4730 829 4782; x_wconf 86' lang='lat' dir='ltr'><strong>nostrorum</strong></span> <span class='ocrx_word' id='word_1_339' title='bbox 865 4719 1181 4783; x_wconf 90' lang='lat' dir='ltr'><strong>memoria</strong></span> <span class='ocrx_word' id='word_1_340' title='bbox 1214 4718 1464 4782; x_wconf 91' lang='lat' dir='ltr'><strong>nobiles</strong></span> <span class='ocrx_word' id='word_1_341' title='bbox 1500 4719 1743 4802; x_wconf 88' lang='lat' dir='ltr'><strong>aliquot</strong></span> <span class='ocrx_word' id='word_1_342' title='bbox 1777 4732 1844 4782; x_wconf 92' lang='lat' dir='ltr'><strong>et</strong></span> <span class='ocrx_word' id='word_1_343' title='bbox 1878 4739 2192 4800; x_wconf 87' lang='lat' dir='ltr'><strong>proceres,</strong></span> 
     </span>
     <span class='ocr_line' id='line_1_51' title="bbox 254 4802 2195 4890; baseline 0.002 -25"><span class='ocrx_word' id='word_1_344' title='bbox 254 4809 327 4865; x_wconf 90' lang='lat' dir='ltr'><strong>ut</strong></span> <span class='ocrx_word' id='word_1_345' title='bbox 367 4804 438 4865; x_wconf 94' lang='lat' dir='ltr'><strong>in</strong></span> <span class='ocrx_word' id='word_1_346' title='bbox 493 4802 1000 4886; x_wconf 89' lang='lat' dir='ltr'><strong>flagitiosissima</strong></span> <span class='ocrx_word' id='word_1_347' title='bbox 1042 4824 1080 4867; x_wconf 91' lang='lat' dir='ltr'><strong>a</strong></span> <span class='ocrx_word' id='word_1_348' title='bbox 1122 4804 1309 4887; x_wconf 88' lang='lat' dir='ltr'><strong>Rege</strong></span> <span class='ocrx_word' id='word_1_349' title='bbox 1353 4803 1694 4870; x_wconf 88' lang='lat' dir='ltr'><strong>Ludovico</strong></span> <span class='ocrx_word' id='word_1_350' title='bbox 1737 4803 2076 4869; x_wconf 90' lang='lat' dir='ltr'><strong>undecimo</strong></span> <span class='ocrx_word' id='word_1_351' title='bbox 2112 4803 2195 4890; x_wconf 79' lang='lat'><strong>¹²)</strong></span> 
     </span>
     <span class='ocr_line' id='line_1_52' title="bbox 258 4884 2195 4971; baseline 0.003 -22"><span class='ocrx_word' id='word_1_352' title='bbox 258 4884 626 4966; x_wconf 89' lang='lat' dir='ltr'><strong>defectione,</strong></span> <span class='ocrx_word' id='word_1_353' title='bbox 669 4900 736 4952; x_wconf 88' lang='lat' dir='ltr'><strong>et</strong></span> <span class='ocrx_word' id='word_1_354' title='bbox 758 4888 975 4971; x_wconf 86' lang='lat' dir='ltr'><strong>Regni</strong></span> <span class='ocrx_word' id='word_1_355' title='bbox 1010 4887 1357 4971; x_wconf 90' lang='lat' dir='ltr'><strong>diripiendi</strong></span> <span class='ocrx_word' id='word_1_356' title='bbox 1403 4912 1477 4957; x_wconf 90' lang='lat' dir='ltr'><strong>ac</strong></span> <span class='ocrx_word' id='word_1_357' title='bbox 1521 4889 1875 4971; x_wconf 89' lang='lat' dir='ltr'><strong>occupandi</strong></span> <span class='ocrx_word' id='word_1_358' title='bbox 1920 4890 2195 4956; x_wconf 90' lang='lat' dir='ltr'><strong>scelera-</strong></span> 
     </span>
     <span class='ocr_line' id='line_1_53' title="bbox 257 4970 2193 5059; baseline 0.002 -22"><span class='ocrx_word' id='word_1_359' title='bbox 257 4970 504 5038; x_wconf 87' lang='lat' dir='ltr'><strong>tissima</strong></span> <span class='ocrx_word' id='word_1_360' title='bbox 552 4973 913 5051; x_wconf 86' lang='lat' dir='ltr'><strong>vuluntate,</strong></span> <span class='ocrx_word' id='word_1_361' title='bbox 972 4974 1122 5038; x_wconf 91' lang='lat' dir='ltr'><strong>boni</strong></span> <span class='ocrx_word' id='word_1_362' title='bbox 1180 4977 1398 5040; x_wconf 91' lang='lat' dir='ltr'><strong>nescio</strong></span> <span class='ocrx_word' id='word_1_363' title='bbox 1455 4979 1637 5043; x_wconf 88' lang='lat' dir='ltr'><strong>cuius</strong></span> <span class='ocrx_word' id='word_1_364' title='bbox 1682 4974 1924 5059; x_wconf 89' lang='lat' dir='ltr'><strong>publici</strong></span> <span class='ocrx_word' id='word_1_365' title='bbox 1957 4997 2193 5041; x_wconf 85' lang='lat' dir='ltr'><strong>nomen</strong></span> 
     </span>
     <span class='ocr_line' id='line_1_54' title="bbox 259 5057 2195 5140; baseline 0.002 -18"><span class='ocrx_word' id='word_1_366' title='bbox 259 5069 723 5140; x_wconf 84' lang='lat' dir='ltr'><strong>praetexerent.</strong></span> <span class='ocrx_word' id='word_1_367' title='bbox 833 5057 1278 5139; x_wconf 76' lang='lat' dir='ltr'><strong>Quamobrem</strong></span> <span class='ocrx_word' id='word_1_368' title='bbox 1322 5059 1625 5126; x_wconf 92' lang='lat' dir='ltr'><strong>desinant</strong></span> <span class='ocrx_word' id='word_1_369' title='bbox 1681 5061 2001 5126; x_wconf 90' lang='lat' dir='ltr'><strong>coniurati</strong></span> <span class='ocrx_word' id='word_1_370' title='bbox 2050 5060 2195 5126; x_wconf 92' lang='lat' dir='ltr'><strong>diu-</strong></span> 
     </span>
     <span class='ocr_line' id='line_1_55' title="bbox 261 5144 2192 5230; baseline 0.001 -23"><span class='ocrx_word' id='word_1_371' title='bbox 261 5145 388 5208; x_wconf 90' lang='lat' dir='ltr'><strong>tius</strong></span> <span class='ocrx_word' id='word_1_372' title='bbox 435 5144 622 5209; x_wconf 89' lang='lat' dir='ltr'><strong>nobis</strong></span> <span class='ocrx_word' id='word_1_373' title='bbox 677 5166 794 5228; x_wconf 89' lang='lat' dir='ltr'><strong>per</strong></span> <span class='ocrx_word' id='word_1_374' title='bbox 851 5146 1130 5228; x_wconf 90' lang='lat' dir='ltr'><strong>speciem</strong></span> <span class='ocrx_word' id='word_1_375' title='bbox 1188 5146 1530 5211; x_wconf 90' lang='lat' dir='ltr'><strong>simulatae</strong></span> <span class='ocrx_word' id='word_1_376' title='bbox 1573 5147 1835 5230; x_wconf 87' lang='lat' dir='ltr'><strong>pietatis</strong></span> <span class='ocrx_word' id='word_1_377' title='bbox 1879 5145 2192 5212; x_wconf 84' lang='lat' dir='ltr'><strong>illudere:</strong></span> 
     </span>
    </p>
   </div>
   <div class='ocr_carea' id='block_1_3' title="bbox 265 5264 662 5277">
    <p class='ocr_par' dir='ltr' id='par_1_3' title="bbox 265 5264 662 5277">
     <span class='ocr_line' id='line_1_56' title="bbox 265 5264 662 5277; baseline 0 840"><span class='ocrx_word' id='word_1_378' title='bbox 265 5264 662 5277; x_wconf 95' lang='lat' dir='ltr'><strong> </strong></span> 
     </span>
    </p>
   </div>
   <div class='ocr_carea' id='block_1_4' title="bbox 430 5332 1507 5488">
    <p class='ocr_par' dir='ltr' id='par_1_4' title="bbox 430 5332 1507 5488">
     <span class='ocr_line' id='line_1_57' title="bbox 430 5332 1507 5402; baseline 0.001 -17"><span class='ocrx_word' id='word_1_379' title='bbox 430 5333 518 5397; x_wconf 81' lang='lat'><strong>12)</strong></span> <span class='ocrx_word' id='word_1_380' title='bbox 557 5334 649 5389; x_wconf 85' lang='lat' dir='ltr'><strong>La</strong></span> <span class='ocrx_word' id='word_1_381' title='bbox 683 5335 824 5402; x_wconf 68' lang='lat' dir='ltr'><strong>lione</strong></span> <span class='ocrx_word' id='word_1_382' title='bbox 858 5334 937 5389; x_wconf 76' lang='lat' dir='ltr'><strong>du</strong></span> <span class='ocrx_word' id='word_1_383' title='bbox 971 5335 1094 5388; x_wconf 72' lang='lat' dir='ltr'><strong>bien</strong></span> <span class='ocrx_word' id='word_1_384' title='bbox 1124 5335 1321 5402; x_wconf 71' lang='lat' dir='ltr'><strong>public.</strong></span> <span class='ocrx_word' id='word_1_385' title='bbox 1358 5332 1507 5387; x_wconf 82' lang='lat'><strong>1465.</strong></span> 
     </span>
     <span class='ocr_line' id='line_1_58' title="bbox 462 5419 1293 5488; baseline 0 -14"><span class='ocrx_word' id='word_1_386' title='bbox 462 5420 688 5475; x_wconf 70' lang='lat' dir='ltr'><strong>calvini</strong></span> <span class='ocrx_word' id='word_1_387' title='bbox 705 5434 888 5488; x_wconf 78' lang='lat' dir='ltr'><strong>opera.</strong></span> <span class='ocrx_word' id='word_1_388' title='bbox 976 5419 1088 5475; x_wconf 80' lang='lat' dir='ltr'><strong>Vol.</strong></span> <span class='ocrx_word' id='word_1_389' title='bbox 1125 5419 1293 5475; x_wconf 82' lang='lat' dir='ltr'><strong>XIX.</strong></span> 
     </span>
    </p>
   </div>
   <div class='ocr_carea' id='block_1_5' title="bbox 2050 411 2436 479">
    <p class='ocr_par' dir='ltr' id='par_1_5' title="bbox 2050 411 2436 479">
     <span class='ocr_line' id='line_1_59' title="bbox 2050 411 2436 479; baseline 0.01 -4"><span class='ocrx_word' id='word_1_390' title='bbox 2050 414 2211 477; x_wconf 75' lang='lat'><strong>1562</strong></span> <span class='ocrx_word' id='word_1_391' title='bbox 2253 411 2436 479; x_wconf 76' lang='lat' dir='ltr'>IUN-</span> 
     </span>
    </p>
   </div>
   <div class='ocr_carea' id='block_1_6' title="bbox 2246 617 2259 5391">
    <p class='ocr_par' dir='ltr' id='par_1_6' title="bbox 2246 617 2259 5391">
     <span class='ocr_line' id='line_1_60' title="bbox 2246 617 2259 5391; baseline 0 0"><span class='ocrx_word' id='word_1_392' title='bbox 2246 617 2259 5391; x_wconf 95' lang='lat' dir='ltr'><strong> </strong></span> 
     </span>
    </p>
   </div>
   <div class='ocr_carea' id='block_1_7' title="bbox 4121 413 4256 478">
    <p class='ocr_par' dir='ltr' id='par_1_7' title="bbox 4121 413 4256 478">
     <span class='ocr_line' id='line_1_61' title="bbox 4121 413 4256 478; baseline -0.015 0"><span class='ocrx_word' id='word_1_393' title='bbox 4121 413 4256 478; x_wconf 81' lang='lat'><strong>460</strong></span> 
     </span>
    </p>
   </div>
   <div class='ocr_carea' id='block_1_8' title="bbox 2295 599 4253 4546">
    <p class='ocr_par' dir='ltr' id='par_1_8' title="bbox 2295 599 4253 4546">
     <span class='ocr_line' id='line_1_62' title="bbox 2300 599 4252 687; baseline 0.001 -22"><span class='ocrx_word' id='word_1_394' title='bbox 2300 608 2659 683; x_wconf 87' lang='lat' dir='ltr'><strong>agnoscant</strong></span> <span class='ocrx_word' id='word_1_395' title='bbox 2690 599 2977 677; x_wconf 87' lang='lat' dir='ltr'><strong>tandem,</strong></span> <span class='ocrx_word' id='word_1_396' title='bbox 3013 602 3183 684; x_wconf 90' lang='lat' dir='ltr'><strong>quod</strong></span> <span class='ocrx_word' id='word_1_397' title='bbox 3218 621 3627 687; x_wconf 87' lang='lat' dir='ltr'><strong>nequaquam</strong></span> <span class='ocrx_word' id='word_1_398' title='bbox 3659 601 3939 667; x_wconf 89' lang='lat' dir='ltr'><strong>inficiari</strong></span> <span class='ocrx_word' id='word_1_399' title='bbox 3971 605 4252 684; x_wconf 83' lang='lat' dir='ltr'><strong>possunt</strong></span> 
     </span>
     <span class='ocr_line' id='line_1_63' title="bbox 2300 684 4247 772; baseline 0 -21"><span class='ocrx_word' id='word_1_400' title='bbox 2300 707 2370 751; x_wconf 90' lang='lat' dir='ltr'><strong>se</strong></span> <span class='ocrx_word' id='word_1_401' title='bbox 2433 693 2656 767; x_wconf 89' lang='lat' dir='ltr'><strong>aperte</strong></span> <span class='ocrx_word' id='word_1_402' title='bbox 2701 687 3008 765; x_wconf 81' lang='lat' dir='ltr'><strong>Galliam,</strong></span> <span class='ocrx_word' id='word_1_403' title='bbox 3054 688 3323 772; x_wconf 88' lang='lat' dir='ltr'><strong>Regem,</strong></span> <span class='ocrx_word' id='word_1_404' title='bbox 3368 689 3696 771; x_wconf 88' lang='lat' dir='ltr'><strong>Regnum,</strong></span> <span class='ocrx_word' id='word_1_405' title='bbox 3740 685 4075 764; x_wconf 77' lang='lat' dir='ltr'><strong>Precor-es,</strong></span> <span class='ocrx_word' id='word_1_406' title='bbox 4121 684 4247 752; x_wconf 81' lang='lat' dir='ltr'><strong>Se-</strong></span> 
     </span>
     <span class='ocr_line' id='line_1_64' title="bbox 2299 771 4250 858; baseline 0 -22"><span class='ocrx_word' id='word_1_407' title='bbox 2299 783 2550 849; x_wconf 90' lang='lat' dir='ltr'><strong>natum,</strong></span> <span class='ocrx_word' id='word_1_408' title='bbox 2596 772 2841 854; x_wconf 90' lang='lat' dir='ltr'><strong>templa</strong></span> <span class='ocrx_word' id='word_1_409' title='bbox 2874 771 3143 850; x_wconf 89' lang='lat' dir='ltr'><strong>Ohristi,</strong></span> <span class='ocrx_word' id='word_1_410' title='bbox 3189 782 3360 840; x_wconf 88' lang='lat' dir='ltr'><strong>tecta</strong></span> <span class='ocrx_word' id='word_1_411' title='bbox 3402 773 3624 858; x_wconf 91' lang='lat' dir='ltr'><strong>populi</strong></span> <span class='ocrx_word' id='word_1_412' title='bbox 3664 781 3903 856; x_wconf 91' lang='lat' dir='ltr'><strong>petere,</strong></span> <span class='ocrx_word' id='word_1_413' title='bbox 3950 771 4250 837; x_wconf 90' lang='lat' dir='ltr'><strong>domina-</strong></span> 
     </span>
     <span class='ocr_line' id='line_1_65' title="bbox 2299 857 4247 943; baseline 0.001 -22"><span class='ocrx_word' id='word_1_414' title='bbox 2299 857 2543 923; x_wconf 89' lang='lat' dir='ltr'><strong>tionem</strong></span> <span class='ocrx_word' id='word_1_415' title='bbox 2590 857 2854 936; x_wconf 89' lang='lat' dir='ltr'><strong>ambire,</strong></span> <span class='ocrx_word' id='word_1_416' title='bbox 2900 879 3121 924; x_wconf 89' lang='lat' dir='ltr'><strong>rerum</strong></span> <span class='ocrx_word' id='word_1_417' title='bbox 3157 860 3354 943; x_wconf 89' lang='lat' dir='ltr'><strong>potiri</strong></span> <span class='ocrx_word' id='word_1_418' title='bbox 3400 860 3600 925; x_wconf 90' lang='lat' dir='ltr'><strong>velle:</strong></span> <span class='ocrx_word' id='word_1_419' title='bbox 3639 859 3919 941; x_wconf 91' lang='lat' dir='ltr'><strong>denique</strong></span> <span class='ocrx_word' id='word_1_420' title='bbox 3963 857 4247 923; x_wconf 88' lang='lat' dir='ltr'><strong>honores</strong></span> 
     </span>
     <span class='ocr_line' id='line_1_66' title="bbox 2299 944 4249 1028; baseline 0 -20"><span class='ocrx_word' id='word_1_421' title='bbox 2299 963 2460 1026; x_wconf 91' lang='lat' dir='ltr'><strong>quos</strong></span> <span class='ocrx_word' id='word_1_422' title='bbox 2502 945 2721 1025; x_wconf 87' lang='lat' dir='ltr'><strong>quieta</strong></span> <span class='ocrx_word' id='word_1_423' title='bbox 2761 944 2925 1026; x_wconf 88' lang='lat' dir='ltr'><strong>Rep.</strong></span> <span class='ocrx_word' id='word_1_424' title='bbox 2980 944 3343 1028; x_wconf 91' lang='lat' dir='ltr'><strong>desperant,</strong></span> <span class='ocrx_word' id='word_1_425' title='bbox 3398 945 3778 1028; x_wconf 89' lang='lat' dir='ltr'><strong>perturbata</strong></span> <span class='ocrx_word' id='word_1_426' title='bbox 3828 944 4135 1026; x_wconf 87' lang='lat' dir='ltr'><strong>consequi</strong></span> <span class='ocrx_word' id='word_1_427' title='bbox 4173 963 4249 1008; x_wconf 89' lang='lat' dir='ltr'><strong>se</strong></span> 
     </span>
     <span class='ocr_line' id='line_1_67' title="bbox 2301 1025 4244 1115; baseline 0 -22"><span class='ocrx_word' id='word_1_428' title='bbox 2301 1048 2488 1111; x_wconf 90' lang='lat' dir='ltr'><strong>posse</strong></span> <span class='ocrx_word' id='word_1_429' title='bbox 2543 1029 2865 1095; x_wconf 87' lang='lat' dir='ltr'><strong>arbitrari.</strong></span> <span class='ocrx_word' id='word_1_430' title='bbox 2968 1028 3164 1110; x_wconf 79' lang='lat' dir='ltr'><strong>Quod</strong></span> <span class='ocrx_word' id='word_1_431' title='bbox 3222 1034 3277 1097; x_wconf 90' lang='lat' dir='ltr'><strong>si</strong></span> <span class='ocrx_word' id='word_1_432' title='bbox 3330 1030 3493 1096; x_wconf 87' lang='lat' dir='ltr'><strong>falsa</strong></span> <span class='ocrx_word' id='word_1_433' title='bbox 3551 1029 3802 1111; x_wconf 91' lang='lat' dir='ltr'><strong>obiicio,</strong></span> <span class='ocrx_word' id='word_1_434' title='bbox 3857 1029 4061 1094; x_wconf 84' lang='lat' dir='ltr'><strong>velim</strong></span> <span class='ocrx_word' id='word_1_435' title='bbox 4105 1025 4244 1115; x_wconf 76' lang='lat' dir='ltr'><strong>[fol.</strong></span> 
     </span>
     <span class='ocr_line' id='line_1_68' title="bbox 2305 1113 4246 1197; baseline 0.001 -20"><span class='ocrx_word' id='word_1_436' title='bbox 2305 1118 2405 1193; x_wconf 80' lang='lat'><strong>15]</strong></span> <span class='ocrx_word' id='word_1_437' title='bbox 2463 1113 2741 1179; x_wconf 90' lang='lat' dir='ltr'><strong>reddant</strong></span> <span class='ocrx_word' id='word_1_438' title='bbox 2795 1116 3138 1193; x_wconf 87' lang='lat' dir='ltr'><strong>rationem,</strong></span> <span class='ocrx_word' id='word_1_439' title='bbox 3195 1136 3311 1181; x_wconf 91' lang='lat' dir='ltr'><strong>cur</strong></span> <span class='ocrx_word' id='word_1_440' title='bbox 3367 1116 3644 1183; x_wconf 83' lang='lat' dir='ltr'><strong>Geneva</strong></span> <span class='ocrx_word' id='word_1_441' title='bbox 3695 1117 3858 1180; x_wconf 91' lang='lat' dir='ltr'><strong>urbe</strong></span> <span class='ocrx_word' id='word_1_442' title='bbox 3911 1122 4246 1197; x_wconf 87' lang='lat' dir='ltr'><strong>occupata,</strong></span> 
     </span>
     <span class='ocr_line' id='line_1_69' title="bbox 2302 1199 4250 1285; baseline -0.001 -21"><span class='ocrx_word' id='word_1_443' title='bbox 2302 1199 2555 1265; x_wconf 90' lang='lat' dir='ltr'><strong>Ducem</strong></span> <span class='ocrx_word' id='word_1_444' title='bbox 2579 1221 2699 1265; x_wconf 90' lang='lat' dir='ltr'><strong>sua</strong></span> <span class='ocrx_word' id='word_1_445' title='bbox 2719 1200 2891 1280; x_wconf 91' lang='lat' dir='ltr'><strong>sede,</strong></span> <span class='ocrx_word' id='word_1_446' title='bbox 2912 1201 3306 1285; x_wconf 84' lang='lat' dir='ltr'><strong>Episcopum</strong></span> <span class='ocrx_word' id='word_1_447' title='bbox 3344 1221 3463 1267; x_wconf 90' lang='lat' dir='ltr'><strong>suo</strong></span> <span class='ocrx_word' id='word_1_448' title='bbox 3485 1202 3645 1268; x_wconf 87' lang='lat' dir='ltr'><strong>solio</strong></span> <span class='ocrx_word' id='word_1_449' title='bbox 3669 1199 4142 1267; x_wconf 82' lang='lat' dir='ltr'><strong>deturbarunt?</strong></span> <span class='ocrx_word' id='word_1_450' title='bbox 4156 1200 4250 1283; x_wconf 83' lang='lat'><strong>¹⁸)</strong></span> 
     </span>
     <span class='ocr_line' id='line_1_70' title="bbox 2301 1284 4247 1372; baseline 0.001 -23"><span class='ocrx_word' id='word_1_451' title='bbox 2301 1284 2577 1352; x_wconf 85' lang='lat' dir='ltr'><strong>Veteres</strong></span> <span class='ocrx_word' id='word_1_452' title='bbox 2634 1286 2897 1369; x_wconf 92' lang='lat' dir='ltr'><strong>quidem</strong></span> <span class='ocrx_word' id='word_1_453' title='bbox 2950 1287 3424 1367; x_wconf 86' lang='lat' dir='ltr'><strong>Iurisconsulti,</strong></span> <span class='ocrx_word' id='word_1_454' title='bbox 3482 1309 3588 1354; x_wconf 92' lang='lat' dir='ltr'><strong>res</strong></span> <span class='ocrx_word' id='word_1_455' title='bbox 3649 1307 3819 1372; x_wconf 91' lang='lat' dir='ltr'><strong>quae</strong></span> <span class='ocrx_word' id='word_1_456' title='bbox 3871 1287 3944 1350; x_wconf 90' lang='lat' dir='ltr'><strong>in</strong></span> <span class='ocrx_word' id='word_1_457' title='bbox 3999 1284 4247 1351; x_wconf 87' lang='lat' dir='ltr'><strong>nullius</strong></span> 
     </span>
     <span class='ocr_line' id='line_1_71' title="bbox 2302 1371 4249 1457; baseline 0 -21"><span class='ocrx_word' id='word_1_458' title='bbox 2302 1371 2491 1437; x_wconf 90' lang='lat' dir='ltr'><strong>bonis</strong></span> <span class='ocrx_word' id='word_1_459' title='bbox 2549 1379 2616 1436; x_wconf 92' lang='lat' dir='ltr'><strong>et</strong></span> <span class='ocrx_word' id='word_1_460' title='bbox 2671 1373 3067 1456; x_wconf 89' lang='lat' dir='ltr'><strong>patrimonio</strong></span> <span class='ocrx_word' id='word_1_461' title='bbox 3123 1382 3360 1453; x_wconf 90' lang='lat' dir='ltr'><strong>essent,</strong></span> <span class='ocrx_word' id='word_1_462' title='bbox 3406 1375 3466 1439; x_wconf 91' lang='lat' dir='ltr'><strong>ei</strong></span> <span class='ocrx_word' id='word_1_463' title='bbox 3500 1375 3610 1456; x_wconf 90' lang='lat' dir='ltr'><strong>qui</strong></span> <span class='ocrx_word' id='word_1_464' title='bbox 3654 1375 3905 1457; x_wconf 88' lang='lat' dir='ltr'><strong>primus</strong></span> <span class='ocrx_word' id='word_1_465' title='bbox 3946 1371 4249 1455; x_wconf 89' lang='lat' dir='ltr'><strong>cepisset,</strong></span> 
     </span>
     <span class='ocr_line' id='line_1_72' title="bbox 2299 1455 4248 1542; baseline 0 -20"><span class='ocrx_word' id='word_1_466' title='bbox 2299 1455 2527 1523; x_wconf 89' lang='lat' dir='ltr'><strong>cedere</strong></span> <span class='ocrx_word' id='word_1_467' title='bbox 2584 1459 2954 1523; x_wconf 87' lang='lat' dir='ltr'><strong>voluerunt:</strong></span> <span class='ocrx_word' id='word_1_468' title='bbox 3013 1458 3276 1525; x_wconf 90' lang='lat' dir='ltr'><strong>domino</strong></span> <span class='ocrx_word' id='word_1_469' title='bbox 3326 1461 3764 1542; x_wconf 89' lang='lat' dir='ltr'><strong>possessiones</strong></span> <span class='ocrx_word' id='word_1_470' title='bbox 3813 1458 4008 1541; x_wconf 89' lang='lat' dir='ltr'><strong>eripi,</strong></span> <span class='ocrx_word' id='word_1_471' title='bbox 4064 1458 4248 1523; x_wconf 88' lang='lat' dir='ltr'><strong>nefa-</strong></span> 
     </span>
     <span class='ocr_line' id='line_1_73' title="bbox 2298 1542 4249 1627; baseline 0 -20"><span class='ocrx_word' id='word_1_472' title='bbox 2298 1545 2490 1623; x_wconf 89' lang='lat' dir='ltr'><strong>rium,</strong></span> <span class='ocrx_word' id='word_1_473' title='bbox 2533 1543 2899 1627; x_wconf 88' lang='lat' dir='ltr'><strong>indignum,</strong></span> <span class='ocrx_word' id='word_1_474' title='bbox 2942 1546 3245 1622; x_wconf 91' lang='lat' dir='ltr'><strong>immane,</strong></span> <span class='ocrx_word' id='word_1_475' title='bbox 3282 1545 3640 1610; x_wconf 87' lang='lat' dir='ltr'><strong>violentum</strong></span> <span class='ocrx_word' id='word_1_476' title='bbox 3663 1543 4051 1611; x_wconf 88' lang='lat' dir='ltr'><strong>iudicarunt.</strong></span> <span class='ocrx_word' id='word_1_477' title='bbox 4104 1542 4249 1607; x_wconf 84' lang='lat' dir='ltr'><strong>Vos</strong></span> 
     </span>
     <span class='ocr_line' id='line_1_74' title="bbox 2300 1626 4249 1714; baseline 0.001 -22"><span class='ocrx_word' id='word_1_478' title='bbox 2300 1627 2470 1711; x_wconf 92' lang='lat' dir='ltr'><strong>quod</strong></span> <span class='ocrx_word' id='word_1_479' title='bbox 2506 1630 2657 1694; x_wconf 91' lang='lat' dir='ltr'><strong>iura</strong></span> <span class='ocrx_word' id='word_1_480' title='bbox 2704 1631 3018 1713; x_wconf 89' lang='lat' dir='ltr'><strong>gentium,</strong></span> <span class='ocrx_word' id='word_1_481' title='bbox 3076 1631 3243 1714; x_wconf 86' lang='lat' dir='ltr'><strong>quod</strong></span> <span class='ocrx_word' id='word_1_482' title='bbox 3298 1631 3497 1713; x_wconf 88' lang='lat' dir='ltr'><strong>leges,</strong></span> <span class='ocrx_word' id='word_1_483' title='bbox 3540 1629 3709 1713; x_wconf 91' lang='lat' dir='ltr'><strong>quod</strong></span> <span class='ocrx_word' id='word_1_484' title='bbox 3763 1631 3973 1695; x_wconf 91' lang='lat' dir='ltr'><strong>omnis</strong></span> <span class='ocrx_word' id='word_1_485' title='bbox 4015 1626 4249 1694; x_wconf 89' lang='lat' dir='ltr'><strong>barba-</strong></span> 
     </span>
     <span class='ocr_line' id='line_1_75' title="bbox 2301 1715 4251 1795; baseline 0.001 -17"><span class='ocrx_word' id='word_1_486' title='bbox 2301 1735 2524 1779; x_wconf 89' lang='lat' dir='ltr'><strong>rorum</strong></span> <span class='ocrx_word' id='word_1_487' title='bbox 2583 1716 2987 1781; x_wconf 90' lang='lat' dir='ltr'><strong>consuetudo</strong></span> <span class='ocrx_word' id='word_1_488' title='bbox 3046 1726 3254 1795; x_wconf 88' lang='lat' dir='ltr'><strong>vetat,</strong></span> <span class='ocrx_word' id='word_1_489' title='bbox 3322 1718 3509 1781; x_wconf 88' lang='lat' dir='ltr'><strong>vobis</strong></span> <span class='ocrx_word' id='word_1_490' title='bbox 3572 1715 3786 1795; x_wconf 88' lang='lat' dir='ltr'><strong>licere,</strong></span> <span class='ocrx_word' id='word_1_491' title='bbox 3846 1717 4114 1791; x_wconf 90' lang='lat' dir='ltr'><strong>iustum,</strong></span> <span class='ocrx_word' id='word_1_492' title='bbox 4173 1734 4251 1779; x_wconf 90' lang='lat' dir='ltr'><strong>ac</strong></span> 
     </span>
     <span class='ocr_line' id='line_1_76' title="bbox 2300 1798 4248 1884; baseline 0.001 -20"><span class='ocrx_word' id='word_1_493' title='bbox 2300 1798 2714 1866; x_wconf 85' lang='lat' dir='ltr'><strong>Christianae</strong></span> <span class='ocrx_word' id='word_1_494' title='bbox 2758 1801 3145 1884; x_wconf 87' lang='lat' dir='ltr'><strong>professioni</strong></span> <span class='ocrx_word' id='word_1_495' title='bbox 3201 1812 3709 1869; x_wconf 89' lang='lat' dir='ltr'><strong>consentaneum</strong></span> <span class='ocrx_word' id='word_1_496' title='bbox 3756 1821 3899 1867; x_wconf 90' lang='lat' dir='ltr'><strong>esse</strong></span> <span class='ocrx_word' id='word_1_497' title='bbox 3941 1799 4248 1866; x_wconf 91' lang='lat' dir='ltr'><strong>defende-</strong></span> 
     </span>
     <span class='ocr_line' id='line_1_77' title="bbox 2300 1885 4253 1971; baseline 0 -21"><span class='ocrx_word' id='word_1_498' title='bbox 2300 1885 2428 1952; x_wconf 80' lang='lat' dir='ltr'><strong>tis?</strong></span> <span class='ocrx_word' id='word_1_499' title='bbox 2520 1886 2828 1953; x_wconf 88' lang='lat' dir='ltr'><strong>Ohristus</strong></span> <span class='ocrx_word' id='word_1_500' title='bbox 2880 1908 3030 1953; x_wconf 90' lang='lat' dir='ltr'><strong>cum</strong></span> <span class='ocrx_word' id='word_1_501' title='bbox 3083 1888 3157 1952; x_wconf 91' lang='lat' dir='ltr'><strong>in</strong></span> <span class='ocrx_word' id='word_1_502' title='bbox 3201 1889 3393 1954; x_wconf 90' lang='lat' dir='ltr'><strong>terris</strong></span> <span class='ocrx_word' id='word_1_503' title='bbox 3445 1889 3656 1971; x_wconf 90' lang='lat' dir='ltr'><strong>figura</strong></span> <span class='ocrx_word' id='word_1_504' title='bbox 3698 1886 3959 1951; x_wconf 91' lang='lat' dir='ltr'><strong>mortali</strong></span> <span class='ocrx_word' id='word_1_505' title='bbox 4003 1896 4253 1969; x_wconf 84' lang='lat' dir='ltr'><strong>ageret,</strong></span> 
     </span>
     <span class='ocr_line' id='line_1_78' title="bbox 2298 1968 4250 2057; baseline 0.001 -21"><span class='ocrx_word' id='word_1_506' title='bbox 2298 1971 2618 2038; x_wconf 88' lang='lat' dir='ltr'><strong>tributum</strong></span> <span class='ocrx_word' id='word_1_507' title='bbox 2685 1973 2951 2038; x_wconf 85' lang='lat' dir='ltr'><strong>Caesari</strong></span> <span class='ocrx_word' id='word_1_508' title='bbox 3022 1968 3356 2057; x_wconf 80' lang='lat' dir='ltr'><strong>pependit:</strong></span> <span class='ocrx_word' id='word_1_509' title='bbox 3422 1975 3562 2039; x_wconf 88' lang='lat' dir='ltr'><strong>eius</strong></span> <span class='ocrx_word' id='word_1_510' title='bbox 3625 1972 3910 2056; x_wconf 87' lang='lat' dir='ltr'><strong>imagine</strong></span> <span class='ocrx_word' id='word_1_511' title='bbox 3971 1992 4250 2037; x_wconf 90' lang='lat' dir='ltr'><strong>numum</strong></span> 
     </span>
     <span class='ocr_line' id='line_1_79' title="bbox 2299 2057 4244 2142; baseline -0.002 -19"><span class='ocrx_word' id='word_1_512' title='bbox 2299 2060 2629 2142; x_wconf 88' lang='lat' dir='ltr'><strong>signatum</strong></span> <span class='ocrx_word' id='word_1_513' title='bbox 2684 2059 2985 2142; x_wconf 87' lang='lat' dir='ltr'><strong>agnovit:</strong></span> <span class='ocrx_word' id='word_1_514' title='bbox 3089 2059 3373 2137; x_wconf 88' lang='lat' dir='ltr'><strong>ansari,</strong></span> <span class='ocrx_word' id='word_1_515' title='bbox 3426 2076 3593 2142; x_wconf 90' lang='lat' dir='ltr'><strong>quae</strong></span> <span class='ocrx_word' id='word_1_516' title='bbox 3649 2057 3949 2124; x_wconf 89' lang='lat' dir='ltr'><strong>ansaris</strong></span> <span class='ocrx_word' id='word_1_517' title='bbox 4005 2066 4244 2134; x_wconf 90' lang='lat' dir='ltr'><strong>essent,</strong></span> 
     </span>
     <span class='ocr_line' id='line_1_80' title="bbox 2300 2143 4247 2227; baseline -0.001 -18"><span class='ocrx_word' id='word_1_518' title='bbox 2300 2144 2694 2227; x_wconf 89' lang='lat' dir='ltr'><strong>praestanda</strong></span> <span class='ocrx_word' id='word_1_519' title='bbox 2736 2165 2880 2209; x_wconf 90' lang='lat' dir='ltr'><strong>esse</strong></span> <span class='ocrx_word' id='word_1_520' title='bbox 2923 2144 3276 2211; x_wconf 84' lang='lat' dir='ltr'><strong>mandavit.</strong></span> <span class='ocrx_word' id='word_1_521' title='bbox 3363 2144 3505 2210; x_wconf 89' lang='lat' dir='ltr'><strong>Vos</strong></span> <span class='ocrx_word' id='word_1_522' title='bbox 3547 2144 3919 2211; x_wconf 83' lang='lat' dir='ltr'><strong>Genevensi</strong></span> <span class='ocrx_word' id='word_1_523' title='bbox 3963 2143 4247 2226; x_wconf 88' lang='lat' dir='ltr'><strong>principi</strong></span> 
     </span>
     <span class='ocr_line' id='line_1_81' title="bbox 2300 2225 4245 2313; baseline -0.001 -18"><span class='ocrx_word' id='word_1_524' title='bbox 2300 2229 2698 2313; x_wconf 88' lang='lat' dir='ltr'><strong>obsequium,</strong></span> <span class='ocrx_word' id='word_1_525' title='bbox 2743 2230 3084 2313; x_wconf 84' lang='lat' dir='ltr'><strong>stipendia,</strong></span> <span class='ocrx_word' id='word_1_526' title='bbox 3120 2230 3598 2297; x_wconf 86' lang='lat' dir='ltr'><strong>observantiam</strong></span> <span class='ocrx_word' id='word_1_527' title='bbox 3636 2251 3769 2295; x_wconf 92' lang='lat' dir='ltr'><strong>non</strong></span> <span class='ocrx_word' id='word_1_528' title='bbox 3812 2228 4005 2294; x_wconf 92' lang='lat' dir='ltr'><strong>modo</strong></span> <span class='ocrx_word' id='word_1_529' title='bbox 4048 2225 4245 2293; x_wconf 90' lang='lat' dir='ltr'><strong>dene-</strong></span> 
     </span>
     <span class='ocr_line' id='line_1_82' title="bbox 2299 2312 4246 2401; baseline -0.002 -21"><span class='ocrx_word' id='word_1_530' title='bbox 2299 2316 2485 2399; x_wconf 88' lang='lat' dir='ltr'><strong>getis.</strong></span> <span class='ocrx_word' id='word_1_531' title='bbox 2511 2314 2625 2381; x_wconf 90' lang='lat' dir='ltr'><strong>sed</strong></span> <span class='ocrx_word' id='word_1_532' title='bbox 2659 2316 2800 2382; x_wconf 90' lang='lat' dir='ltr'><strong>eius</strong></span> <span class='ocrx_word' id='word_1_533' title='bbox 2833 2337 3156 2382; x_wconf 91' lang='lat' dir='ltr'><strong>summam</strong></span> <span class='ocrx_word' id='word_1_534' title='bbox 3179 2316 3642 2383; x_wconf 84' lang='lat' dir='ltr'><strong>authoritatem</strong></span> <span class='ocrx_word' id='word_1_535' title='bbox 3674 2318 3746 2382; x_wconf 91' lang='lat' dir='ltr'><strong>in</strong></span> <span class='ocrx_word' id='word_1_536' title='bbox 3768 2312 4246 2401; x_wconf 88' lang='lat' dir='ltr'><strong>praecipiendo,</strong></span> 
     </span>
     <span class='ocr_line' id='line_1_83' title="bbox 2299 2401 4245 2484; baseline 0.002 -18"><span class='ocrx_word' id='word_1_537' title='bbox 2299 2401 2630 2481; x_wconf 91' lang='lat' dir='ltr'><strong>edicendo,</strong></span> <span class='ocrx_word' id='word_1_538' title='bbox 2710 2403 2986 2484; x_wconf 89' lang='lat' dir='ltr'><strong>pecunia</strong></span> <span class='ocrx_word' id='word_1_539' title='bbox 3053 2403 3366 2483; x_wconf 91' lang='lat' dir='ltr'><strong>cudenda,</strong></span> <span class='ocrx_word' id='word_1_540' title='bbox 3436 2402 3618 2468; x_wconf 89' lang='lat' dir='ltr'><strong>urbis</strong></span> <span class='ocrx_word' id='word_1_541' title='bbox 3682 2403 4245 2469; x_wconf 85' lang='lat' dir='ltr'><strong>administratione</strong></span> 
     </span>
     <span class='ocr_line' id='line_1_84' title="bbox 2302 2486 4243 2573; baseline 0.001 -21"><span class='ocrx_word' id='word_1_542' title='bbox 2302 2486 2587 2570; x_wconf 88' lang='lat' dir='ltr'><strong>gerenda</strong></span> <span class='ocrx_word' id='word_1_543' title='bbox 2640 2486 2984 2553; x_wconf 89' lang='lat' dir='ltr'><strong>vindicetis</strong></span> <span class='ocrx_word' id='word_1_544' title='bbox 3004 2487 3036 2550; x_wconf 76' lang='lat'><strong>⁴?</strong></span> <span class='ocrx_word' id='word_1_545' title='bbox 3140 2487 3322 2569; x_wconf 78' lang='lat' dir='ltr'><strong>Quid</strong></span> <span class='ocrx_word' id='word_1_546' title='bbox 3377 2489 3701 2573; x_wconf 87' lang='lat' dir='ltr'><strong>principes</strong></span> <span class='ocrx_word' id='word_1_547' title='bbox 3775 2491 4033 2567; x_wconf 86' lang='lat' dir='ltr'><strong>caeteri,</strong></span> <span class='ocrx_word' id='word_1_548' title='bbox 4088 2489 4243 2572; x_wconf 92' lang='lat' dir='ltr'><strong>quid</strong></span> 
     </span>
     <span class='ocr_line' id='line_1_85' title="bbox 2300 2572 4249 2657; baseline 0.001 -19"><span class='ocrx_word' id='word_1_549' title='bbox 2300 2573 2403 2638; x_wconf 89' lang='lat' dir='ltr'><strong>Re</strong></span> <span class='ocrx_word' id='word_1_550' title='bbox 2450 2595 2539 2652; x_wconf 90' lang='lat' dir='ltr'><strong>es,</strong></span> <span class='ocrx_word' id='word_1_551' title='bbox 2598 2572 2753 2656; x_wconf 87' lang='lat' dir='ltr'><strong>quid</strong></span> <span class='ocrx_word' id='word_1_552' title='bbox 2796 2573 3236 2657; x_wconf 87' lang='lat' dir='ltr'><strong>Imperatores</strong></span> <span class='ocrx_word' id='word_1_553' title='bbox 3295 2575 3376 2639; x_wconf 91' lang='lat' dir='ltr'><strong>de</strong></span> <span class='ocrx_word' id='word_1_554' title='bbox 3429 2577 3612 2641; x_wconf 91' lang='lat' dir='ltr'><strong>vobis</strong></span> <span class='ocrx_word' id='word_1_555' title='bbox 3654 2575 4053 2652; x_wconf 89' lang='lat' dir='ltr'><strong>iudicabunt,</strong></span> <span class='ocrx_word' id='word_1_556' title='bbox 4097 2597 4249 2641; x_wconf 91' lang='lat' dir='ltr'><strong>cum</strong></span> 
     </span>
     <span class='ocr_line' id='line_1_86' title="bbox 2298 2596 4249 2744; baseline 0.001 -20"><span class='ocrx_word' id='word_1_557' title='bbox 2298 2596 2569 2725; x_wconf 68' lang='lat' dir='ltr'><strong>audgient</strong></span> <span class='ocrx_word' id='word_1_558' title='bbox 2612 2680 2736 2725; x_wconf 88' lang='lat' dir='ltr'><strong>vos</strong></span> <span class='ocrx_word' id='word_1_559' title='bbox 2789 2659 3048 2724; x_wconf 90' lang='lat' dir='ltr'><strong>initium</strong></span> <span class='ocrx_word' id='word_1_560' title='bbox 3108 2672 3365 2726; x_wconf 89' lang='lat' dir='ltr'><strong>vestrae</strong></span> <span class='ocrx_word' id='word_1_561' title='bbox 3416 2660 3717 2727; x_wconf 86' lang='lat' dir='ltr'><strong>factionis</strong></span> <span class='ocrx_word' id='word_1_562' title='bbox 3760 2682 3801 2726; x_wconf 91' lang='lat' dir='ltr'><strong>a</strong></span> <span class='ocrx_word' id='word_1_563' title='bbox 3843 2672 3979 2726; x_wconf 86' lang='lat' dir='ltr'><strong>tam</strong></span> <span class='ocrx_word' id='word_1_564' title='bbox 4023 2662 4249 2744; x_wconf 92' lang='lat' dir='ltr'><strong>iniqua</strong></span> 
     </span>
     <span class='ocr_line' id='line_1_87' title="bbox 2299 2744 4247 2830; baseline 0.001 -20"><span class='ocrx_word' id='word_1_565' title='bbox 2299 2744 2481 2810; x_wconf 91' lang='lat' dir='ltr'><strong>urbis</strong></span> <span class='ocrx_word' id='word_1_566' title='bbox 2514 2745 2767 2810; x_wconf 90' lang='lat' dir='ltr'><strong>alienae</strong></span> <span class='ocrx_word' id='word_1_567' title='bbox 2801 2745 3226 2829; x_wconf 88' lang='lat' dir='ltr'><strong>occupatione</strong></span> <span class='ocrx_word' id='word_1_568' title='bbox 3264 2747 3465 2812; x_wconf 87' lang='lat' dir='ltr'><strong>fuisse</strong></span> <span class='ocrx_word' id='word_1_569' title='bbox 3499 2748 3864 2830; x_wconf 83' lang='lat' dir='ltr'><strong>auspicatos</strong></span> <span class='ocrx_word' id='word_1_570' title='bbox 3884 2747 3917 2809; x_wconf 71' lang='lat'><strong>‘3</strong></span> <span class='ocrx_word' id='word_1_571' title='bbox 3962 2749 4074 2811; x_wconf 85' lang='lat' dir='ltr'><strong>An</strong></span> <span class='ocrx_word' id='word_1_572' title='bbox 4108 2765 4247 2811; x_wconf 91' lang='lat' dir='ltr'><strong>non</strong></span> 
     </span>
     <span class='ocr_line' id='line_1_88' title="bbox 2298 2830 4245 2915; baseline 0 -19"><span class='ocrx_word' id='word_1_573' title='bbox 2298 2853 2382 2897; x_wconf 86' lang='lat' dir='ltr'><strong>ex</strong></span> <span class='ocrx_word' id='word_1_574' title='bbox 2441 2830 2564 2896; x_wconf 91' lang='lat' dir='ltr'><strong>hoc</strong></span> <span class='ocrx_word' id='word_1_575' title='bbox 2617 2850 2748 2896; x_wconf 91' lang='lat' dir='ltr'><strong>uno</strong></span> <span class='ocrx_word' id='word_1_576' title='bbox 2802 2831 3172 2896; x_wconf 86' lang='lat' dir='ltr'><strong>rudimento</strong></span> <span class='ocrx_word' id='word_1_577' title='bbox 3226 2831 3307 2896; x_wconf 91' lang='lat' dir='ltr'><strong>de</strong></span> <span class='ocrx_word' id='word_1_578' title='bbox 3365 2831 3629 2915; x_wconf 90' lang='lat' dir='ltr'><strong>reliquis</strong></span> <span class='ocrx_word' id='word_1_579' title='bbox 3686 2833 3925 2898; x_wconf 87' lang='lat' dir='ltr'><strong>vestris</strong></span> <span class='ocrx_word' id='word_1_580' title='bbox 3991 2832 4245 2911; x_wconf 88' lang='lat' dir='ltr'><strong>studiis,</strong></span> 
     </span>
     <span class='ocr_line' id='line_1_89' title="bbox 2299 2915 4245 3001; baseline 0 -19"><span class='ocrx_word' id='word_1_581' title='bbox 2299 2917 2380 2982; x_wconf 89' lang='lat' dir='ltr'><strong>de</strong></span> <span class='ocrx_word' id='word_1_582' title='bbox 2440 2918 2798 2995; x_wconf 91' lang='lat' dir='ltr'><strong>voluntate,</strong></span> <span class='ocrx_word' id='word_1_583' title='bbox 2856 2915 2937 2982; x_wconf 90' lang='lat' dir='ltr'><strong>de</strong></span> <span class='ocrx_word' id='word_1_584' title='bbox 2995 2917 3262 2982; x_wconf 89' lang='lat' dir='ltr'><strong>consilio</strong></span> <span class='ocrx_word' id='word_1_585' title='bbox 3325 2917 3812 2996; x_wconf 88' lang='lat' dir='ltr'><strong>existimabunt,</strong></span> <span class='ocrx_word' id='word_1_586' title='bbox 3859 2919 4245 3001; x_wconf 89' lang='lat' dir='ltr'><strong>praesertim</strong></span> 
     </span>
     <span class='ocr_line' id='line_1_90' title="bbox 2298 3001 4248 3088; baseline 0.001 -21"><span class='ocrx_word' id='word_1_587' title='bbox 2298 3022 2447 3067; x_wconf 91' lang='lat' dir='ltr'><strong>cum</strong></span> <span class='ocrx_word' id='word_1_588' title='bbox 2490 3001 2573 3067; x_wconf 86' lang='lat' dir='ltr'><strong>ad</strong></span> <span class='ocrx_word' id='word_1_589' title='bbox 2616 3003 2816 3068; x_wconf 89' lang='lat' dir='ltr'><strong>unius</strong></span> <span class='ocrx_word' id='word_1_590' title='bbox 2840 3002 3155 3069; x_wconf 83' lang='lat' dir='ltr'><strong>Genevae</strong></span> <span class='ocrx_word' id='word_1_591' title='bbox 3186 3003 3563 3086; x_wconf 86' lang='lat' dir='ltr'><strong>exemplum</strong></span> <span class='ocrx_word' id='word_1_592' title='bbox 3596 3014 3666 3068; x_wconf 93' lang='lat' dir='ltr'><strong>et</strong></span> <span class='ocrx_word' id='word_1_593' title='bbox 3686 3005 3977 3088; x_wconf 90' lang='lat' dir='ltr'><strong>regulam</strong></span> <span class='ocrx_word' id='word_1_594' title='bbox 4012 3013 4248 3071; x_wconf 89' lang='lat' dir='ltr'><strong>cuncta</strong></span> 
     </span>
     <span class='ocr_line' id='line_1_91' title="bbox 2297 3089 4246 3173; baseline 0.002 -20"><span class='ocrx_word' id='word_1_595' title='bbox 2297 3089 2471 3154; x_wconf 89' lang='lat' dir='ltr'><strong>orbis</strong></span> <span class='ocrx_word' id='word_1_596' title='bbox 2533 3108 2740 3172; x_wconf 90' lang='lat' dir='ltr'><strong>regna</strong></span> <span class='ocrx_word' id='word_1_597' title='bbox 2802 3099 2870 3153; x_wconf 91' lang='lat' dir='ltr'><strong>et</strong></span> <span class='ocrx_word' id='word_1_598' title='bbox 2925 3090 3202 3171; x_wconf 89' lang='lat' dir='ltr'><strong>imperia</strong></span> <span class='ocrx_word' id='word_1_599' title='bbox 3252 3090 3538 3155; x_wconf 87' lang='lat' dir='ltr'><strong>formare</strong></span> <span class='ocrx_word' id='word_1_600' title='bbox 3596 3098 3793 3171; x_wconf 91' lang='lat' dir='ltr'><strong>atque</strong></span> <span class='ocrx_word' id='word_1_601' title='bbox 3858 3108 4246 3173; x_wconf 87' lang='lat' dir='ltr'><strong>componere</strong></span> 
     </span>
     <span class='ocr_line' id='line_1_92' title="bbox 2297 3173 4250 3258; baseline 0.001 -19"><span class='ocrx_word' id='word_1_602' title='bbox 2297 3175 2614 3240; x_wconf 85' lang='lat' dir='ltr'><strong>statuatis.</strong></span> <span class='ocrx_word' id='word_1_603' title='bbox 2706 3173 2900 3254; x_wconf 77' lang='lat' dir='ltr'><strong>Quod</strong></span> <span class='ocrx_word' id='word_1_604' title='bbox 2945 3174 3004 3240; x_wconf 92' lang='lat' dir='ltr'><strong>si</strong></span> <span class='ocrx_word' id='word_1_605' title='bbox 3046 3195 3167 3258; x_wconf 89' lang='lat' dir='ltr'><strong>ego</strong></span> <span class='ocrx_word' id='word_1_606' title='bbox 3207 3174 3378 3239; x_wconf 88' lang='lat' dir='ltr'><strong>idem</strong></span> <span class='ocrx_word' id='word_1_607' title='bbox 3425 3196 3541 3241; x_wconf 91' lang='lat' dir='ltr'><strong>vos</strong></span> <span class='ocrx_word' id='word_1_608' title='bbox 3574 3177 3647 3240; x_wconf 92' lang='lat' dir='ltr'><strong>in</strong></span> <span class='ocrx_word' id='word_1_609' title='bbox 3692 3174 3916 3241; x_wconf 83' lang='lat' dir='ltr'><strong>Gallia</strong></span> <span class='ocrx_word' id='word_1_610' title='bbox 3954 3184 4250 3241; x_wconf 89' lang='lat' dir='ltr'><strong>tentasse</strong></span> 
     </span>
     <span class='ocr_line' id='line_1_93' title="bbox 2299 3258 4246 3343; baseline 0.001 -19"><span class='ocrx_word' id='word_1_611' title='bbox 2299 3258 2596 3335; x_wconf 90' lang='lat' dir='ltr'><strong>docuero,</strong></span> <span class='ocrx_word' id='word_1_612' title='bbox 2644 3281 2728 3324; x_wconf 91' lang='lat' dir='ltr'><strong>an</strong></span> <span class='ocrx_word' id='word_1_613' title='bbox 2785 3280 2916 3324; x_wconf 91' lang='lat' dir='ltr'><strong>non</strong></span> <span class='ocrx_word' id='word_1_614' title='bbox 2961 3260 3255 3340; x_wconf 88' lang='lat' dir='ltr'><strong>effecero,</strong></span> <span class='ocrx_word' id='word_1_615' title='bbox 3289 3259 3489 3343; x_wconf 85' lang='lat' dir='ltr'><strong>(quod</strong></span> <span class='ocrx_word' id='word_1_616' title='bbox 3534 3281 3791 3327; x_wconf 92' lang='lat' dir='ltr'><strong>mecum</strong></span> <span class='ocrx_word' id='word_1_617' title='bbox 3828 3261 3899 3326; x_wconf 95' lang='lat' dir='ltr'><strong>in</strong></span> <span class='ocrx_word' id='word_1_618' title='bbox 3940 3260 4064 3326; x_wconf 89' lang='lat' dir='ltr'><strong>hac</strong></span> <span class='ocrx_word' id='word_1_619' title='bbox 4098 3280 4246 3326; x_wconf 90' lang='lat' dir='ltr'><strong>ora·</strong></span> 
     </span>
     <span class='ocr_line' id='line_1_94' title="bbox 2298 3345 4247 3429; baseline 0.001 -19"><span class='ocrx_word' id='word_1_620' title='bbox 2298 3346 2498 3425; x_wconf 90' lang='lat' dir='ltr'><strong>tione,</strong></span> <span class='ocrx_word' id='word_1_621' title='bbox 2563 3356 2708 3410; x_wconf 91' lang='lat' dir='ltr'><strong>tum</strong></span> <span class='ocrx_word' id='word_1_622' title='bbox 2767 3345 3020 3412; x_wconf 89' lang='lat' dir='ltr'><strong>duabus</strong></span> <span class='ocrx_word' id='word_1_623' title='bbox 3062 3346 3207 3411; x_wconf 90' lang='lat' dir='ltr'><strong>aliis</strong></span> <span class='ocrx_word' id='word_1_624' title='bbox 3250 3366 3412 3427; x_wconf 88' lang='lat' dir='ltr'><strong>quas</strong></span> <span class='ocrx_word' id='word_1_625' title='bbox 3454 3346 3537 3412; x_wconf 93' lang='lat' dir='ltr'><strong>de</strong></span> <span class='ocrx_word' id='word_1_626' title='bbox 3579 3347 4058 3429; x_wconf 89' lang='lat' dir='ltr'><strong>conspiratione</strong></span> <span class='ocrx_word' id='word_1_627' title='bbox 4103 3368 4247 3412; x_wconf 90' lang='lat' dir='ltr'><strong>ves-</strong></span> 
     </span>
     <span class='ocr_line' id='line_1_95' title="bbox 2297 3431 4249 3517; baseline -0.001 -20"><span class='ocrx_word' id='word_1_628' title='bbox 2297 3442 2401 3497; x_wconf 93' lang='lat' dir='ltr'><strong>tra</strong></span> <span class='ocrx_word' id='word_1_629' title='bbox 2441 3443 2736 3510; x_wconf 85' lang='lat' dir='ltr'><strong>contexe,</strong></span> <span class='ocrx_word' id='word_1_630' title='bbox 2778 3432 3105 3498; x_wconf 88' lang='lat' dir='ltr'><strong>facturum</strong></span> <span class='ocrx_word' id='word_1_631' title='bbox 3148 3431 3428 3505; x_wconf 90' lang='lat' dir='ltr'><strong>confido)</strong></span> <span class='ocrx_word' id='word_1_632' title='bbox 3471 3441 3548 3497; x_wconf 92' lang='lat' dir='ltr'><strong>ut</strong></span> <span class='ocrx_word' id='word_1_633' title='bbox 3586 3444 3811 3499; x_wconf 84' lang='lat' dir='ltr'><strong>vestra</strong></span> <span class='ocrx_word' id='word_1_634' title='bbox 3852 3435 3924 3499; x_wconf 90' lang='lat' dir='ltr'><strong>in</strong></span> <span class='ocrx_word' id='word_1_635' title='bbox 3967 3433 4249 3517; x_wconf 87' lang='lat' dir='ltr'><strong>patriam</strong></span> 
     </span>
     <span class='ocr_line' id='line_1_96' title="bbox 2296 3516 4244 3603; baseline 0.001 -21"><span class='ocrx_word' id='word_1_636' title='bbox 2296 3516 2461 3595; x_wconf 91' lang='lat' dir='ltr'><strong>odia,</strong></span> <span class='ocrx_word' id='word_1_637' title='bbox 2483 3517 2736 3582; x_wconf 88' lang='lat' dir='ltr'><strong>nefaria</strong></span> <span class='ocrx_word' id='word_1_638' title='bbox 2765 3519 2835 3581; x_wconf 94' lang='lat' dir='ltr'><strong>in</strong></span> <span class='ocrx_word' id='word_1_639' title='bbox 2856 3517 3061 3583; x_wconf 89' lang='lat' dir='ltr'><strong>bonos</strong></span> <span class='ocrx_word' id='word_1_640' title='bbox 3081 3518 3314 3597; x_wconf 89' lang='lat' dir='ltr'><strong>studia,</strong></span> <span class='ocrx_word' id='word_1_641' title='bbox 3336 3518 3666 3584; x_wconf 89' lang='lat' dir='ltr'><strong>illustrata</strong></span> <span class='ocrx_word' id='word_1_642' title='bbox 3684 3520 4007 3603; x_wconf 85' lang='lat' dir='ltr'><strong>patefacta</strong></span> <span class='ocrx_word' id='word_1_643' title='bbox 4027 3518 4244 3603; x_wconf 89' lang='lat' dir='ltr'><strong>palam</strong></span> 
     </span>
     <span class='ocr_line' id='line_1_97' title="bbox 2295 3601 4243 3689; baseline -0.001 -20"><span class='ocrx_word' id='word_1_644' title='bbox 2295 3604 2500 3669; x_wconf 90' lang='lat' dir='ltr'><strong>oculis</strong></span> <span class='ocrx_word' id='word_1_645' title='bbox 2554 3601 2945 3668; x_wconf 82' lang='lat' dir='ltr'><strong>videamus?</strong></span> <span class='ocrx_word' id='word_1_646' title='bbox 3034 3604 3258 3669; x_wconf 89' lang='lat' dir='ltr'><strong>Redeo</strong></span> <span class='ocrx_word' id='word_1_647' title='bbox 3312 3604 3516 3689; x_wconf 89' lang='lat' dir='ltr'><strong>igitur</strong></span> <span class='ocrx_word' id='word_1_648' title='bbox 3570 3603 3651 3669; x_wconf 91' lang='lat' dir='ltr'><strong>ad</strong></span> <span class='ocrx_word' id='word_1_649' title='bbox 3710 3615 3793 3683; x_wconf 91' lang='lat' dir='ltr'><strong>te,</strong></span> <span class='ocrx_word' id='word_1_650' title='bbox 3838 3606 4029 3678; x_wconf 81' lang='lat' dir='ltr'><strong>Beza,</strong></span> <span class='ocrx_word' id='word_1_651' title='bbox 4085 3624 4243 3687; x_wconf 89' lang='lat' dir='ltr'><strong>quo-</strong></span> 
     </span>
     <span class='ocr_line' id='line_1_98' title="bbox 2297 3687 4246 3771; baseline 0.001 -17"><span class='ocrx_word' id='word_1_652' title='bbox 2297 3689 2473 3754; x_wconf 89' lang='lat' dir='ltr'><strong>niam</strong></span> <span class='ocrx_word' id='word_1_653' title='bbox 2540 3697 2687 3771; x_wconf 91' lang='lat' dir='ltr'><strong>post</strong></span> <span class='ocrx_word' id='word_1_654' title='bbox 2740 3687 3089 3755; x_wconf 79' lang='lat' dir='ltr'><strong>Calvinum</strong></span> <span class='ocrx_word' id='word_1_655' title='bbox 3157 3690 3621 3757; x_wconf 89' lang='lat' dir='ltr'><strong>coniurationis</strong></span> <span class='ocrx_word' id='word_1_656' title='bbox 3684 3690 4109 3757; x_wconf 85' lang='lat' dir='ltr'><strong>architectum</strong></span> <span class='ocrx_word' id='word_1_657' title='bbox 4179 3699 4246 3755; x_wconf 90' lang='lat' dir='ltr'><strong>te</strong></span> 
     </span>
     <span class='ocr_line' id='line_1_99' title="bbox 2297 3775 4243 3860; baseline -0.001 -19"><span class='ocrx_word' id='word_1_658' title='bbox 2297 3775 2614 3841; x_wconf 88' lang='lat' dir='ltr'><strong>secundas</strong></span> <span class='ocrx_word' id='word_1_659' title='bbox 2667 3786 2887 3857; x_wconf 89' lang='lat' dir='ltr'><strong>partes</strong></span> <span class='ocrx_word' id='word_1_660' title='bbox 2941 3786 3165 3841; x_wconf 90' lang='lat' dir='ltr'><strong>tenere</strong></span> <span class='ocrx_word' id='word_1_661' title='bbox 3223 3777 3485 3860; x_wconf 92' lang='lat' dir='ltr'><strong>accipio.</strong></span> <span class='ocrx_word' id='word_1_662' title='bbox 3573 3777 3935 3842; x_wconf 83' lang='lat' dir='ltr'><strong>Meministi</strong></span> <span class='ocrx_word' id='word_1_663' title='bbox 3980 3797 4128 3842; x_wconf 92' lang='lat' dir='ltr'><strong>cum</strong></span> <span class='ocrx_word' id='word_1_664' title='bbox 4172 3776 4243 3839; x_wconf 94' lang='lat' dir='ltr'><strong>in</strong></span> 
     </span>
     <span class='ocr_line' id='line_1_100' title="bbox 2299 3859 4251 3945; baseline 0 -21"><span class='ocrx_word' id='word_1_665' title='bbox 2299 3862 2440 3925; x_wconf 90' lang='lat' dir='ltr'><strong>vico</strong></span> <span class='ocrx_word' id='word_1_666' title='bbox 2492 3859 2807 3926; x_wconf 88' lang='lat' dir='ltr'><strong>Iacobaeo</strong></span> <span class='ocrx_word' id='word_1_667' title='bbox 2856 3862 3163 3927; x_wconf 87' lang='lat' dir='ltr'><strong>Lutetiae</strong></span> <span class='ocrx_word' id='word_1_668' title='bbox 3199 3864 3281 3944; x_wconf 79' lang='lat'><strong>¹⁴)</strong></span> <span class='ocrx_word' id='word_1_669' title='bbox 3355 3864 3760 3945; x_wconf 90' lang='lat' dir='ltr'><strong>promiscuus</strong></span> <span class='ocrx_word' id='word_1_670' title='bbox 3823 3862 4118 3926; x_wconf 88' lang='lat' dir='ltr'><strong>virorum</strong></span> <span class='ocrx_word' id='word_1_671' title='bbox 4179 3870 4251 3925; x_wconf 89' lang='lat' dir='ltr'><strong>et</strong></span> 
     </span>
     <span class='ocr_line' id='line_1_101' title="bbox 2296 3945 4244 4030; baseline 0.002 -21"><span class='ocrx_word' id='word_1_672' title='bbox 2296 3945 2729 4010; x_wconf 87' lang='lat' dir='ltr'><strong>foeminarum</strong></span> <span class='ocrx_word' id='word_1_673' title='bbox 2779 3967 3093 4013; x_wconf 89' lang='lat' dir='ltr'><strong>numerus</strong></span> <span class='ocrx_word' id='word_1_674' title='bbox 3151 3957 3365 4014; x_wconf 87' lang='lat' dir='ltr'><strong>certas</strong></span> <span class='ocrx_word' id='word_1_675' title='bbox 3410 3948 3491 4012; x_wconf 91' lang='lat' dir='ltr'><strong>ad</strong></span> <span class='ocrx_word' id='word_1_676' title='bbox 3542 3946 3754 4023; x_wconf 92' lang='lat' dir='ltr'><strong>aedes,</strong></span> <span class='ocrx_word' id='word_1_677' title='bbox 3800 3956 4112 4030; x_wconf 89' lang='lat' dir='ltr'><strong>tanquam</strong></span> <span class='ocrx_word' id='word_1_678' title='bbox 4158 3946 4244 4012; x_wconf 86' lang='lat' dir='ltr'><strong>ad</strong></span> 
     </span>
     <span class='ocr_line' id='line_1_102' title="bbox 2300 4030 4243 4116; baseline 0 -18"><span class='ocrx_word' id='word_1_679' title='bbox 2300 4030 2558 4098; x_wconf 84' lang='lat' dir='ltr'><strong>Cereris</strong></span> <span class='ocrx_word' id='word_1_680' title='bbox 2627 4036 2943 4115; x_wconf 82' lang='lat' dir='ltr'><strong>mysteria</strong></span> <span class='ocrx_word' id='word_1_681' title='bbox 3007 4034 3326 4109; x_wconf 88' lang='lat' dir='ltr'><strong>coivisset,</strong></span> <span class='ocrx_word' id='word_1_682' title='bbox 3384 4032 3678 4116; x_wconf 87' lang='lat' dir='ltr'><strong>Regique</strong></span> <span class='ocrx_word' id='word_1_683' title='bbox 3738 4032 4028 4098; x_wconf 89' lang='lat' dir='ltr'><strong>Henrico</strong></span> <span class='ocrx_word' id='word_1_684' title='bbox 4090 4052 4243 4098; x_wconf 90' lang='lat' dir='ltr'><strong>noc-</strong></span> 
     </span>
     <span class='ocr_line' id='line_1_103' title="bbox 2298 4115 4242 4201; baseline 0.001 -20"><span class='ocrx_word' id='word_1_685' title='bbox 2298 4129 2495 4183; x_wconf 89' lang='lat' dir='ltr'><strong>turna</strong></span> <span class='ocrx_word' id='word_1_686' title='bbox 2535 4115 2650 4181; x_wconf 91' lang='lat' dir='ltr'><strong>illa</strong></span> <span class='ocrx_word' id='word_1_687' title='bbox 2699 4137 2886 4184; x_wconf 89' lang='lat' dir='ltr'><strong>sacra</strong></span> <span class='ocrx_word' id='word_1_688' title='bbox 2943 4118 3131 4184; x_wconf 90' lang='lat' dir='ltr'><strong>valde</strong></span> <span class='ocrx_word' id='word_1_689' title='bbox 3176 4118 3672 4201; x_wconf 88' lang='lat' dir='ltr'><strong>displicuissent,</strong></span> <span class='ocrx_word' id='word_1_690' title='bbox 3718 4128 3785 4182; x_wconf 89' lang='lat' dir='ltr'><strong>te</strong></span> <span class='ocrx_word' id='word_1_691' title='bbox 3828 4118 4050 4184; x_wconf 87' lang='lat' dir='ltr'><strong>statim</strong></span> <span class='ocrx_word' id='word_1_692' title='bbox 4088 4138 4242 4183; x_wconf 93' lang='lat' dir='ltr'><strong>con-</strong></span> 
     </span>
     <span class='ocr_line' id='line_1_104' title="bbox 2297 4203 4241 4285; baseline -0.001 -15"><span class='ocrx_word' id='word_1_693' title='bbox 2297 4204 2496 4270; x_wconf 89' lang='lat' dir='ltr'><strong>citato</strong></span> <span class='ocrx_word' id='word_1_694' title='bbox 2552 4223 2754 4269; x_wconf 90' lang='lat' dir='ltr'><strong>cursu</strong></span> <span class='ocrx_word' id='word_1_695' title='bbox 2807 4204 2877 4268; x_wconf 92' lang='lat' dir='ltr'><strong>in</strong></span> <span class='ocrx_word' id='word_1_696' title='bbox 2922 4203 3352 4269; x_wconf 82' lang='lat' dir='ltr'><strong>Germaniam</strong></span> <span class='ocrx_word' id='word_1_697' title='bbox 3410 4203 3770 4285; x_wconf 77' lang='lat' dir='ltr'><strong>festinasse,</strong></span> <span class='ocrx_word' id='word_1_698' title='bbox 3815 4204 4001 4269; x_wconf 90' lang='lat' dir='ltr'><strong>cuius</strong></span> <span class='ocrx_word' id='word_1_699' title='bbox 4043 4205 4241 4270; x_wconf 89' lang='lat' dir='ltr'><strong>Prin-</strong></span> 
     </span>
     <span class='ocr_line' id='line_1_105' title="bbox 2297 4288 4245 4374; baseline 0.002 -21"><span class='ocrx_word' id='word_1_700' title='bbox 2297 4291 2473 4371; x_wconf 92' lang='lat' dir='ltr'><strong>cipes</strong></span> <span class='ocrx_word' id='word_1_701' title='bbox 2529 4298 2724 4371; x_wconf 91' lang='lat' dir='ltr'><strong>atque</strong></span> <span class='ocrx_word' id='word_1_702' title='bbox 2787 4291 3132 4374; x_wconf 90' lang='lat' dir='ltr'><strong>optimates</strong></span> <span class='ocrx_word' id='word_1_703' title='bbox 3185 4311 3224 4354; x_wconf 87' lang='lat' dir='ltr'><strong>a</strong></span> <span class='ocrx_word' id='word_1_704' title='bbox 3266 4288 3471 4373; x_wconf 89' lang='lat' dir='ltr'><strong>Regis</strong></span> <span class='ocrx_word' id='word_1_705' title='bbox 3513 4289 3800 4354; x_wconf 89' lang='lat' dir='ltr'><strong>amicitia</strong></span> <span class='ocrx_word' id='word_1_706' title='bbox 3842 4292 4245 4373; x_wconf 88' lang='lat' dir='ltr'><strong>temporibus</strong></span> 
     </span>
     <span class='ocr_line' id='line_1_106' title="bbox 2298 4373 4251 4465; baseline 0.001 -27"><span class='ocrx_word' id='word_1_707' title='bbox 2298 4376 2584 4439; x_wconf 80' lang='lat' dir='ltr'><strong>maxime</strong></span> <span class='ocrx_word' id='word_1_708' title='bbox 2640 4375 3026 4440; x_wconf 89' lang='lat' dir='ltr'><strong>necessariis</strong></span> <span class='ocrx_word' id='word_1_709' title='bbox 3082 4373 3451 4452; x_wconf 91' lang='lat' dir='ltr'><strong>abduceres,</strong></span> <span class='ocrx_word' id='word_1_710' title='bbox 3510 4383 3578 4438; x_wconf 91' lang='lat' dir='ltr'><strong>et</strong></span> <span class='ocrx_word' id='word_1_711' title='bbox 3620 4373 3971 4465; x_wconf 85' lang='lat' dir='ltr'><strong>eorundem</strong></span> <span class='ocrx_word' id='word_1_712' title='bbox 4020 4374 4251 4442; x_wconf 88' lang='lat' dir='ltr'><strong>literas</strong></span> 
     </span>
     <span class='ocr_line' id='line_1_107' title="bbox 2296 4460 4248 4546; baseline -0.001 -23"><span class='ocrx_word' id='word_1_713' title='bbox 2296 4461 2584 4526; x_wconf 91' lang='lat' dir='ltr'><strong>minaces</strong></span> <span class='ocrx_word' id='word_1_714' title='bbox 2607 4510 2624 4537; x_wconf 92' lang='lat'><strong>,</strong></span> <span class='ocrx_word' id='word_1_715' title='bbox 2705 4482 2869 4544; x_wconf 91' lang='lat' dir='ltr'><strong>quae</strong></span> <span class='ocrx_word' id='word_1_716' title='bbox 2935 4463 3185 4546; x_wconf 88' lang='lat' dir='ltr'><strong>Regem</strong></span> <span class='ocrx_word' id='word_1_717' title='bbox 3264 4469 3739 4544; x_wconf 82' lang='lat' dir='ltr'><strong>permoverent,</strong></span> <span class='ocrx_word' id='word_1_718' title='bbox 3798 4462 4185 4543; x_wconf 88' lang='lat' dir='ltr'><strong>impetrares</strong></span> <span class='ocrx_word' id='word_1_719' title='bbox 4207 4460 4248 4522; x_wconf 71' lang='lat'><strong>2</strong></span> 
     </span>
    </p>
   </div>
   <div class='ocr_carea' id='block_1_9' title="bbox 2296 4652 2704 4663">
    <p class='ocr_par' dir='ltr' id='par_1_9' title="bbox 2296 4652 2704 4663">
     <span class='ocr_line' id='line_1_108' title="bbox 2296 4652 2704 4663; baseline 0 0"><span class='ocrx_word' id='word_1_720' title='bbox 2296 4652 2704 4663; x_wconf 95' lang='lat' dir='ltr'><strong> </strong></span> 
     </span>
    </p>
   </div>
   <div class='ocr_carea' id='block_1_10' title="bbox 2297 4784 4255 5406">
    <p class='ocr_par' dir='ltr' id='par_1_10' title="bbox 2297 4784 4255 5323">
     <span class='ocr_line' id='line_1_109' title="bbox 2470 4784 4247 4867; baseline 0.002 -28"><span class='ocrx_word' id='word_1_721' title='bbox 2470 4787 2562 4853; x_wconf 88' lang='grc'><strong>13)</strong></span> <span class='ocrx_word' id='word_1_722' title='bbox 2612 4787 2824 4867; x_wconf 47' lang='lat' dir='ltr'><strong>Verum·</strong></span> <span class='ocrx_word' id='word_1_723' title='bbox 2845 4785 3064 4867; x_wconf 53' lang='lat' dir='ltr'><strong>Genava</strong></span> <span class='ocrx_word' id='word_1_724' title='bbox 3105 4791 3225 4867; x_wconf 58' lang='lat' dir='ltr'><strong>erut</strong></span> <span class='ocrx_word' id='word_1_725' title='bbox 3257 4785 3391 4838; x_wconf 75' lang='lat' dir='ltr'><strong>urbs</strong></span> <span class='ocrx_word' id='word_1_726' title='bbox 3425 4784 3596 4838; x_wconf 77' lang='lat' dir='ltr'><strong>libera</strong></span> <span class='ocrx_word' id='word_1_727' title='bbox 3630 4799 3794 4853; x_wconf 71' lang='lat' dir='ltr'><strong>quam</strong></span> <span class='ocrx_word' id='word_1_728' title='bbox 3829 4785 3993 4840; x_wconf 77' lang='lat' dir='ltr'><strong>duces</strong></span> <span class='ocrx_word' id='word_1_729' title='bbox 4032 4788 4247 4843; x_wconf 68' lang='lat' dir='ltr'><strong>Saban—</strong></span> 
     </span>
     <span class='ocr_line' id='line_1_110' title="bbox 2297 4853 4250 5004; baseline 0.001 -27"><span class='ocrx_word' id='word_1_730' title='bbox 2297 4857 2434 4977; x_wconf 45' lang='lat'><strong>{1333</strong></span> <span class='ocrx_word' id='word_1_731' title='bbox 2477 4855 3311 5004; x_wconf 35' lang='lat' dir='ltr'><strong>{tffcff&#39;fissssssss9ffflffffifrfa</strong></span> <span class='ocrx_word' id='word_1_732' title='bbox 3346 4853 3721 4977; x_wconf 46' lang='grc' dir='ltr'><strong>οὲηηίζᾚιζὲ</strong></span> <span class='ocrx_word' id='word_1_733' title='bbox 3762 4853 4250 4993; x_wconf 49' lang='grc' dir='ltr'><strong>εἰθΐνῶιινρεὲηεῖ</strong></span> 
     </span>
     <span class='ocr_line' id='line_1_111' title="bbox 2297 4989 4243 5049; baseline -0.001 0"><span class='ocrx_word' id='word_1_734' title='bbox 2297 4994 2399 5049; x_wconf 72' lang='lat' dir='ltr'><strong>bus</strong></span> <span class='ocrx_word' id='word_1_735' title='bbox 2441 4992 2624 5046; x_wconf 67' lang='lat' dir='ltr'><strong>adnutu</strong></span> <span class='ocrx_word' id='word_1_736' title='bbox 2667 4991 2962 5047; x_wconf 67' lang='lat' dir='ltr'><strong>Menatem</strong></span> <span class='ocrx_word' id='word_1_737' title='bbox 3009 5006 3166 5045; x_wconf 72' lang='lat' dir='ltr'><strong>suam</strong></span> <span class='ocrx_word' id='word_1_738' title='bbox 3210 4989 3569 5045; x_wconf 63' lang='lat' dir='ltr'><strong>vindicarunt</strong></span> <span class='ocrx_word' id='word_1_739' title='bbox 3612 5008 3650 5045; x_wconf 84' lang='lat' dir='ltr'><strong>a</strong></span> <span class='ocrx_word' id='word_1_740' title='bbox 3695 4991 3834 5046; x_wconf 79' lang='lat' dir='ltr'><strong>duce</strong></span> <span class='ocrx_word' id='word_1_741' title='bbox 3883 4991 4078 5048; x_wconf 63' lang='lat' dir='ltr'><strong>Gau-olo</strong></span> <span class='ocrx_word' id='word_1_742' title='bbox 4116 4993 4243 5047; x_wconf 89' lang='lat'><strong>111.</strong></span> 
     </span>
     <span class='ocr_line' id='line_1_112' title="bbox 2301 5057 4247 5126; baseline 0.001 -11"><span class='ocrx_word' id='word_1_743' title='bbox 2301 5063 2498 5116; x_wconf 77' lang='lat' dir='ltr'><strong>Postea</strong></span> <span class='ocrx_word' id='word_1_744' title='bbox 2561 5075 2710 5125; x_wconf 72' lang='lat' dir='ltr'><strong>eane,</strong></span> <span class='ocrx_word' id='word_1_745' title='bbox 2771 5061 3156 5125; x_wconf 76' lang='lat' dir='ltr'><strong>reformatione</strong></span> <span class='ocrx_word' id='word_1_746' title='bbox 3212 5059 3367 5125; x_wconf 77' lang='lat' dir='ltr'><strong>facta</strong></span> <span class='ocrx_word' id='word_1_747' title='bbox 3424 5057 3750 5126; x_wconf 76' lang='lat'>(1528-34)</span> <span class='ocrx_word' id='word_1_748' title='bbox 3803 5063 4247 5117; x_wconf 69' lang='lat' dir='ltr'><strong>ministrantibus</strong></span> 
     </span>
     <span class='ocr_line' id='line_1_113' title="bbox 2302 5128 4246 5197; baseline 0.001 -12"><span class='ocrx_word' id='word_1_749' title='bbox 2302 5130 2608 5195; x_wconf 69' lang='lat' dir='ltr'><strong>Romenw,</strong></span> <span class='ocrx_word' id='word_1_750' title='bbox 2666 5129 2885 5184; x_wconf 71' lang='lat' dir='ltr'><strong>Farezzo</strong></span> <span class='ocrx_word' id='word_1_751' title='bbox 2929 5135 2983 5184; x_wconf 75' lang='lat' dir='ltr'><strong>ot</strong></span> <span class='ocrx_word' id='word_1_752' title='bbox 3036 5130 3234 5196; x_wconf 75' lang='lat' dir='ltr'><strong>Vireto,</strong></span> <span class='ocrx_word' id='word_1_753' title='bbox 3285 5131 3568 5197; x_wconf 71' lang='lat' dir='ltr'><strong>episeopus</strong></span> <span class='ocrx_word' id='word_1_754' title='bbox 3623 5128 3765 5183; x_wconf 69' lang='lat' dir='ltr'><strong>Patr.</strong></span> <span class='ocrx_word' id='word_1_755' title='bbox 3813 5130 3879 5184; x_wconf 77' lang='lat' dir='ltr'><strong>de</strong></span> <span class='ocrx_word' id='word_1_756' title='bbox 3930 5132 3986 5184; x_wconf 87' lang='lat' dir='ltr'><strong>la</strong></span> <span class='ocrx_word' id='word_1_757' title='bbox 4030 5129 4246 5186; x_wconf 66' lang='lat' dir='ltr'><strong>Boane</strong></span> 
     </span>
     <span class='ocr_line' id='line_1_114' title="bbox 2298 5197 4255 5271; baseline 0 -18"><span class='ocrx_word' id='word_1_758' title='bbox 2298 5200 2414 5254; x_wconf 79' lang='lat' dir='ltr'><strong>loco</strong></span> <span class='ocrx_word' id='word_1_759' title='bbox 2458 5198 2639 5252; x_wconf 74' lang='lat' dir='ltr'><strong>cedere</strong></span> <span class='ocrx_word' id='word_1_760' title='bbox 2689 5203 2908 5253; x_wconf 77' lang='lat' dir='ltr'><strong>coactus</strong></span> <span class='ocrx_word' id='word_1_761' title='bbox 2956 5204 3047 5253; x_wconf 74' lang='lat' dir='ltr'><strong>est.</strong></span> <span class='ocrx_word' id='word_1_762' title='bbox 3142 5197 3307 5257; x_wconf 75' lang='lat' dir='ltr'><strong>(Gali</strong></span> <span class='ocrx_word' id='word_1_763' title='bbox 3348 5213 3391 5265; x_wconf 79' lang='lat' dir='ltr'><strong>e,</strong></span> <span class='ocrx_word' id='word_1_764' title='bbox 3441 5198 3498 5249; x_wconf 83' lang='lat' dir='ltr'><strong>B.</strong></span> <span class='ocrx_word' id='word_1_765' title='bbox 3545 5198 3776 5265; x_wconf 62' lang='lat' dir='ltr'><strong>Haemo</strong></span> <span class='ocrx_word' id='word_1_766' title='bbox 3825 5197 3977 5252; x_wconf 79' lang='lat'><strong>1859.</strong></span> <span class='ocrx_word' id='word_1_767' title='bbox 4055 5197 4255 5271; x_wconf 62' lang='lat' dir='ltr'><strong>Roget,</strong></span> 
     </span>
     <span class='ocr_line' id='line_1_115' title="bbox 2299 5265 3694 5323; baseline -0.002 0"><span class='ocrx_word' id='word_1_768' title='bbox 2299 5269 2375 5323; x_wconf 77' lang='lat' dir='ltr'><strong>les</strong></span> <span class='ocrx_word' id='word_1_769' title='bbox 2413 5265 2631 5321; x_wconf 62' lang='lat' dir='ltr'><strong>Suissa</strong></span> <span class='ocrx_word' id='word_1_770' title='bbox 2664 5272 2713 5321; x_wconf 75' lang='lat' dir='ltr'><strong>et</strong></span> <span class='ocrx_word' id='word_1_771' title='bbox 2749 5265 2959 5323; x_wconf 60' lang='lat' dir='ltr'><strong>Gentes</strong></span> <span class='ocrx_word' id='word_1_772' title='bbox 2992 5283 3069 5323; x_wconf 77' lang='lat' dir='ltr'><strong>au</strong></span> <span class='ocrx_word' id='word_1_773' title='bbox 3104 5266 3195 5320; x_wconf 67' lang='lat'><strong>16³</strong></span> <span class='ocrx_word' id='word_1_774' title='bbox 3269 5271 3279 5280; x_wconf 85' lang='lat'>&#39;</span> <span class='ocrx_word' id='word_1_775' title='bbox 3354 5265 3436 5320; x_wconf 79' lang='lat'><strong>‚2</strong></span> <span class='ocrx_word' id='word_1_776' title='bbox 3469 5272 3505 5321; x_wconf 84' lang='lat' dir='ltr'><strong>t.</strong></span> <span class='ocrx_word' id='word_1_777' title='bbox 3548 5265 3694 5320; x_wconf 77' lang='lat'><strong>1864.</strong></span> 
     </span>
    </p>

    <p class='ocr_par' dir='ltr' id='par_1_11' title="bbox 2474 5333 3660 5406">
     <span class='ocr_line' id='line_1_116' title="bbox 2474 5333 3660 5406; baseline 0.003 -18"><span class='ocrx_word' id='word_1_778' title='bbox 2474 5334 2566 5403; x_wconf 80' lang='lat'><strong>14)</strong></span> <span class='ocrx_word' id='word_1_779' title='bbox 2598 5336 2815 5405; x_wconf 69' lang='lat' dir='ltr'><strong>Affaire</strong></span> <span class='ocrx_word' id='word_1_780' title='bbox 2849 5335 2915 5392; x_wconf 79' lang='lat' dir='ltr'><strong>de</strong></span> <span class='ocrx_word' id='word_1_781' title='bbox 2946 5338 3003 5393; x_wconf 78' lang='lat' dir='ltr'><strong>la</strong></span> <span class='ocrx_word' id='word_1_782' title='bbox 3035 5352 3137 5392; x_wconf 77' lang='lat' dir='ltr'><strong>rue</strong></span> <span class='ocrx_word' id='word_1_783' title='bbox 3174 5335 3229 5393; x_wconf 82' lang='lat' dir='ltr'><strong>S.</strong></span> <span class='ocrx_word' id='word_1_784' title='bbox 3263 5335 3473 5406; x_wconf 74' lang='lat' dir='ltr'><strong>Juques</strong></span> <span class='ocrx_word' id='word_1_785' title='bbox 3508 5333 3660 5392; x_wconf 76' lang='lat'><strong>1557.</strong></span> 
     </span>
    </p>
   </div>
  </div>
 </body>
</html>
