4850 6117
260 401 377 468 173

258 599 589 677 propterea
639 588 813 673 quod
871 587 1080 655 filium
1121 588 1343 656 Deum
1398 587 1806 655 intercedere
1858 586 2034 673 apud
2077 608 2190 672 pa-

257 685 420 743 trem
460 675 682 741 Deum
732 675 805 739 in
855 675 1260 742 confessione
1303 683 1531 741 nostra
1571 673 1652 739 de
1692 673 2045 741 mediatore
2088 694 2192 740 as-

256 781 562 832 seramus.
631 759 746 827 Sic
770 760 1047 827 Iacobus
1071 759 1328 843 Sylvius
1361 759 1746 844 subscripsit
1777 761 1942 827 meis
1985 759 2192 827 literis

256 869 371 918 sua
410 866 645 913 manu:
702 846 984 914 Iacobus
1031 845 1318 931 Sylvius:
1366 845 1556 913 Sicut
1596 846 1841 928 psaltes
1882 867 2034 913 cum
2077 864 2191 911 ex-

256 933 557 1002 altatione
601 931 884 1000 dicebat:
938 932 1183 999 Laetor
1224 954 1425 1016 quum
1467 931 1634 998 mihi
1677 931 1920 1009 dicunt,
1965 951 2192 998 eamus

256 1020 335 1088 ad
376 1018 645 1085 domum
682 1018 975 1099 Domini,
1038 1019 1134 1083 ita
1189 1030 1257 1084 et
1313 1038 1434 1104 ego
1496 1017 1854 1102 plurimum
1908 1017 2193 1083 laetatus

254 1125 396 1173 sum
430 1113 771 1188 postquam
808 1104 970 1170 haec
1005 1103 1344 1187 aliquoties
1384 1103 1615 1188 relegi:
1662 1114 1730 1170 et
1768 1104 1962 1169 flexis
2003 1102 2189 1188 geni·

253 1191 370 1258 bus
410 1192 660 1276 gratias
702 1190 808 1276 egi
849 1191 1098 1273 pastori
1142 1199 1209 1256 et
1251 1190 1536 1256 curatori
1578 1190 1887 1256 ecclesiae
1928 1195 2191 1255 nostrae

254 1277 399 1344 Iesu
440 1276 729 1356 Christo,
783 1275 897 1359 qui
938 1295 1071 1342 non
1125 1274 1289 1341 sinit
1328 1296 1452 1343 nos
1503 1275 1832 1342 erroribus
1874 1289 2191 1359 conquas-

253 1363 380 1431 sari
434 1361 551 1428 sed
605 1360 944 1428 liberalius
999 1360 1082 1427 ad
1133 1383 1255 1429 nos
1307 1359 1709 1429 transvibrat
1761 1359 1980 1426 radios
2035 1381 2192 1426 suae

252 1447 409 1516 lucis
452 1457 521 1513 et
555 1447 912 1532 agnitionis
947 1448 1053 1514 sui
1087 1448 1376 1513 nominis
1410 1456 1478 1513 et
1511 1446 1758 1532 gloriae
1792 1467 1965 1513 suae.
2044 1445 2192 1511 Hac

252 1535 355 1602 via
393 1534 525 1600 iam
548 1531 742 1600 video
784 1533 1050 1617 penitus
1077 1533 1395 1599 miserum
1415 1531 1771 1600 concidisse
1797 1531 2190 1612 &ancorum

250 1619 1165 1789 tsssstfflzfflffffttffi
1197 1620 1518 1789 {5332
1537 1617 2192 1770 fflgssssiafffiffi

249 1791 589 1858 contrahit.
675 1789 1059 1857 Secundum
1114 1791 1420 1868 Nestorii,
1477 1790 1632 1875 quia
1688 1788 1850 1856 duos
1893 1789 2192 1856 Christos

248 1876 397 1944 facit
435 1877 508 1943 in
553 1875 968 1944 mediatione.
1050 1877 1366 1959 Tertium,
1410 1875 1582 1960 quod
1625 1884 1845 1942 careat
1884 1877 2191 1942 societate

249 1963 548 2030 ecclesiae
605 1961 873 2030 Christi.
966 1962 1293 2028 Dominus
1349 1962 1527 2028 hunc
1585 1971 1842 2028 avertat
1883 1982 1925 2028 a
1981 1961 2189 2027 nobis.

248 2047 426 2115 Haec
488 2047 790 2133 pauculis
855 2047 1094 2115 addidi.
1187 2048 1528 2114 Hactenus
1591 2047 1865 2114 Iacobus
1919 2045 2190 2131 Sylvius.

245 2131 424 2200 Idem
468 2142 626 2201 ante
657 2138 743 2213 ¹³)
785 2134 1034 2218 aliquot
1085 2134 1484 2219 septimanas
1539 2133 1814 2203 deficere
1854 2133 2067 2199 voluit
2108 2131 2193 2198 ad

251 2219 618 2288 &ancorum
662 2228 732 2286 et
772 2242 949 2287 nunc
990 2229 1185 2287 vocat
1224 2240 1332 2285 me
1374 2219 1754 2298 Attianum,
1798 2218 2109 2301 deceptus
2151 2238 2191 2283 a

251 2304 533 2373 Samitio
590 2326 781 2390 quem
838 2306 1337 2390 prudentiorem
1390 2306 1773 2389 scriptorem
1827 2303 2190 2388 appellasti,

249 2393 315 2457 ni
355 2393 481 2460 cito
524 2392 801 2458 redierit
843 2391 927 2458 ad
970 2392 1307 2458 meliorem
1346 2399 1656 2457 mentem.
1725 2391 1833 2456 Ita
1877 2412 2028 2456 eum
2071 2387 2190 2455 tibi

247 2478 602 2545 verissimis
667 2476 1020 2563 depingam
1081 2478 1422 2555 coloribus,
1501 2488 1575 2541 ut
1604 2473 1611 2488 '
1650 2476 1906 2542 nullum
1981 2475 2190 2558 possis

244 2562 588 2649 imaginari
629 2564 1018 2643 stultiorem,
1061 2564 1276 2648 magis
1317 2561 1752 2640 ambitiosum,
1802 2562 1935 2628 imo
1976 2562 2189 2645 magis

247 2649 523 2716 alienum
572 2671 613 2716 a
667 2671 867 2717 sensu
918 2651 1270 2716 communi.
1359 2650 1542 2715 Tuae
1585 2659 1653 2713 et
1691 2645 1776 2715 D.
1821 2647 2189 2732 Bullinyeri

246 2734 321 2800 ad
380 2736 575 2802 illum
635 2736 865 2802 literae
927 2737 1310 2802 commissae
1374 2745 1530 2801 sunt
1581 2734 1666 2800 R.
1713 2734 1794 2799 D.
1854 2733 2188 2800 Stanislao

244 2819 659 2888 Luithomirio
700 2818 1163 2887 custodiendae
1207 2822 1415 2886 donec
1456 2819 1744 2886 redierit.

401 2908 573 2975 Post
611 2907 784 2974 hanc
817 2908 1086 2992 longam
1120 2907 1237 2974 sed
1269 2907 1706 2986 necessariam
1739 2905 2188 2991 parenthesim

243 2992 429 3060 redeo
471 2993 561 3060 ad
601 2992 1052 3071 Blandratam,
1113 3014 1262 3059 cum
1304 3014 1434 3076 quo
1489 2991 1644 3076 quid
1689 2991 2042 3058 constituet
2081 3013 2187 3058 ec-

243 3077 448 3161 clesia,
494 3080 688 3147 cuius
722 3078 963 3146 iudicio
998 3100 1070 3145 se
1104 3079 1445 3162 aliquoties
1478 3079 1548 3144 in
1586 3075 1856 3163 synodis
1898 3075 2187 3156 subiecit,

243 3166 399 3233 scies
453 3165 573 3231 ubi
632 3166 938 3250 princeps
978 3165 1327 3232 Palatinus
1383 3163 1700 3231 Vibnensis
1754 3184 1979 3230 eorum
2022 3182 2187 3247 quae

244 3250 321 3316 de
373 3250 744 3318 Blandrata
801 3250 1124 3335 scripsisti
1177 3251 1482 3318 ecclesias
1544 3249 1818 3315 minoris
1875 3248 2188 3315 Poloniae

240 3335 598 3403 reddiderit
639 3337 964 3404 certiores.
1048 3335 1301 3405 Scribis
1344 3358 1489 3402 meo
1544 3336 1769 3400 favore
1811 3344 2188 3418 susceptum

242 3420 437 3490 fuisse
479 3423 567 3489 ab
610 3421 716 3489 his
759 3422 1068 3501 ecclesiis,
1110 3443 1315 3505 quum
1358 3429 1513 3488 ante
1545 3442 1770 3486 meum
1805 3442 1888 3486 ex
1913 3420 2190 3487 Polonia

242 3509 465 3575 maiori
526 3506 813 3575 reditum
873 3531 914 3574 a
970 3507 1057 3575 D.
1112 3508 1362 3574 Ioanne
1422 3529 1466 3574 a
1509 3506 1710 3573 Laseo
1766 3505 2188 3578 adhiberetur

241 3593 322 3659 ad
361 3595 637 3662 consilia
677 3594 1133 3673 ecclesiastica,
1179 3615 1220 3659 a
1252 3614 1380 3677 quo
1417 3601 1485 3658 et
1527 3590 2020 3658 commendatus
2061 3591 2192 3658 fuit

239 3677 339 3747 nl.
378 3681 689 3748 Palatino
736 3679 1040 3747 Vilnensi.
1129 3678 1322 3761 Quod
1366 3699 1523 3745 vero
1566 3678 1785 3743 senior
1825 3677 2037 3745 factus
2079 3678 2185 3758 sit,

240 3763 307 3830 in
347 3786 425 3831 eo
468 3765 818 3850 compedes
859 3765 1083 3831 iniecti
1126 3773 1283 3832 sunt
1322 3764 1733 3843 Blandratae,
1789 3784 1924 3828 non
1976 3763 2189 3829 honor

242 3853 525 3933 accessit,
566 3851 837 3918 vincula
878 3873 1008 3917 non
1046 3851 1355 3936 dignitas,
1397 3850 1631 3935 iugum
1672 3848 1802 3914 fuit
1841 3849 2009 3915 illud
2052 3871 2186 3915 non

242 3939 584 4005 autoritas:
644 3939 822 4021 piam
880 3938 1209 4005 vafritiem
1261 3943 1557 4002 nostram
1614 3956 1700 4002 ne
1754 3936 2187 4020 interpretare

241 4025 336 4090 tui
371 4023 858 4103 contumeliam,
902 4044 1095 4106 quem
1132 4043 1430 4089 amamus
1464 4030 1533 4088 et
1565 4042 1975 4088 veneramur.
2047 4022 2184 4086 Vo-

242 4109 509 4177 cabatur
553 4108 922 4176 Blandrata
964 4131 1005 4174 a
1047 4109 1355 4193 Principe
1403 4107 1939 4192 Transsyzvaniae
1978 4108 2185 4174 nostri

240 4194 337 4262 Re
384 4196 398 4213 ⁶
480 4217 568 4262 ex
612 4215 832 4261 sorore
874 4204 1130 4279 nepote.
1159 4198 1242 4273 ¹⁴)
1310 4191 1784 4261 Accersebatur
1825 4194 2062 4259 iterum
2103 4193 2184 4260 ab

242 4279 339 4346 Ill.
417 4281 666 4348 alatino
700 4281 1002 4348 Vilnensi.
1075 4279 1500 4364 Amplissima
1534 4277 1859 4431 stiplendia
1901 4288 1967 4344 et
2007 4300 2187 4346 sum-

243 4387 410 4433 mam
613 4368 775 4433 tiam
838 4363 1153 4433 offerebat
1215 4374 1511 4450 uterque.

243 4454 476 4606 affl
490 4389 900 4605 {iim
922 4452 1245 4605 aas
1260 4450 2186 4605 suscitatas

242 4621 662 4709 logodaedali.
730 4624 865 4692 Hic
897 4623 1319 4691 Lismaninus
1353 4625 1437 4701 16)
1480 4623 1718 4690 anxius
1752 4632 1821 4687 et
1860 4644 1990 4689 uon
2026 4644 2184 4707 pue-

242 4709 447 4778 riliter
502 4709 792 4790 timidus,
850 4709 1085 4777 videns
1135 4710 1345 4777 multa
1399 4730 1563 4794 quae
1622 4708 1905 4776 scribere
1961 4716 2184 4775 tutum

407 4986 503 5123 {23
551 4999 943 5137 Vocatioprltaep
976 4982 1559 5118 Ezddae'mffnviiim
1592 5068 1661 5109 ae
1693 5066 1760 5134 qa
1794 5065 1959 5122 quam
1989 5065 2184 5120 sequu-

247 5126 332 5179 n·
361 5131 442 5180 eet
473 5139 528 5180 a.
567 5121 720 5181 1563.
773 5121 959 5246 (Scisti
990 5120 1065 5182 11.
1100 5118 1221 5176 658.
1258 5119 1379 5176 832.
1413 5119 1548 5187 8473
1582 5120 1801 5177 Luboen
1836 5117 1967 5186 170,-
2006 5118 2181 5174 Sana.

242 5206 301 5260 ²
331 5189 986 5332 ’815ῗῇὀῖξῖωῇἷῶ
1008 5258 1253 5328 τομίων
1296 5258 1463 5326 quaa·
1493 5256 1562 5313 aa
1593 5258 1707 5313 auo
1738 5257 1994 5329 quodam,
2030 5261 2092 5312 ut
2124 5271 2184 5313 ω

248 5332 417 5399 napis
450 5331 789 5388 conanda.

1942 398 2105 466 1561
2140 395 2551 470 DEOEMB.

1677 4365 1764 4431 lic
1827 4364 1984 4447 quid
2048 4385 2184 4431 non
2218 4363 2232 4380 .

4104 409 4230 474 1⁷4

2292 608 2424 654 non
2471 596 2588 667 est,
2645 587 2714 655 id
2767 588 2905 673 egit
2960 598 3036 655 ut
3076 587 3442 657 Blandmta
3489 591 3926 661 invisibilibus
3977 593 4232 679 laqum’s

2289 674 2681 740 irretiretur.
2773 674 3002 742 Primo
3055 674 3348 759 persuasi
3409 681 3488 741 ut
3521 677 3798 761 -publice
3850 679 3921 745 in
3979 679 4231 765 synodo

2292 760 2584 845 generali
2639 759 3095 828 Servetianam
3155 761 3574 845 impietatem,
3633 763 3985 831 Ari-ianam
4048 786 4230 833 vesa-

2291 845 2493 925 niam,
2548 845 2990 916 Sabellianam
3046 846 3404 926 stultitiam,
3450 845 4077 935 Stancarianamque
4121 851 4230 918 fu·-

2290 931 2462 996 riam
2504 931 2953 1014 detestaretur,
3010 936 3047 996 2
3060 935 3088 974 ⁰
3127 933 3518 1016 approbaret
3559 934 3925 1020 symbolum
3966 946 4231 1019 aposto-

2290 1017 2511 1096 licum,
2553 1039 2679 1101 quo
2714 1019 2968 1084 utinam
3002 1026 3347 1086 contentae
3388 1029 3610 1086 essent
3643 1041 3866 1087 omnes
3898 1021 4229 1104 ecclesiae,

2291 1112 2368 1168 ut
2432 1102 2856 1170 beatitudinis
2918 1112 2986 1171 et
3060 1104 3389 1171 felicitatis
3460 1105 3907 1190 episcoporum
3969 1107 4232 1176 Galliae

2293 1189 2508 1266 (cuius
2548 1198 2621 1254 tu
2663 1211 2745 1255 ex
2789 1189 3049 1255 Hilario
3105 1190 3176 1255 in
3233 1198 3349 1256 tua
3383 1189 3802 1258 Institutione
3844 1194 4230 1280 meministi)

2293 1284 2512 1340 essent
2570 1275 2951 1360 participes:
3014 1297 3242 1342 verum
3300 1284 3368 1342 et
3424 1275 3485 1341 N
3487 1277 3785 1343 icaenum
3849 1279 4230 1363 reliquaque

2292 1359 2591 1445 symbola
2642 1382 2809 1447 quae
2863 1361 3108 1428 fuerint
3161 1382 3308 1428 cum
3353 1361 3415 1426 N
3417 1363 3659 1429 icaeno.
3745 1363 4101 1444 Postremo,
4147 1386 4233 1433 ne

2291 1445 2439 1528 quis
2480 1446 2661 1514 locus
2704 1447 2981 1531 relinqui
3037 1459 3254 1530 posset
3307 1446 3796 1532 suspicionibus,
3833 1448 4020 1515 illud
4070 1471 4231 1533 quo·

2291 1552 2418 1615 que
2461 1532 2851 1616 approbaret
2891 1531 3061 1617 quod
3102 1533 3225 1599 sub
3266 1534 3532 1600 nomine
3571 1534 3925 1600 Athanasii
3971 1535 4236 1604 canitur

2289 1617 2364 1682 iu
2399 1619 2660 1702 templis
2693 1620 3041 1702 papisticis,
3081 1618 3274 1687 modo
3307 1618 3497 1684 iuxta
3532 1622 3930 1687 sententiam
3956 1620 4233 1688 Nioaeui
4319 1687 4334 1703 ,

2293 1710 2361 1768 et
2401 1704 2824 1787 expositionis
2867 1703 3021 1771 fidei
3060 1704 3131 1771 in
3176 1704 3473 1788 Epistola
3513 1705 3718 1788 ipsius
3752 1705 4104 1773 Athanasii
4147 1707 4234 1774 ad

2290 1789 2674 1873 Epictetum
2710 1790 3202 1857 Corinthiorum
3237 1792 3608 1874 episcopum
3653 1800 3997 1859 contentae
4036 1793 4234 1859 intel-

2291 1875 2555 1959 ligatur.
2645 1877 2750 1941 De
2815 1897 2944 1960 quo
3008 1876 3304 1961 symbolo
3346 1875 3738 1960 Quicunque
3799 1878 3947 1944 vult
4009 1878 4234 1946 salvus

2294 1981 2458 2038 esse,
2523 1981 2827 2046 cuperem
2891 1972 2958 2027 te
3021 1961 3246 2028 videre
3308 1962 3619 2027 iudicium
3681 1961 4041 2029 doctissimi
4105 1964 4234 2032 viri

2290 2046 2610 2112 Ioachimi
2636 2046 3009 2126 Camerarii,
3045 2047 3116 2113 in
3139 2046 3552 2114 Catechismo
3586 2068 3703 2114 suo
3724 2067 3975 2132 graeco.
4032 2049 4233 2117 Certe

2292 2133 2350 2198 si
2390 2133 2465 2197 in
2507 2133 2758 2218 syuodo
2791 2133 3198 2211 Florentium
3242 2133 3353 2199 ubi
3393 2133 3473 2198 de
3506 2134 3915 2217 processione
3956 2135 4232 2218 spiritus

2291 2218 2501 2285 sancti
2571 2226 2789 2285 actum
2868 2219 3021 2297 fuit,
3094 2219 3320 2285 Latini
3383 2216 3811 2285 adduxissent
3875 2219 4228 2286 Athanasii

2291 2304 2708 2370 sententiam:
2770 2303 3059 2388 Spiritus
3117 2312 3382 2372 sanctus
3434 2325 3475 2370 a
3526 2312 3713 2387 patre
3764 2313 3831 2370 et
3884 2304 4039 2384 filio,
4096 2326 4230 2372 non

2288 2390 2520 2468 factus,
2565 2411 2685 2456 nec
2727 2398 3005 2470 creatus,
3065 2412 3185 2457 nec
3227 2390 3508 2475 genitus,
3565 2388 3680 2456 sed
3767 2389 4095 2470 rocedens,
4141 2412 4227 2457 an

2292 2475 2532 2575 Graeci
2587 2476 2727 2575 ausi
2785 2476 3065 2576 fuissent
3110 2474 3569 2577 ‘contradicere
3625 2477 3717 2576 At
3765 2475 4035 2542 anasio?
4119 2477 4230 2543 Ex

2290 2561 4231 2732 32¹3.93233323330355333”133235323353533331

2290 2733 2428 2799 chri
2491 2733 2807 2802 adversus
2861 2736 3214 2800 Arrianam
3266 2734 3590 2802 haeresim
3641 2732 4003 2799 ediderunt.
4089 2733 4230 2799 Ex-

2290 2827 2470 2885 stant
2511 2819 2703 2887 modo
2752 2840 2952 2903 opera
2993 2820 3340 2886 Athanasii
3381 2821 3454 2884 in
3496 2825 3537 2882 4
3582 2828 3792 2885 tomos
3835 2818 4106 2904 digesta,
4161 2826 4235 2886 et

2290 2906 2535 2971 mirum
2576 2915 2677 2971 est
2730 2905 2903 2989 quod
2961 2926 3175 2991 neque
3227 2906 3298 2972 in
3346 2903 3597 2972 duobus
3652 2905 3845 2970 tomis
3885 2905 4230 2988 prioribus,

2289 2992 2400 3074 qui
2446 3010 2604 3057 vera
2645 2991 2992 3058 Athanasii
3046 3013 3245 3076 opera
3296 2990 3647 3071 continent,
3701 3012 3913 3075 neque
3954 2991 4028 3056 in
4079 2991 4230 3058 reli·

2290 3078 2436 3161 quis
2494 3077 2603 3160 qui
2660 3096 2794 3142 non
2850 3077 3200 3144 admodum
3256 3075 3531 3144 eruditis
3588 3076 3964 3160 probantur,
4029 3076 4230 3144 huius

2288 3162 2568 3314 Rmboli
2603 3161 2994 3247 Quicunque
3028 3163 3175 3230 vult
3207 3163 3431 3230 salvus
3472 3184 3632 3242 esse,
3676 3164 3754 3228 fit
3795 3162 3930 3227 ulla
3961 3162 4228 3229 mentio.

2358 3249 2418 3313 is
2482 3269 2615 3314 non
2681 3247 3086 3316 obstantibus
3161 3249 3448 3335 suscepit
3516 3258 3583 3315 et
3657 3249 3781 3315 hoc
3843 3247 4228 3327 Blandrata,

2286 3341 2635 3419 propterea
2677 3333 2851 3419 quod
2894 3356 2978 3400 ex
3011 3334 3231 3402 verbis
3272 3334 3477 3419 ipsius
3520 3334 3801 3421 symboli
3839 3332 4228 3417 Quicunque

2287 3441 2372 3487 ex
2428 3420 2775 3487 verissima
2834 3420 3132 3488 doctrina
3193 3419 3280 3487 di.
3339 3419 3464 3487 ΒΜ
3521 3418 3761 3486 Triade
3815 3419 4115 3487 habetur.
4140 3422 4226 3494 ¹⁰)

2286 3506 2512 3572 Tertio
2553 3515 2628 3573 ut
2684 3506 3104 3574 ecclesiarum
3144 3506 3415 3573 minoris
3458 3505 3773 3573 Poloniae
3823 3505 3921 3572 ita
3961 3526 4033 3572 se
4075 3504 4226 3572 sub-

2283 3592 2527 3672 iiceret,
2585 3601 2664 3658 ut
2717 3591 3032 3676 quidquid
3085 3594 3274 3658 iuxta
3324 3593 3602 3659 verbum
3645 3592 3775 3658 Dei
3825 3589 4225 3676 praescribe·

2284 3688 2469 3744 retur
2511 3677 2816 3745 ecclesiae
2859 3685 3122 3750 nostrae
3162 3677 3728 3762 amplecterentur.
3760 3679 3845 3761 ¹⁷)

2457 3761 2808 3831 Caeterum
2865 3774 2938 3830 ut
2992 3762 3075 3830 ad
3122 3786 3200 3830 ea
3253 3785 3419 3849 quae
3471 3763 3637 3829 mihi
3688 3783 3823 3829 non
3875 3760 4223 3828 admodum

2285 3849 2545 3933 placent
2585 3850 2658 3914 in
2700 3851 2834 3916 tuis
2880 3852 3172 3918 veniam:
3232 3850 3437 3930 dolen,
3480 3850 3573 3916 mi
3615 3849 3699 3914 D.
3749 3847 4019 3924 Calvina,
4064 3848 4225 3914 adeo

2284 3935 2701 4020 negligenter
2755 3957 2936 4002 meas
2993 3958 3033 4002 a
3087 3945 3152 4002 te
3207 3936 3408 4003 lectas
3463 3937 3684 4001 fuisse.
3778 3932 4059 4013 Quando
4100 3953 4223 4017 ego

2283 4022 2685 4106 imaginatus
2749 4042 2895 4088 sum
2959 4023 3200 4106 optime
3264 4023 3472 4108 egisse
3529 4019 3956 4085 Blandratam
4018 4038 4224 4102 quum

2285 4117 2459 4174 esset
2502 4106 2675 4191 apud
2718 4106 2882 4175 vos?
2952 4115 3146 4193 putas
3188 4129 3296 4174 me
3346 4109 3511 4173 forte
3556 4102 3848 4181 delirare,
3903 4111 3979 4169 ut
4020 4103 4225 4170 velim

2285 4201 2575 4259 statuere
2619 4192 2699 4258 de
2743 4193 2848 4258 his
2891 4215 3054 4278 quae
3090 4194 3403 4260 Genevae
3443 4190 3580 4275 egit
3613 4188 4024 4255 Blando-ata?
4091 4190 4225 4257 Hic

2285 4278 2462 4364 apud
2504 4300 2641 4357 nos,
2701 4278 2922 4346 nullus
2975 4279 3179 4360 dolus,
3233 4277 3418 4345 nulla
3459 4276 3657 4355 fraus,
3701 4273 3886 4339 nulla
3932 4275 4223 4342 haeresis

2286 4365 2594 4450 apparuit
2633 4365 2704 4431 in
2738 4365 3119 4433 Blandrata.
3190 4363 3323 4431 Sed
3362 4361 3529 4442 talis,
3564 4361 3852 4445 inquam,
3888 4360 4015 4426 fuit
4048 4360 4222 4445 apud

2283 4473 2420 4518 nos.
2492 4452 2724 4517 Fuerit
2765 4471 2956 4518 sane:
3018 4470 3241 4517 annon
3369 4448 3498 4513 tuit
3536 4444 3824 4512 mutari?
3895 4445 4103 4514 Oravi
4145 4453 4226 4512 ut

2285 4559 2433 4605 cum
2476 4536 2841 4605 Blandrata
2886 4544 3135 4602 mutato
3188 4555 3261 4600 re
3305 4534 3437 4599 ires
3475 4534 3567 4598 .in
3621 4532 3919 4618 gratiam.
4011 4531 4225 4599 Estne

2282 4623 2409 4690 hoc
2464 4643 2816 4706 puerorum
2866 4621 3145 4689 ludibrio
3199 4628 3265 4685 te
3306 4637 3654 4702 exponere,
3710 4627 3904 4702 teque
3954 4619 4224 4703 ingenio

2281 4709 2645 4775 adulatorio
2688 4719 2755 4773 et
2796 4706 3022 4773 servili
3061 4725 3203 4771 esse
3245 4714 3496 4789 putare,
3549 4711 3617 4771 et
3656 4713 3732 4770 ut
3782 4705 3854 4770 in
3895 4705 4026 4771 mei

2280 4796 2447 4861 tiam
2489 4792 2713 4860 iubeas
2747 4796 2831 4872 18)
2886 4791 3178 4858 levitatis
3221 4800 3289 4857 et
3329 4788 3652 4857 mendacii
3710 4789 4028 4858 dedecus?
4083 4809 4220 4855 imo

2279 4878 2719 4964 praescribere
2759 4878 2936 4964 leges
2971 4876 3289 4961 prodendi
3322 4885 3390 4944 et
3423 4875 3722 4943 veritatis
3766 4883 3836 4941 et
3866 4873 4217 4944 ecclesiae?

2313 5188 2325 5201 ι
2390 5187 2403 5199 .
2455 5117 2547 5187 16)
2585 5115 2897 5173 Siceodeoe.
2974 5115 3238 5200 For-tapes
3351 5117 3576 5200 qum.-
3638 5116 3953 5185 Quicunque
3986 5120 4088 5169 ete.
4126 5128 4220 5168 ve-

2280 5202 2498 5242 rissima
2528 5187 2778 5268 doctrina
2811 5184 2880 5240 de
2915 5191 3255 5242 sanctismna
3336 5185 3483 5244 riade
3516 5185 3765 5268 babetur.
3845 5253 3857 5265 ·

2453 5251 4000 5392 ἰέζξιιέιὲυῐξοοῃοροαουοᾱωᾱκηεαωωάω.
