4850 6117
631 397 757 458 447

633 572 881 648 tissime
933 580 1263 655 vixerunt,
1332 587 1446 644 aut
1497 579 1868 663 impietatis,
1924 585 1993 643 et
2048 588 2123 642 ut
2179 578 2308 643 tuis
2367 574 2582 643 verbis

635 667 861 751 loquar
876 718 890 745 ,
947 664 1353 731 idololatriae
1406 665 1749 731 insimules
1810 671 2081 747 oportet,
2147 671 2264 729 aut
2320 662 2401 727 de
2467 673 2581 727 tuo

634 773 854 819 errore
916 772 991 817 ac
1056 749 1478 834 impudentia,
1543 772 1628 816 ne
1693 749 1904 817 dicam
1968 749 2233 829 malitia,
2291 749 2582 834 ingenue

640 839 1008 905 confiteare.
1099 836 1361 919 Negas?
1406 836 1680 902 Profero
1715 834 1986 901 annales
2018 842 2293 915 nostros,
2335 843 2583 918 tempo-

631 945 783 990 rum
817 924 1083 1007 antiqua
1118 930 1562 1002 monumenta,
1599 921 2136 1005 locupletissimas
2171 941 2392 986 rerum
2417 919 2581 985 Gal·

633 1009 906 1076 licarum
960 1008 1233 1088 tabulas,
1292 1017 1358 1072 et
1410 1009 1603 1092 prisci
1663 1007 1973 1092 temporis
2016 1007 2397 1087 memoriam
2441 1027 2581 1071 om-

631 1095 819 1161 nium
863 1094 1202 1159 doctorum
1244 1094 1451 1159 literis
1492 1114 1569 1160 ac
1609 1093 1869 1177 scriptis
1913 1093 2383 1177 consignatam.
2449 1090 2583 1159 Ubi

631 1181 887 1246 interea
940 1191 1055 1246 aut
1110 1181 1402 1264 gentium
1447 1190 1560 1245 aut
1617 1179 1900 1246 locorum
1947 1188 2062 1243 tua
2104 1178 2377 1244 ecclesia
2417 1177 2580 1242 late·

632 1267 762 1345 bat,
820 1287 1017 1349 quam
1080 1267 1316 1349 viginti
1372 1264 1631 1331 demum
1686 1263 1927 1331 abhinc
1968 1264 2160 1330 annis
2202 1286 2286 1329 ex
2321 1264 2582 1342 Inferis,

633 1362 699 1418 et
764 1374 849 1418 ex
904 1351 1183 1429 silentiO,
1236 1351 1309 1415 in
1374 1361 1585 1416 terras
1641 1360 1708 1416 et
1761 1352 1832 1415 in
1875 1350 2087 1416 lucem
2150 1352 2408 1415 conaris
2454 1370 2585 1415 una

633 1460 784 1504 cum
850 1437 1128 1504 Calvino
1208 1437 1602 1520 reliquisque
1669 1438 1764 1502 tui
1829 1434 2147 1501 similibus
2210 1434 2581 1501 suscitare?

632 1525 853 1608 Pergo
896 1523 1178 1608 longius:
1225 1544 1377 1587 nam
1425 1523 1506 1587 ad
1553 1544 1787 1590 causae
1831 1531 2092 1588 nostrae
2133 1521 2583 1605 probationem

631 1609 989 1694 plurimum
1047 1618 1113 1674 et
1168 1607 1327 1673 illud
1393 1607 1588 1673 habet
1640 1607 2018 1687 adiumenti,
2079 1608 2249 1691 quod
2291 1606 2586 1690 quandiu

631 1698 895 1780 integra
927 1694 1155 1778 religio
1199 1694 1429 1773 valuit,
1466 1695 1612 1759 iura
1655 1704 1723 1759 et
1754 1693 1995 1759 iudicia
2036 1694 2279 1778 vigere,
2323 1693 2587 1777 Regum

632 1782 1041 1847 maiestatem
1068 1831 1082 1856 ‚
1160 1781 1529 1863 principum
1596 1780 1967 1846 dominatus
1991 1830 2006 1856 ,
2077 1779 2584 1864 magistratuum

638 1867 1122 1943 authoritatem,
1159 1866 1403 1931 civium
1439 1865 1829 1945 libertatem,
1877 1863 2010 1952 [sol.
2068 1863 2173 1952 12]
2219 1867 2441 1931 omnia
2475 1864 2586 1929 de-

636 1952 836 2036 nique
888 1953 1122 2017 florere
1181 1950 1504 2017 vidimus:
1562 1973 1726 2036 quae
1783 1973 1961 2017 nunc
2021 1960 2132 2017 tuo
2179 1952 2251 2016 in
2297 1950 2587 2017 Galliam

632 2037 865 2115 reditu,
878 2043 932 2115 ⁸)
975 2059 1049 2103 ac
1082 2037 1230 2121 ipsa
1272 2037 1602 2104 doctrinae
1622 2038 2076 2113 ostentatione,
2118 2038 2186 2102 in
2222 2035 2361 2101 dies
2395 2057 2589 2103 ruere

634 2135 701 2188 et
755 2123 1137 2189 labefactari
1191 2143 1433 2207 magno
1495 2123 1699 2208 Regis
1765 2121 2192 2202 incommodo,
2248 2122 2587 2189 acerbissi-

635 2230 871 2293 moque
927 2208 1154 2294 populi
1208 2229 1500 2273 moerore
1556 2211 1896 2274 sentimus.
1985 2209 2130 2275 Hoc
2173 2210 2352 2274 enim
2395 2228 2589 2291 prae·

633 2295 885 2363 clarum
941 2302 1131 2359 tuum
1189 2295 1625 2378 evangelium,
1687 2297 1876 2361 sicuti
1933 2315 2088 2359 mox
2145 2294 2465 2374 indicab0,
2522 2302 2593 2359 et

632 2381 799 2446 alias
862 2379 1120 2464 plenius
1184 2380 1573 2457 enunciabo,
1637 2379 2030 2446 incommodi
2093 2380 2315 2446 attulit
2332 2431 2348 2460 ,
2415 2378 2589 2465 quod

633 2488 797 2552 gens
860 2465 1140 2543 Gallica,
1208 2487 1376 2548 quae
1431 2467 1683 2551 Regem
1749 2488 1941 2532 suum
2006 2475 2155 2549 post
2210 2487 2587 2550 supremum

634 2573 885 2618 numen
941 2552 1246 2617 venerari
1302 2572 1378 2617 ac
1443 2572 1683 2631 amare,
1753 2572 1921 2635 quae
1974 2553 2317 2636 Principes
2375 2551 2587 2617 colere

633 2658 710 2704 ac
763 2637 1066 2715 revereri,
1126 2658 1291 2720 quae
1327 2634 1845 2721 'magistratibus
1918 2658 2149 2721 parere
2206 2638 2587 2721 obsequiose

635 2723 901 2801 solebat,
937 2743 1112 2788 nunc
1147 2744 1223 2788 eo
1256 2723 1701 2807 impudentiae
1734 2734 1811 2789 ut
1843 2724 2200 2809 plurimum
2238 2743 2588 2809 progressa

636 2811 740 2887 sit,
805 2818 881 2875 ut
935 2810 1244 2875 conviciis
1288 2809 1650 2894 Principes,
1710 2809 2075 2876 maledictis
2119 2811 2392 2895 Regem,
2439 2809 2588 2875 telis

632 2897 1060 2982 magistratus
1120 2904 1342 2978 petere
1396 2916 1530 2960 non
1589 2895 1917 2962 dubitarit.
2005 2894 2200 2977 Quod
2245 2906 2465 2961 autem
2517 2896 2589 2960 in

634 2992 1010 3048 nostrorum
1054 2981 1394 3047 hominum
1439 2982 1601 3047 vitia
1643 2990 1777 3047 tam
1823 3002 2049 3047 severe
2092 2981 2389 3065 inquiris,
2436 2980 2590 3047 vide

636 3089 720 3133 ne
799 3068 858 3132 si
912 3066 1199 3133 vicissim
1269 3076 1385 3132 tua
1440 3076 1509 3133 et
1561 3078 1825 3134 tuorum
1878 3067 2197 3135 maleficia
2252 3074 2589 3145 notavere,

636 3154 871 3219 merito
913 3152 1076 3218 illud
1122 3153 1195 3218 in
1237 3152 1517 3220 Iudaeos
1560 3153 1813 3220 Christi
1856 3152 2101 3220 dictum
2166 3154 2284 3220 tibi
2327 3153 2591 3219 obiicia-

636 3246 770 3317 tur,
830 3235 1004 3321 quod
1065 3239 1352 3322 perbelle
1395 3238 1679 3323 Lyricus
1737 3248 1923 3306 vates
1978 3240 2084 3305 his
2148 3239 2445 3307 versibus
2474 3259 2588 3304 ex·

684 3324 911 3391 ressit:

638 3345 685 3408 Ρ
981 3427 2449 3552 ccrfflrrmsfflrffiffl»

982 3564 1154 3632 Quam
1190 3575 1285 3618 aut
1321 3566 1518 3634 aquila,
1553 3573 1649 3618 aut
1682 3582 1908 3635 serpens
1942 3538 2359 3635 Epidaurius‘ff’)

812 3665 1202 3734 Sacerdotes
1270 3676 1528 3733 nostros
1584 3668 2028 3752 reprehendis,
2087 3668 2259 3752 quod
2315 3671 2384 3734 in
2440 3667 2589 3734 obs·

642 3774 803 3820 cura
858 3754 1197 3819 literarum
1256 3754 1280 3818 i
1375 3755 1670 3819 oratione
1726 3761 2090 3833 versentur,
2145 3755 2317 3838 quod
2375 3753 2592 3820 libidi-

640 3860 798 3906 nose
840 3840 1089 3916 vivant,
1136 3860 1222 3922 qu
1350 3839 1564 3904 officio
1605 3860 1722 3906 suo
1766 3842 1985 3905 minus
2027 3840 2310 3906 officiose
2353 3841 2589 3906 defun-

637 3933 897 4010 gantur.
986 3924 1134 3991 Hoc
1178 3934 1250 3990 ut
1291 3925 1411 3991 tibi
1457 3925 1539 3991 de
1573 3924 1909 3991 nonnullis
1951 3925 2321 4003 concedam,
2365 3936 2589 3991 tamen

637 4018 708 4076 et
747 4011 887 4094 ipse
940 4010 1114 4076 idem
1167 4010 1374 4076 multo
1427 4012 1665 4078 iustius
1719 4012 1789 4077 in
1835 4020 2001 4089 tuos,
2047 4032 2210 4095 quos
2253 4012 2590 4078 ministros

637 4115 853 4173 vocas,
897 4094 965 4159 id
1008 4104 1107 4160 est
1140 4104 1409 4161 tuarum
1450 4097 1803 4162 factionum
1848 4108 1917 4162 et
1949 4098 2234 4179 partium
2277 4099 2589 4163 adminis-

641 4190 777 4246 tros
834 4192 1029 4265 atque
1083 4181 1414 4259 satellites,
1457 4184 1779 4249 referam:
1825 4182 1936 4266 qui
1984 4182 2431 4267 superioribus
2472 4204 2588 4249 an·

640 4268 746 4332 nis
799 4265 1053 4331 vitandi
1110 4266 1332 4333 iudicii
1376 4289 1450 4333 ac
1494 4268 1816 4353 supplicii,
1861 4267 2036 4351 quod
2077 4269 2215 4333 suis
2257 4269 2589 4334 nefandis-

641 4351 825 4416 simis
886 4352 1276 4418 facinoribus
1340 4362 1529 4419 erant
1572 4355 1927 4436 promeriti,
2116 4355 2227 4433 tia,
2291 4354 2449 4420 hinc
2508 4354 2589 4420 ad

641 4456 778 4511 vos,
823 4437 1028 4501 veluti
1072 4437 1156 4502 ad
1208 4460 1393 4504 aram
1449 4441 1888 4524 confugerunt
1897 4465 1919 4521 ,·
2021 4438 2212 4505 einde
2253 4441 2324 4503 in
2367 4450 2592 4505 vestra

643 4524 1055 4605 procacitatis
1107 4524 1333 4591 schola
1388 4535 1524 4589 tres
1583 4533 1697 4590 aut
1752 4537 2031 4608 quatuor
2088 4545 2345 4590 menses
2390 4524 2590 4589 male-

644 4605 917 4672 dicendo
961 4614 1028 4671 et
1083 4606 1542 4677 debacchando
1597 4616 1794 4694 (quae
1848 4633 1981 4676 una
2025 4619 2127 4677 est
2183 4610 2445 4676 illorum
2491 4612 2592 4676 in-

648 4691 924 4765 dustria)
978 4695 1281 4775 gnaviter
1335 4697 1691 4774 exercitati,
1747 4697 1934 4779 quasi
1993 4699 2063 4763 in
2119 4695 2364 4781 bicipiti
2424 4697 2590 4762 Par-

645 4796 843 4842 nasso
901 4780 1303 4855 somniarint,
1360 4792 1629 4864 repente
1680 4781 1976 4849 doctores
2033 4783 2213 4849 brevi
2262 4793 2591 4849 momento

645 4863 879 4941 effecti,
923 4883 1100 4927 nunc
1143 4885 1228 4928 ex
1271 4867 1526 4932 sutrina
1568 4876 1683 4932 aut
1717 4872 2038 4935 tonstrina
2081 4868 2163 4935 ad
2209 4880 2589 4954 suggestum

645 4958 714 5013 et
755 4949 1128 5014 concionem
1174 4948 1609 5017 dimittuntur.

854 5238 918 5375 ἓξ
944 5237 1377 5364 mmm?
1414 5238 1778 5372 {tw-

2279 387 2746 456 EPIS'DOLA
2786 391 2953 456 3805

4484 393 4590 457 448

2849 575 3188 642 Pontificis
3244 575 3606 658 potentiam
3661 583 3730 641 et
3786 576 4247 641 authoritatem
4315 577 4383 641 in
4436 577 4596 663 vulgi

2680 662 2901 728 odium
2944 683 3155 740 vocas,
3199 660 3312 745 qui
3352 661 3564 727 maius
3606 661 3952 744 imperium
3995 662 4126 726 iam
4171 660 4287 727 diu
4328 660 4596 729 affectes:

2679 749 2793 832 qui
2834 756 2903 813 te
2943 769 3155 813 unum
3193 745 3578 813 eruditionis
3610 747 3976 831 principem
4009 747 4239 825 videri,
4275 747 4447 815 vitae
4478 770 4597 814 ma·

2679 836 2960 918 gistrum
3024 832 3385 909 nominari,
3450 841 3741 900 caeteros
3803 854 3887 898 ex
3950 842 4016 898 te
4079 831 4391 917 pendere,
4450 834 4600 899 nihil

2679 921 2824 985 sine
2866 929 2935 984 te
2978 919 3213 996 moliri,
3271 917 3440 984 nihil
3484 919 3614 985 nisi
3658 927 3873 986 tecum
3914 938 4110 1004 agere
4152 918 4367 985 velis?
4427 920 4600 1003 Epis-

2680 1026 2989 1090 coporum
3025 1003 3400 1071 sodalitium
3454 1006 3811 1084 insectaris,
3859 1007 3969 1088 qui
4013 1025 4349 1089 nunquam
4390 1006 4462 1069 in
4498 1027 4602 1089 pu·

2681 1091 2923 1158 blicum
2958 1092 3086 1158 nisi
3118 1092 3291 1157 inter
3323 1100 3610 1157 armatos
3630 1091 3957 1181 ‚satellites
3990 1090 4285 1174 prodeoe,
4320 1100 4605 1174 tanquam

2684 1178 2854 1245 alter
2899 1176 3189 1243 Catilina
3247 1178 3421 1242 inter
3474 1176 3821 1244 falcarios?
3889 1177 3989 1242 'Pu
4034 1185 4287 1242 nostros
4332 1177 4606 1244 homines

2683 1286 2827 1329 sese
2886 1264 3179 1330 conferre
3236 1263 3310 1328 in
3371 1261 3808 1341 solitudinem,
3866 1270 3933 1328 et
3973 1284 4117 1329 sese
4172 1262 4471 1347 religioni
4512 1284 4606 1329 vo-

2684 1371 2838 1415 vere
2894 1360 3064 1415 totos
3111 1370 3187 1415 ac
3241 1368 3638 1427 consecrare,
3699 1368 3824 1416 non
3880 1347 4221 1415 ferendum
4264 1358 4471 1431 putas,
4511 1349 4609 1431 qui

2685 1445 2836 1501 tuos
2891 1436 3096 1502 socios
3148 1434 3403 1501 foedere
3457 1456 3533 1500 ac
3589 1435 3911 1500 consortio
3965 1434 4084 1501 tibi
4127 1435 4195 1499 in
4238 1443 4609 1517 perpetuum

2682 1521 3089 1588 obstrinxisti
3109 1519 3142 1583 ⁴?
3189 1521 3301 1603 qui
3344 1521 3859 1587 coniurationem
3899 1528 4082 1586 tuam
4123 1520 4487 1587 inviolabili
4524 1521 4610 1585 iu·

2684 1608 3035 1673 reiurando
3089 1606 3412 1673 sanxisti?
3499 1605 3678 1688 Quid
3741 1605 4120 1690 praeterea?
4203 1605 4609 1673 Oeremonias

2685 1704 2751 1760 et
2793 1693 2979 1770 ritus,
3025 1693 3168 1758 sine
3201 1693 3437 1775 quibus
3482 1693 3710 1776 religio
3733 1691 4193 1769 administrari,
4221 1700 4338 1758 aut
4358 1692 4496 1756 ulla
4525 1692 4609 1757 vi·

2687 1777 2879 1846 vendi
2927 1776 3060 1866 [fol.
3117 1782 3191 1842 13
3268 1780 3476 1844 forma
3518 1778 3869 1861 praescribi
3913 1799 4045 1843 non
4090 1785 4315 1860 potest,
4361 1777 4612 1843 omnino

2686 1866 2918 1944 reiicis,
2959 1864 3132 1947 quod
3169 1864 3284 1929 tibi
3319 1864 3594 1930 humani
3628 1865 3843 1948 pot-ius
3880 1864 4149 1942 inventi,
4185 1883 4389 1946 quum
4423 1863 4613 1929 divini

2686 1951 2972 2018 instituti
3016 1971 3157 2017 esse
3206 1949 3571 2016 videantur.
3661 1950 3837 2016 Tuas
3880 1970 4035 2015 vero
4081 1950 4366 2027 naenias,
4408 1958 4477 2014 et
4517 1957 4616 2015 tuo

2689 2038 2967 2103 artificio
3012 2036 3433 2121 excogitatas,
3493 2057 3623 2100 non
3670 2035 3979 2102 mortales
4022 2035 4134 2102 sed
4181 2034 4455 2113 divinas,
4498 2056 4615 2101 non

2688 2122 2770 2189 ab
2815 2122 3078 2188 homine
3120 2122 3236 2188 scd
3294 2143 3335 2186 a
3377 2119 3498 2187 deo
3542 2121 3818 2187 authore
3858 2121 4136 2187 traditas
4178 2142 4322 2187 esse
4363 2142 4617 2203 persua-

2691 2208 2918 2275 debis?
3008 2209 3194 2272 Nihil
3250 2215 3702 2274 sacrosanctae
3762 2208 4043 2292 paginae
4102 2206 4475 2273 addendum
4515 2215 4618 2272 aut

2690 2293 3168 2362 detrahendum
3245 2294 3620 2361 vociferaris
3643 2346 3659 2372 ,
3733 2315 3808 2360 ac
3871 2292 4299 2359 nibilominus
4361 2293 4619 2359 infinitis

2688 2380 3305 2448 commentariorum
3361 2378 3675 2463 plaustris
3732 2399 3957 2445 omnes
4017 2378 4507 2462 bibliopolarum
4562 2385 4621 2444 et

2690 2465 3342 2552 pharmacopolarum
3421 2466 3714 2532 officinas
3791 2463 4137 2531 onerabis?
4246 2465 4456 2531 Nimis
4518 2484 4617 2529 ur·

2689 2572 2843 2638 geo:
2888 2553 3280 2619 commoveri
3318 2551 3579 2618 videtur
3614 2551 3810 2617 homo
3842 2550 4222 2634 impudens:
4258 2549 4342 2616 ad
4385 2571 4486 2615 me
4525 2571 4618 2615 re-

2693 2645 2928 2706 vertor.
3017 2638 3494 2704 Verumtamen
3554 2658 3765 2720 neque
3829 2636 3910 2702 de
3958 2635 4219 2702 calvini
4268 2644 4384 2702 aut
4422 2636 4619 2702 Besae

2689 2724 3092 2803 commentis,
3150 2743 3317 2806 quae
3371 2746 3562 2789 nemo
3633 2742 3767 2789 non
3825 2743 3999 2788 nova
4061 2731 4127 2786 et
4180 2731 4335 2788 ante
4398 2741 4619 2805 paucos

2692 2831 2901 2877 annos
2956 2808 3253 2875 inaudita
3299 2830 3441 2876 esse
3498 2808 3778 2888 dubitat,
3824 2829 3945 2874 nec
3986 2806 4067 2872 de
4108 2808 4441 2893 religionis
4479 2828 4617 2872 nos-

2691 2907 2849 2972 trae,
2896 2916 3092 2980 quam
3147 2916 3282 2960 non
3326 2917 3366 2961 a
3417 2895 3679 2960 mortali
3724 2895 3939 2978 aliquo
3984 2893 4345 2974 didicimus,
4387 2893 4618 2977 accepi-

2690 3004 2857 3062 mus,
2902 2981 3017 3048 sed
3050 2981 3132 3047 ab
3167 2982 3308 3067 ipso
3343 2980 3607 3048 Christo
3641 2979 3994 3047 immortali
4028 2981 4435 3063 arripuimus,
4468 2978 4617 3044 hau-

2691 3068 2915 3149 simus,
2982 3069 3277 3146 veritate,
3335 3068 3528 3152 plura
3582 3068 3917 3152 disputare
3977 3068 4109 3133 mei
4172 3074 4271 3133 est
4327 3065 4617 3143 instituti,

2692 3165 2808 3220 aut
2869 3153 3066 3221 huius
3108 3155 3437 3238 temporis.
3543 3152 3760 3219 Audio
3819 3153 3998 3219 enim
4060 3152 4379 3219 haetenus
4432 3153 4498 3217 in
4546 3171 4617 3217 eo

2692 3239 2865 3324 quod
2907 3239 3249 3325 Poyssiaci
3305 3241 3542 3305 initum
3600 3247 3703 3306 est
3753 3238 4089 3322 colloquio,
4118 3240 4204 3318 ι·)
4261 3246 4329 3304 et
4368 3238 4617 3305 emetis-

2693 3326 2879 3392 simis
2920 3325 3403 3410 Theologorum
3455 3336 3823 3392 nostrorum
3880 3325 4064 3391 libris
4121 3334 4189 3389 et
4244 3324 4618 3392 doctissimis

2694 3413 3178 3478 Germanorum
3223 3412 3611 3495 scriptorum
3655 3411 4137 3477 commentariis
4178 3409 4435 3476 abunde
4472 3411 4617 3474 isto-

2692 3518 2839 3563 rum
2883 3498 3281 3582 exagitatam
3322 3505 3388 3561 et
3430 3496 3765 3580 explosam
3806 3497 4010 3563 fuisse
4053 3495 4468 3580 impietatem,
4519 3493 4616 3560 Ad

2693 3583 2872 3663 haec,
2918 3582 3088 3667 quod
3144 3582 3372 3649 tandiu
3416 3583 3633 3648 Deum
3682 3582 3836 3667 Opt.
3883 3605 4057 3649 max.
4102 3584 4348 3666 precati
4390 3599 4613 3657 sumus,

2692 3669 2866 3753 quod
2925 3670 3095 3735 votis
3157 3667 3461 3736 omnibus
3519 3671 3908 3752 optavimus,
3964 3679 4042 3734 ut
4096 3666 4445 3751 aliquando
4483 3667 4613 3733 nni-

2693 3756 2869 3821 versi
2919 3754 3094 3821 orbis
3153 3754 3501 3822 concilium
3555 3765 3808 3821 certum
3867 3756 3937 3820 in
3990 3754 4206 3821 locum
4259 3755 4477 3834 coiret,
4516 3750 4613 3817 ubi

2695 3839 2775 3906 de
2858 3850 3168 3925 corrupta
3234 3841 3343 3907 vel
3406 3840 3691 3925 collapsa
3787 3839 4049 3907 vivendi
4126 3840 4465 3924 disciplina
4540 3836 4613 3903 ad

2691 3927 3188 4012 integerrimum
3260 3928 3502 3994 veteris
3566 3925 3932 3993 sanctitatis
4017 3927 4341 4009 specimen
4371 3978 4387 4006 ,
4464 3923 4611 4010 pris-

2692 4013 3037 4097 tinumque
3111 4012 3525 4097 splendorem
3604 4010 3971 4079 revocanda
4035 4032 4169 4078 non
4233 4011 4422 4078 modo
4484 4030 4611 4094 age-

2693 4108 2878 4165 retur
2900 4152 2918 4179 ,
2982 4098 3097 4165 sed
3155 4099 3355 4165 etiam
3418 4099 3769 4182 unicuique
3829 4098 4038 4164 libera
4098 4100 4288 4164 fieret
4350 4104 4611 4182 potestas

2693 4183 3038 4259 sentiendi,
3081 4183 3462 4261 disserendi,
3502 4183 3928 4267 percontandi
3972 4205 4135 4267 quae
4179 4182 4393 4264 vellet,
4435 4181 4500 4247 id
4534 4180 4610 4245 di-

2693 4271 2845 4335 vina
2900 4270 3163 4335 demum
3218 4271 3566 4337 clementia
3614 4278 3683 4334 et
3734 4270 4078 4336 Pontificis
4139 4289 4215 4335 ac
4270 4269 4609 4352 principum

2692 4355 3222 4423 Christianorum
3266 4356 3634 4422 admirabili
3667 4356 4092 4422 consensione
4134 4354 4409 4422 feliciter
4448 4352 4608 4417 nobis

2694 4442 2990 4527 contigit.
3014 4448 3098 4517 ¹¹)
3185 4441 3411 4524 Quare
3454 4462 3647 4524 spero
3680 4442 3842 4508 istos
3883 4443 3953 4506 in
3998 4450 4329 4525 posterum
4372 4460 4499 4505 non
4536 4437 4607 4513 vi,

2694 4548 2825 4592 non
2876 4529 3097 4606 armis,
3156 4550 3289 4594 non
3347 4527 3604 4595 insidiis
3647 4527 3984 4593 nobiscum
4041 4526 4473 4604 dimicaturos,
4513 4520 4608 4590 sed

2695 4615 2765 4678 in
2808 4624 3110 4697 apertum
3167 4615 3633 4699 disputationis
3675 4634 3999 4698 campum,
4040 4615 4110 4678 in
4148 4613 4353 4678 aciem
4397 4610 4607 4677 verita-

2696 4700 2799 4779 tis,
2867 4702 3158 4768 remissis
3212 4702 3359 4767 istis
3421 4699 3776 4785 spiritibus,
3842 4701 3957 4782 qui
4017 4720 4126 4765 eos
4190 4708 4609 4765 transversum

2694 4798 2919 4869 agunt,
2963 4787 3184 4854 sedate
3227 4810 3303 4854 ac
3344 4785 3656 4853 benevole
3700 4784 4038 4852 nobiscum
4081 4797 4406 4863 venturos,
4450 4801 4610 4866 prae·

2868 5043 3089 5111 10)Eae
3142 5045 3199 5126 ²⁸:
3255 5043 3288 5097 1.
3341 5043 3794 5165 [οντςοοῑῑοῗιὶε
3845 5043 4080 5124 &benun
4123 5040 4611 5123 &uaccae-fina-

2694 5112 2947 5182 colloque
2979 5116 3343 5194 conscmvm
3380 5113 3574 5178 tiawse.
3700 5127 3851 5166 erun
3897 5112 4050 5177 nfra
4085 5126 4171 5164 res
4203 5127 4270 5164 m.
4314 5109 4468 5164 Maso
4500 5104 4614 5160 1562

2693 5184 2877 5250 “⁶⁰⁶
2906 5187 3311 5305 “mk
4590 5244 4599 5255 ·

2869 5249 2960 5315 11)
3213 5250 3224 5263 ‘
3352 5249 3500 5304 bulla
3549 5248 3648 5303 Pin·
3680 5249 3785 5303 17.
3832 5248 3885 5303 d.
3936 5248 3991 5301 d.
4037 5246 4122 5301 25.
4156 5246 4289 5301 Noe.
4335 5245 4467 5301 15oe
4513 5243 4616 5297 Tn-

2700 5317 2917 5373 denatm
2951 5325 3313 5387 convocatum,
3349 5318 3445 5373 aed
3477 5317 3689 5373 &mum
3728 5317 3806 5372 18.
3847 5318 3975 5373 Ian.
4012 5316 4147 5370 1562
4180 5321 4559 5385 myreum
