4850 6117
222 441 335 505 493

227 620 375 694 nihil
412 645 771 711 ageremus,
842 633 910 692 et
963 624 1255 712 gratuler
1298 628 1359 692 ei
1402 646 1797 708 successum,
1842 629 1954 713 qui
1998 626 2157 693 dum

229 710 514 779 recordor
574 712 730 779 facit
792 720 870 778 ut
925 711 1290 780 desiderem
1355 712 1424 779 in
1492 733 1686 797 opere
1739 735 1882 781 esse
1936 722 2011 779 ut
2062 713 2158 781 fui

230 796 384 883 apud
417 804 693 865 nostros.
760 796 934 864 Nam
971 808 1133 864 tunc
1165 796 1330 863 mihi
1366 796 1640 866 videbar
1672 800 1909 866 vivere.
1978 797 2158 881 Quid

227 891 431 951 nostro
492 905 628 950 non
686 885 905 951 evenit
961 883 1170 952 Vireto
1220 884 1290 950 in
1347 893 1484 951 tam
1538 885 1785 971 insigni
1839 895 1908 950 et
1957 887 2159 952 ubere

226 966 469 1036 fluctu?
556 968 692 1036 Sed
734 978 809 1036 tu
852 978 923 1037 et
963 968 1140 1036 domi
1194 991 1283 1050 es,
1351 970 1524 1037 domi
1569 980 1637 1037 et
1678 970 1838 1038 foris
1878 972 1975 1037 ita
2016 973 2157 1056 agis

228 1060 376 1121 utte
397 1057 597 1122 etiam
632 1055 845 1123 indies
880 1057 1124 1125 vincas.
1192 1055 1504 1123 Christus
1537 1058 1750 1143 magis
1783 1058 1995 1142 magis
2015 1057 2051 1096 *
2085 1058 2157 1122 in

226 1141 511 1207 omnibus
567 1162 732 1226 opus
788 1163 982 1209 suum
1043 1141 1354 1210 absolvat.
1433 1142 1583 1228 Ego
1635 1144 1812 1210 solus
1865 1164 2023 1227 repo
2087 1150 2160 1209 et

226 1230 464 1293 tantum
532 1248 664 1294 non
722 1228 1181 1314 retrogredior.
1272 1227 1647 1295 Oonficerer
1703 1250 1971 1313 prorsus
2026 1230 2158 1296 nisi

225 1312 484 1379 aliorum
530 1313 700 1380 bona
742 1315 1075 1381 efficerent
1130 1321 1207 1380 ut
1261 1336 1411 1380 mea
1459 1335 1592 1380 non
1640 1316 1920 1382 sentiam
1962 1315 2155 1394 mala,

225 1406 287 1466 ct
319 1400 410 1464 ita
450 1399 706 1484 gaudeo
749 1420 948 1551 Βιιὲοι·
992 1408 1179 1468 tanta
1221 1400 1674 1467 benedictione
1718 1401 2008 1478 Domini,
2081 1408 2160 1466 ut

224 1504 413 1570 paene
457 1485 587 1551 sim
629 1487 771 1553 sine
858 1486 1035 1553 olore
1089 1506 1287 1569 super
1348 1486 1431 1552 iis
1472 1508 1642 1570 quae
1684 1508 1790 1553 me
1833 1485 2157 1553 hostiliter

226 1578 288 1636 et
335 1571 545 1636 multa
596 1573 666 1639 vi
722 1582 966 1657 cogunt
1015 1570 1438 1638 retrocedere.
1530 1571 1742 1657 Spero
1794 1573 2156 1638 Dominum

223 1656 536 1723 facturum
579 1665 670 1737 ut,
715 1657 1263 1741 quemadmodum
1304 1658 1453 1724 istic
1494 1679 1646 1725 suos
1690 1659 1907 1725 hostes
1929 1656 2158 1725 Domi-

223 1763 336 1809 nus
375 1743 674 1821 confecit,
709 1744 804 1809 ita
836 1752 905 1809 et
939 1744 1047 1811 hic
1082 1744 1171 1810 sit
1203 1745 1513 1812 facturus.
1578 1744 1909 1827 Principis
1943 1753 2156 1810 mater

224 1827 395 1894 nobis
452 1828 684 1909 aderit,
745 1840 823 1895 ut
877 1830 1142 1914 recepit,
1200 1838 1268 1896 et
1323 1840 1391 1896 tu
1452 1851 1584 1897 non
1642 1830 1867 1896 deeris.
1965 1830 2153 1910 Vale,

224 1915 309 1979 mi
345 1913 551 1980 frater
606 1916 903 1981 omnium
958 1916 1307 1996 carissime,
1366 1923 1435 1982 et
1477 1915 1652 1999 quod
1694 1938 1953 2000 semper
1994 1916 2155 1983 facis

295 1999 559 2068 rfectius
588 2000 870 2068 absolve.
950 2000 1197 2069 Omnia
1240 2002 1310 2067 in
1357 2010 1422 2067 te
1456 2000 1781 2068 Dominus
1834 2001 2155 2087 adaugeat

261 2106 378 2151 ona
419 2094 486 2152 et
533 2108 731 2172 quam
775 2087 1252 2154 absolutissime
1296 2089 1517 2153 omnia
1558 2088 1856 2173 perficiat
1897 2089 1967 2152 in
2011 2086 2153 2173 glo·

219 2172 370 2238 riam
432 2173 538 2239 sui
606 2173 886 2240 nominis
951 2185 1018 2239 et
1080 2175 1372 2239 omnium
1431 2174 1849 2241 ecclesiarum
1890 2174 2154 2259 plenam

219 2260 747 2325 instaurationem
790 2269 858 2325 et
899 2269 1416 2327 consummatam
1473 2260 2009 2340 aedificationem,
2068 2258 2154 2325 ad

219 2365 365 2428 quae
400 2353 466 2411 te
504 2344 619 2411 diu
654 2356 874 2413 servet
906 2345 1316 2412 incolumem.
1385 2345 1596 2430 Oupio
1618 2347 1902 2432 collegas
1925 2365 2155 2412 omnes

220 2430 431 2512 salvos,
482 2439 552 2499 et
596 2431 909 2516 quidquid
953 2440 1056 2498 est
1089 2433 1363 2516 piorum.
1434 2433 1709 2500 Fratres
1744 2443 1810 2499 te
1846 2431 2149 2498 salutant.

223 2514 421 2599 Quam
490 2518 840 2602 expetierit
887 2540 1056 2584 uxor
1105 2526 1179 2583 ut
1224 2527 1291 2583 te
1339 2519 1595 2586 salvum
1654 2540 1796 2585 esse
1840 2518 2151 2598 iuberem,

217 2622 337 2667 non
394 2616 592 2671 vacat
645 2625 768 2670 nec
824 2625 1087 2688 possum
1145 2605 1447 2671 scribere.
1538 2604 1761 2686 Quid?
1827 2604 1997 2670 nihil
2052 2613 2151 2669 est

216 2687 375 2788 domi
415 2690 591 2772 quod
657 2696 725 2755 te
782 2710 917 2756 non
971 2697 1153 2776 optet
1206 2689 1482 2759 salvum.
1567 2692 1628 2757 N
1632 2692 1877 2758 eocomi
1920 2695 1959 2756 3
2005 2693 2147 2757 Au·

1203 2914 1386 2981 Tuus
1429 2922 1607 2981 totus
1648 2913 1970 2980 Farellus.

1037 3514 1242 3587 3882.

586 3669 1259 3737 BULLINGERUS
1306 3668 1743 3737 OALVINO.

370 3839 698 3908 Gondaeus
736 3863 780 3908 a
828 3840 1274 3908 Tmicevasibus
1305 3844 1613 3924 peonmiae
1652 3862 1964 3909 summam
2003 3862 2145 3909 mu-
2186 3876 2192 3909 ι

213 3928 374 3992 mam
411 3929 668 4011 cupiens
708 3928 1026 4009 suscipere
1064 3928 1384 4009 repulsam
1443 3929 1606 3995 tulit.
1695 3929 1962 3996 Interim
2006 3930 2145 4013 ipse

211 4012 357 4078 niba
392 4015 565 4097 facit,
610 4015 970 4081 adversarii
1003 4019 1211 4080 autem
1249 4034 1373 4080 non
1414 4014 1769 4081 dormitant.

216 4182 318 4249 (Ex
348 4187 688 4258 autographo
727 4186 888 4241 Arch.
937 4186 1119 4240 Turic.
1171 4185 1314 4241 Plut.
1360 4184 1449 4241 Vl.
1486 4187 1605 4242 Vol.
1639 4185 1760 4250 129,
1803 4189 1934 4241 olim
1968 4188 2143 4243 Scriu.

421 4257 482 4311 B.
517 4257 661 4326 Epp.
698 4255 852 4310 Tom.
887 4254 972 4310 30.
1005 4256 1097 4310 fol.
1132 4252 1253 4309 440.
1291 4282 1356 4294 —
1391 4255 1602 4311 Simler.
1640 4256 1759 4312 Vol.
1800 4256 1919 4312 105.

365 4428 744 4495 Clarissimo
779 4429 925 4495 viro
955 4427 1034 4493 D.
1059 4426 1340 4494 Calvino
1375 4428 1789 4496 Genevcnsis
1832 4428 2143 4496 ecclesiae

209 4513 493 4582 ministro
528 4514 711 4581 fideli
731 4512 994 4580 domino
1020 4512 1290 4581 colendo
1325 4521 1392 4580 et
1424 4513 1613 4580 fratri
1635 4515 1971 4669 canggitrlriiio
2000 4535 2137 4581 suo.

364 4772 431 4839 S.
473 4774 561 4840 D.
652 4774 941 4853 Tristem
983 4770 1335 4839 admodum
1380 4795 1486 4839 me
1522 4772 1949 4838 reddiderunt
1986 4772 2133 4838 lite-

207 4874 311 4921 rae
350 4862 517 4944 tuae,
545 4863 595 4939 ¹)
641 4881 763 4944 per
806 4858 1183 4925 Oonradum
1233 4858 1558 4925 Sulcerum
1598 4859 1843 4924 Alberti
1883 4878 2133 4924 merca-

209 4942 356 5007 toris
394 4945 771 5012 ministrum
826 4946 1082 5012 missae.
1173 4945 1507 5029 Principio
1566 4944 1823 5030 quidem
1864 4953 2134 5028 propter

209 5114 306 5121 ———

207 5229 268 5285 de
306 5235 417 5290 eius
453 5236 790 5307 profectione
831 5244 883 5292 et
925 5243 1107 5293 tamen
1149 5237 1268 5305 ipse
1305 5233 1585 5305 proficisci
1617 5236 1786 5307 eupit,
1818 5235 1928 5291 ino
1960 5249 2136 5305 nuper

202 5302 456 5366 roseam
487 5312 606 5361 erat
638 5308 727 5362 vir
758 5311 1029 5378 quiescere
1058 5305 1288 5361 ηοεοὰιε.

207 5369 380 5426 8882.
395 5373 450 5442 1)
486 5373 818 5445 deperditae.

1914 441 2075 506 1562
2119 436 2513 508 AUGUS'P.

4074 447 4203 512 494

2257 626 2588 712 pecunias,
2609 625 2668 712 ²)
2755 647 2873 694 uas
2914 627 3217 712 princeps
3259 648 3300 692 a
3339 629 3583 696 nostris
3625 636 3857 696 mutuo
3899 631 4027 699 sibi
4059 631 4204 700 dari

2256 712 2632 796 postulavit.
2785 734 2872 780 on
2926 713 3104 779 enim
3162 711 3386 780 dubito
3428 715 3600 782 male
3632 717 4201 800 interpretaturos,

2255 798 2370 883 qui
2410 798 2698 883 inopiam
2739 806 3032 866 nostram
3076 798 3403 884 ignorant,
3463 800 3633 883 quod
3676 822 3939 869 summa
3978 812 4201 888 postu-

2255 884 2392 950 lata
2455 906 2591 950 non
2645 892 2747 950 est
2803 885 3255 951 adnumerata.
3342 887 3436 951 At
3489 887 3769 954 rationes
3811 897 4007 956 antea
4047 910 4203 957 vere

2257 970 2379 1037 tibi
2422 971 2715 1054 exposui,
2758 992 2881 1038 cur
2922 970 3133 1037 nostri
3175 992 3312 1038 non
3354 974 3626 1056 possint.
3714 972 3918 1041 Aliud
3960 973 4202 1043 addere

2255 1077 2386 1122 non
2431 1076 2714 1140 possum.
2782 1055 3039 1123 Deinde
3084 1058 3318 1142 affligit
3358 1078 3465 1123 me
3508 1079 3710 1142 supra
3750 1059 4015 1126 modum
4050 1081 4202 1146 gra-

2257 1143 2447 1220 viter,
2526 1142 2697 1224 quod
2762 1142 2994 1209 scribis
3054 1142 3133 1208 de
3177 1142 3592 1209 Bernatibus.
3618 1146 3672 1225 ⁸)
3760 1142 4203 1228 speraveram

2254 1226 2403 1293 illos
2442 1226 2562 1293 sibi
2609 1228 2849 1295 amicos
2891 1234 3236 1312 paraturos
3277 1227 3392 1294 illa
3435 1228 3864 1315 expeditione,
3910 1252 4041 1316 qua
4080 1231 4200 1298 bo·

2256 1332 2412 1378 nam
2471 1312 2817 1379 Helvetiae
2880 1323 3136 1397 partem
3320 1315 3495 1381 viter
3545 1314 3976 1383 offenderunt.
4062 1316 4201 1385 Sed

2256 1397 2574 1484 intelligo,
2618 1399 2866 1464 nullam
2911 1418 3022 1464 eos
3056 1419 3182 1483 apu
3272 1419 3392 1465 vos
3427 1409 3625 1485 atque
3649 1401 3879 1468 Gallos
3919 1405 4201 1488 gratiam

2254 1485 2480 1551 iniisse
2524 1492 2645 1550 etc.
2732 1485 2842 1550 Ex
2898 1484 3199 1551 ministro
3255 1486 3416 1550 item
3456 1487 3841 1554 mercatoris
3883 1488 4199 1571 intellexi,

2254 1571 2576 1636 maximas
2634 1568 2973 1637 Gondensis
3035 1572 3250 1655 copias
3311 1571 3613 1638 Aureliae
3682 1573 3969 1640 inclusoe
4031 1574 4201 1641 nihil

2254 1656 2485 1735 facere,
2529 1663 2597 1722 et
2637 1655 2969 1739 impensas
3012 1655 3484 1740 conduplicare.
3552 1659 3767 1724 Aiunt
3787 1658 3901 1725 alii
3924 1659 4201 1727 militem

2253 1741 2493 1807 fessum
2540 1747 2608 1807 et
2651 1741 2847 1827 longa
2886 1762 3071 1808 mora
3111 1743 3389 1810 fractum
3435 1763 3505 1808 se
3539 1742 3897 1811 subducere
3935 1746 4199 1813 sensim.

2253 1826 2617 1893 Dominum
2658 1848 2791 1906 oro,
2849 1835 2924 1893 ut
2963 1828 3105 1911 ipse
3148 1830 3482 1913 negotium
3525 1838 3703 1896 recte
3750 1829 4010 1916 dirigat.
4098 1832 4201 1897 ‘ru

2253 1914 2591 1980 existimas
2653 1913 2905 1997 Papam
2969 1920 3282 1980 vexatum
3346 1934 3385 1979 a
3446 1915 3739 1982 'l'urcicis
3822 1916 4201 1984 triremibus

2253 2019 2383 2065 non
2428 2020 2618 2084 posse
2663 1998 2908 2065 bellum
2953 2020 3181 2084 gerere
3223 2001 3293 2065 in
3318 2000 3556 2067 Gallia.
3623 2001 3768 2087 Ego
3805 2022 3967 2068 vero
4003 2001 4197 2069 hodie

2254 2084 2480 2152 literas
2524 2084 2743 2169 accepi
2786 2106 2827 2150 a
2865 2082 2950 2150 D.
2987 2085 3280 2152 Hercule
3321 2106 3365 2151 a
3389 2084 3580 2167 Salis,
3601 2088 3660 2166 ⁴)
3706 2088 3817 2170 qui
3859 2108 3978 2171 pro
4019 2109 4196 2154 com-

2250 2179 2438 2254 perto
2501 2180 2744 2251 narrat,
2810 2169 3196 2238 Pontificem
3306 2172 3593 2238 aravisse
3656 2171 3948 2256 peditum
4007 2177 4195 2252 7000,

2253 2258 2543 2340 equitum
2602 2261 2775 2322 1000.
2841 2257 3192 2323 Praeterea
3292 2257 3560 2323 omitem
3604 2256 3914 2324 Ioannem
3956 2259 4033 2324 de
4052 2260 4195 2324 An·
4236 2288 4243 2295 ·

2245 2342 2517 2427 yoscaebla
2535 2345 2589 2422 ⁸)
2647 2344 2816 2408 3000
2879 2340 3170 2426 peditum
3233 2342 3499 2409 duxisse
3556 2365 3641 2410 ex
3704 2342 4068 2411 Mediolano
4129 2352 4197 2410 et

2252 2427 2591 2494 Placentia
2630 2426 2927 2507 Ienuam,
2993 2426 3146 2495 inde
3202 2429 3522 2514 proficisci
3580 2438 3760 2496 recta
3799 2430 3869 2494 in
3912 2429 4197 2497 Provin-

2252 2515 2439 2594 ciam,
2487 2522 2678 2597 atquo
2721 2514 2812 2579 ibi
2857 2521 3387 2598 exspectaturum
3430 2514 3771 2582 Pontificis
3815 2516 4198 2597 exercitum,

2252 2601 2366 2684 qui
2407 2619 2565 2665 mox
2609 2600 2698 2665 sit
2739 2610 3153 2683 sequuturus.
3236 2601 3420 2666 Haec
3461 2601 3645 2667 nolui
3687 2601 3991 2667 nescires.

2422 2685 2708 2752 Comitia
2748 2686 3179 2752 Heremitana
3242 2694 3400 2752 sunt
3455 2687 3660 2766 finita,
3727 2708 3803 2753 ac
3854 2708 3961 2753 res
4019 2708 4197 2753 nunc

2248 2770 2745 2855 periculosiores
2789 2791 2866 2839 ac
2909 2771 3263 2838 deteriores
3307 2779 3478 2852 sunt,
3522 2793 3719 2855 quam
3761 2781 3971 2838 antea.
4053 2772 4195 2838 Do-

2249 2857 2471 2923 minus
2536 2867 2839 2942 protegat
2890 2855 3114 2923 fideles
3167 2879 3208 2923 a
3262 2858 3453 2938 malo,
3519 2867 3586 2923 et
3637 2858 3896 2925 roboret
3956 2858 4196 2941 spiritu

2252 2964 2368 3009 suo
2444 2952 2685 3010 sancto.
2795 2942 2964 3009 Vale
3028 2963 3159 3008 una
3221 2963 3369 3008 cum
3447 2944 3747 3010 omnibus
3811 2943 4196 3029 symmystis

2249 3037 2317 3096 et
2358 3029 2686 3095 fratribus.
2770 3029 3102 3096 Dominus
3146 3026 3316 3094 adsit
3356 3030 3545 3095 nobis
3586 3029 3899 3096 omnibus.
3969 3027 4197 3096 Nostri

2250 3122 2317 3182 te
2362 3115 2670 3182 salutant.
2749 3115 3038 3202 Augusti
3083 3118 3139 3180 7.
3191 3117 3372 3179 1562.

3376 3252 3812 3337 Bullingerus
3852 3260 4023 3319 tuus.

3124 3798 3325 3869 3833.

2732 3953 3177 4022 ANDELOT
3228 3956 3290 4021 A
3335 3950 3700 4020 OALVIN.

2421 4127 2582 4194 Note
2613 4146 2728 4194 sur
2770 4146 2871 4193 ses
2909 4125 3322 4210 neyoeiations
3362 4143 3439 4188 en
3478 4122 3862 4207 Allemayne.
3900 4123 3952 4200 ¹)

2248 4296 2963 4369 (BibliothequeTronchin.
2998 4296 3240 4367 ’Orginal
3276 4310 3409 4348 avec
3441 4293 3805 4364 souscription
3840 4292 4195 4364 autographo.

2916 4367 3152 4421 Bulletin
3187 4364 3336 4419 XVI.
3373 4361 3523 4429 162.)

2649 4540 2715 4606 A
2754 4538 3113 4605 Monsieur
3140 4535 3376 4603 Oalvin
3420 4555 3459 4600 a
3503 4534 3795 4601 Geneve.

2440 4812 2719 4881 2)ef.N.
2767 4811 2907 4866 3823
2957 4812 3276 4868 etDareste
3320 4805 3610 4862 inRevue
3659 4805 3786 4861 hist.
3840 4803 3976 4859 1876
4022 4805 4192 4874 Π.Ῑ).

2232 4885 2318 4942 37.
2398 4884 2769 4951 Hotomanus,
2804 4879 3028 4950 Dohna,
3064 4879 3395 4947 Porciams,
3436 4877 3491 4932 S.
3528 4874 3756 4957 Martio·
3799 4878 3853 4928 et
3886 4873 4194 4956 Audemus

2230 4955 2296 5009 in
2337 4953 2696 5035 Germaniam
2728 4949 2887 5005 missi
2918 4956 3049 5006 sunt
3079 4956 3143 5005 ut
3175 4949 3373 5031 milites
3406 4950 3457 5001 et
3483 4959 3761 5028 pecinnae
4014 5014 4027 5025 ·
4085 4948 4192 4998 ent.

2232 5023 2473 5148 ...ms
2484 5022 2628 5149 ‘2¹3²
2745 5035 2873 5144 ss.
2889 5025 3227 5145 wm-
3113 5013 4194 5156 memma.sz

2440 5161 2502 5224 3)
2543 5161 2615 5215 N.
2651 5157 2806 5213 3824„
2841 5156 2978 5230 Rey.
3016 5158 3096 5214 du
3131 5157 3352 5213 Conseil
3383 5155 3434 5209 9.
3470 5154 3583 5210 Iul.
3619 5159 3672 5210 et
3704 5166 3848 5222 seqq.

2439 5228 2504 5362 ι),
2537 5226 2831 5366 W...
2826 5295 2974 5380 ...-
2976 5335 2991 5349 .
3422 5362 3435 5375 ,

2235 5367 2420 5424 8888.
2441 5368 2501 5438 1)
2544 5367 2719 5439 Voyes
2750 5366 2903 5423 Hest.
2935 5367 3056 5422 eeel.
3092 5366 3169 5421 11.
3209 5362 3309 5420 135
3341 5378 3486 5419 sm.
