4850 6117
262 424 374 490 565

416 605 854 676 ornatissimo
897 604 1041 672 viro
1074 603 1160 671 D.
1183 602 1579 670 Immanueli
1615 602 1957 684 Tremelio,
2002 601 2184 682 theo·

262 696 453 782 loffiae
495 693 763 772 doctori,
804 692 996 757 fratri
1039 699 1107 758 et
1148 690 1357 756 amico
1399 688 1566 754 mihi
1608 688 1901 756 colendo.

1519 774 2013 861 Heidelbergae.

417 950 610 1035 Quod
633 948 790 1015 tuis
831 948 1042 1015 literis
1083 947 1405 1014 hactenus
1447 969 1579 1015 non
1623 945 1950 1031 respondi,
2004 966 2193 1012 orna-

265 1038 497 1107 tissime
539 1039 664 1114 vir,
722 1037 779 1101 si
834 1035 1193 1119 impetrare
1245 1054 1495 1116 nequeo
1538 1036 1701 1117 quin
1759 1033 2062 1119 pigritiae
2104 1033 2192 1099 si-

264 1125 526 1192 lentium
568 1142 793 1189 meum
836 1121 1141 1197 ascribas,
1198 1119 1460 1202 culpam
1517 1139 1816 1204 agnosco,
1874 1119 1990 1186 sed
2042 1137 2192 1184 cum

265 1212 377 1278 hac
415 1208 890 1293 deprecatione,
936 1227 1132 1291 quam
1170 1204 1359 1271 facile
1396 1212 1474 1271 ut
1514 1227 1705 1290 spero
1740 1204 2063 1285 admittes,
2108 1225 2193 1270 ne

265 1296 405 1380 quid
437 1316 521 1360 ex
555 1314 778 1360 amore
811 1313 970 1377 erga
1004 1313 1110 1358 me
1144 1299 1259 1358 tuo
1295 1290 1581 1358 decedat.
1647 1291 1959 1358 Nondum
1995 1292 2192 1356 etiam

266 1381 338 1448 de
375 1378 840 1448 commentario
885 1380 969 1444 D.
1002 1377 1243 1444 Buceri
1274 1376 1324 1464 ¹)
1369 1379 1476 1462 egi
1517 1377 1799 1462 gratias:
1842 1377 2019 1443 unde
2062 1378 2194 1442 col-

265 1469 452 1553 ligere
507 1466 627 1532 tibi
683 1465 919 1531 melius
974 1463 1227 1543 licebit,
1286 1484 1392 1529 me
1444 1484 1579 1529 non
1632 1470 1968 1532 contemtu
2022 1464 2194 1529 eius·

265 1553 426 1620 modi
468 1552 684 1620 officia
727 1551 1267 1636 praetermittere.

420 1638 652 1722 Nuper
671 1658 876 1721 quum
910 1657 952 1702 a
984 1645 1219 1703 senatu
1241 1655 1360 1719 pro
1404 1656 1583 1701 more
1605 1636 1885 1719 petitum
1927 1642 2117 1715 esset,
2135 1637 2195 1712 2)

268 1732 337 1790 ut
374 1732 520 1790 tuos
562 1724 639 1789 in
681 1724 973 1789 Hoseam
1026 1722 1530 1789 commentarios
1585 1721 1820 1788 excudi
1863 1722 2199 1805 permitte-

269 1819 379 1889 ret,
421 1809 638 1877 delata
679 1810 869 1877 nobis
912 1809 1038 1874 fuit
1080 1807 1382 1893 cognitio,
1456 1808 1604 1893 Ego
1644 1829 1801 1874 vero
1844 1807 2199 1874 absurdum

268 1916 397 1962 esse
449 1896 681 1962 censui
739 1902 1051 1978 tanquam
1093 1892 1174 1958 de
1227 1914 1301 1958 re
1345 1889 1544 1959 dubia
1597 1892 1915 1961 iudicium
1965 1893 2198 1959 facere.

268 1982 427 2047 Nam
479 1982 537 2048 si
593 1981 677 2047 de
736 1979 1107 2047 conditione
1125 1978 1180 2065 ⁸)
1238 1979 1477 2064 agitur,
1531 1979 1678 2063 quis
1734 1978 1856 2046 sibi
1914 1979 2202 2048 censoris

267 2074 471 2152 partes
507 2065 937 2151 sumpsisset?
983 2065 1137 2132 fidei
1171 2074 1394 2132 autem
1429 2071 1581 2131 tuae
1616 2066 1956 2132 sinceritas
1988 2064 2202 2150 magis

270 2151 441 2220 nobis
482 2160 818 2238 comperta
860 2159 979 2232 est,
1037 2172 1235 2236 quam
1277 2159 1353 2216 ut
1408 2152 1831 2236 inquisitione
1874 2171 2037 2235 opus
2095 2152 2199 2217 sit.

267 2238 459 2305 Liber
500 2241 725 2324 itaque
766 2238 1042 2305 Antonio
1065 2241 1125 2314 ⁴)
1172 2244 1397 2303 nostro
1439 2237 1733 2304 redditus
1775 2245 1892 2316 est,
1951 2244 2029 2302 ut
2071 2258 2202 2321 qua

442 2333 471 2390 t
532 2327 828 2391 maxima
891 2323 1285 2390 dexteritate
1349 2331 1613 2389 curaret
1669 2322 2200 2408 imprimendum.

270 2410 527 2478 Utinam
562 2410 650 2477 ad
693 2410 855 2477 alios
897 2410 1100 2476 etiam
1133 2409 1505 2493 Prophetas
1539 2410 1959 2494 explicandos
1986 2413 2042 2488 ⁶)
2085 2409 2204 2475 ad-

270 2495 501 2564 iiceres.
589 2496 861 2563 Interea
914 2495 1154 2581 dignus
1208 2495 1338 2560 fuit
1376 2495 1629 2561 Hoseas
1686 2517 1728 2562 a
1769 2516 1897 2579 quo
1954 2496 2202 2562 faceres

273 2582 622 2649 exordium.
690 2583 878 2650 Bene
920 2579 1090 2661 vale,
1147 2581 1564 2647 ornatissime
1617 2582 1739 2661 vir,
1790 2591 1857 2646 et
1908 2581 2074 2646 mihi
2117 2602 2201 2647 ex

274 2669 477 2735 animo
510 2668 800 2749 colende,
831 2668 1146 2736 salutabis
1180 2688 1325 2733 meo
1360 2668 1624 2733 nomine
1659 2667 2009 2752 diligenter
2041 2667 2202 2733 ami·

273 2773 388 2820 cos.
475 2755 803 2822 Dominus
864 2775 984 2822 vos
1045 2754 1283 2838 spiritu
1345 2772 1465 2819 suo
1542 2774 1799 2837 semper
1864 2753 2205 2838 gubernet,

275 2838 503 2907 virtute
567 2842 907 2921 sustineat,
973 2849 1041 2906 et
1100 2839 1460 2906 incolumes
1524 2848 1805 2906 tueatur.
1894 2839 2205 2908 Genevae

273 2926 363 2991 27.
404 2924 710 2995 Octobris
760 2930 945 2995 1562.

1163 3061 1446 3129 Ioannes
1489 3061 1814 3131 Calvinus
1857 3070 2029 3129 tuus.

1136 3591 1327 3662 3871.

366 3744 718 3815 GALVIN
760 3748 825 3814 A
866 3731 1302 3814 L’EGLISE
1346 3744 1475 3811 DE
1520 3744 2103 3813 FRANOFORT.

427 3919 885 4003 Appreoiation
926 3918 1002 3986 de
1045 3917 1215 3986 vetat
1253 3919 1364 3985 des
1407 3916 1613 3986 chose-s·
1654 3923 1713 3985 et
1751 3918 2007 3985 consens
2046 3918 2208 3985 rela-

273 3998 377 4079 tifs
421 4004 463 4067 ὰ
503 4006 571 4071 la
613 4006 930 4072 simation.

273 4167 580 4244 (L’original
629 4176 863 4244 francais
912 4193 947 4229 a
991 4174 1079 4228 ete
1130 4174 1315 4244 public
1367 4192 1469 4245 par
1510 4175 1565 4229 J.
1602 4174 1785 4229 Balth.
1820 4175 2019 4243 Ritter,
2072 4175 2209 4229 dans

275 4235 336 4292 1²0
543 4266 557 4299 ε
595 4245 801 4316 Evang.
827 4243 1165 4300 Denckmahl
1196 4244 1297 4298 der
1331 4243 1491 4299 Stadt
1518 4243 1882 4298 Franckfurth
1916 4251 2020 4298 etc.
2056 4243 2207 4298 1726.

273 4302 320 4357 4-
350 4326 400 4390 p.
433 4261 536 4368 ai}
579 4313 716 4368 mais
758 4330 891 4368 avec
924 4315 994 4368 de
1028 4314 1381 4368 nombreuses
1429 4314 1606 4367 fantes
1640 4311 2013 4382 ὕπαρ-θεείου
2048 4318 2107 4367 et
2140 4313 2210 4366 de

279 4389 432 4445 cople.
499 4383 584 4439 On
631 4384 683 4437 le
727 4388 920 4437 trouve
966 4383 1109 4436 aussi
1160 4382 1295 4436 dans
1341 4382 1422 4436 les
1468 4382 1693 4438 Franks.
1727 4382 1848 4438 Bel.
1891 4382 2090 4437 Handl.
2133 4382 2205 4437 11.

275 4646 448 4709 8870.
466 4655 524 4726 1)
556 4656 957 4713 Praelectiones
1008 4658 1068 4711 in
1115 4674 1145 4711 e
1188 4700 1199 4710 .
1235 4658 1305 4715 D.
1348 4658 1505 4713 Pauli
1558 4658 1628 4711 ad
1674 4657 1940 4727 Ephesios
1990 4658 2208 4714 habitae

275 4714 641 4796 Cantabrigiae
681 4727 739 4779 in
775 4727 857 4779 An
897 4726 971 4779 lia
1013 4745 1061 4779 a.
1099 4727 1130 4780 1
1167 4726 1236 4781 50
1281 4732 1338 4780 et
1371 4725 1523 4781 1551.
1593 4727 1681 4780 Ex
1715 4744 1811 4781 ore
1885 4728 2210 4797 raelegentis

276 4788 512 4848 collectae
545 4800 605 4849 et
639 4795 820 4849 editae
891 4796 1138 4865 iligentia
1168 4796 1210 4848 Ι.
1246 4796 1534 4852 Tremellii.
1604 4797 1727 4849 Bas.
1765 4795 1796 4848 1
1869 4797 1903 4850 2
1935 4796 2025 4849 fol.

463 4862 522 4931 2)
570 4863 638 4918 Si
716 4863 815 4918 uid
858 4865 966 4919 tale
1004 4866 1068 4919 in
1118 4866 1520 4919 commentariis
1571 4871 1796 4919 senatus
1836 4865 2064 4920 relatum
2114 4871 2208 4934 cst,

276 4935 367 4978 ’⁸⁰⁸
407 4934 618 5000 quidem
775 4934 823 4986 '.
894 4933 1230 4989 Prodierunt
1270 4933 1542 4988 Tremellii
1577 4935 1966 4988 Enarrationes
2008 4935 2066 4988 in
2100 4934 2210 4991 Ho-

275 5000 703 5138 ξξξπὶαρὲῖίδὸ.
746 5002 984 5071 (Adanu
1024 5004 1170 5059 vitae
1211 5003 1367 5059 theol.
1399 5008 1562 5058 exter.
1594 5019 1651 5072 p.
1699 5002 1794 5070 72,·
1839 5002 2046 5058 Gerdes
2076 5002 2208 5061 Ital.

463 5137 497 5191 3
558 5139 820 5195 simlerus
853 5157 920 5195 ex
955 5138 1266 5195 coniectura
1298 5139 1682 5208 superscnzit:
1717 5141 2036 5210 cognitione.

276 5265 423 5326 m·
456 5142 806 5331 &acalciam
882 5209 1169 5268 Gaullieur
1203 5208 1386 5264 &tudes
1420 5223 1519 5262 sur
1550 5210 1608 5263 la
1641 5211 2001 5280 typoyraphie
2041 5210 2210 5266 Gene-

466 5344 524 5415 5)
557 5345 821 5404 Simlerus
853 5346 1201 5404 inserendum
1232 5350 1416 5415 putat:
1452 5346 1706 5400 animum.

1975 415 2137 479 1562
2182 412 2512 482 ΟΟΊΞΟΒ.

4117 426 4249 490 566

2289 600 2410 658 207.
2463 602 2617 657 Nous
2651 619 2721 659 en
2746 603 2952 660 devons
2977 623 3083 662 une
3117 622 3182 663 co
3220 608 3271 663 ie
3293 608 3647 679 anthentique
3677 607 3814 664 faite
3847 626 3942 664 sur
3973 609 4247 682 l’originnl

2290 671 2361 725 de
2395 671 2451 724 la
2485 671 2630 725 Bibl.
2666 674 2735 727 de
2769 674 3073 744 Franosort,
3112 676 3190 733 Co
3233 678 3409 732 ection
3444 676 3763 732 Uffenbach.
3801 678 3926 734 Vol.
3960 677 4012 742 5,
4049 697 4100 749 p.
4118 678 4247 746 369,

2291 738 2328 794 a
2359 737 2709 811 l’obligeance
2745 741 2813 797 de
2848 742 2947 797 Mr,
2982 746 3036 799 le
3068 744 3158 798 Dr.
3194 745 3260 806 G.
3285 746 3384 800 Ed.
3419 745 3610 811 Steitz,
3643 746 3882 816 premier
3954 753 4139 802 astent
4172 748 4251 802 de

2292 809 2349 861 la
2391 809 2523 863 ville
2568 811 2635 864 de
2685 811 2990 870 Franofort.
3043 841 3110 853 -
3162 814 3326 869 Trad.
3377 814 3544 869 latine
3579 814 3712 869 Gen.
3748 814 3871 882 333,
4002 833 4081 870 us.
4115 815 4249 881 637,

2292 877 2441 934 Han.
2458 876 2575 946 716,
2611 878 2824 935 Ohouet
2838 879 2961 948 458,
2997 880 3173 937 Amet.
3189 882 3310 938 209.
3378 884 3781 939 Relativement
3813 901 3882 937 au
3914 890 4067 939 texte
4101 886 4241 941 latin

2292 949 2669 1072 330330¹¹ff²²gz
2710 949 3032 1073 ‘ww
3048 951 3133 1074 ιζ’
3145 951 3439 1076 ιὲἓῗῗὲἔὶ
3470 952 3793 1076 ἓῗὲὖῖἳξ
3822 954 4248 1077 Εξὲίὲοῗοᾶιῖἔὲ

2294 1083 2531 1154 franceis
2585 1036 3164 1157 l'estpposit‘ilvement,
3215 1106 3385 1158 voyez
3438 1095 3594 1144 notes
3638 1087 3674 1142 5
3707 1062 3778 1143 et’
3796 1088 3847 1145 6.
3915 1090 3996 1144 La
4041 1097 4170 1146 note
4202 1090 4245 1145 2

2753 1157 2957 1212 semble
2990 1157 3169 1211 trahit
3200 1159 3256 1212 la
3289 1160 3471 1228 plume
3506 1159 3575 1212 de
3609 1156 3794 1225 Bene.)

2466 1327 2653 1393 Nous
2709 1328 3088 1407 entendons,
3155 1349 3195 1393 a
3247 1338 3469 1395 nostre
3524 1328 3736 1414 grand
3792 1336 4028 1415 regret,
4085 1329 4245 1396 bien

2296 1433 2523 1500 aymes
2564 1413 2790 1490 freres,
2849 1418 3147 1496 qu’entre
3189 1435 3356 1482 vous
3407 1424 3560 1480 sont
3602 1437 3927 1482 survenus
3970 1415 4084 1482 des
4128 1415 4245 1481 de-

2298 1500 2443 1565 bats
2465 1499 2576 1583 qui
2613 1519 2682 1564 se
2715 1506 2863 1564 sont
2905 1499 3262 1566 enflambes
3297 1503 3570 1585 jusques
3606 1523 3646 1567 a
3682 1501 3795 1567 des
3831 1522 4054 1585 aspres
4088 1523 4246 1568 con-

2299 1585 2604 1666 tentions,
2651 1604 2899 1650 comme
2942 1585 3000 1652 si
3034 1606 3199 1652 vous
3242 1588 3490 1652 n’avies
3530 1607 3649 1671 pas
3689 1608 3879 1654 recen
3925 1608 4054 1653 une
4099 1608 4247 1655 asse

2301 1670 2552 1756 grande
2605 1670 2799 1755 playe
2851 1692 2970 1753 par
3019 1671 3087 1736 la
3142 1670 3523 1756 dissipation
3578 1673 3658 1739 de
3714 1681 3934 1739 vostre
3992 1673 4247 1758 Eglise,

2302 1777 2375 1823 ce
2419 1758 2531 1841 qui
2574 1777 2741 1822 nous
2784 1765 2883 1822 est
2925 1765 3070 1822 tant
3102 1757 3250 1842 plus
3287 1758 3469 1842 grief,
3513 1779 3637 1840 que
3673 1780 3838 1825 nous
3872 1779 3956 1824 ne
3991 1780 4250 1845 voyons

2304 1861 2519 1909 aucun
2582 1863 2821 1928 moyen
2901 1842 2984 1908 de
3047 1865 3212 1909 vous
3287 1844 3668 1910 reconcilier
3743 1865 3828 1910 en
3905 1845 4249 1912 fraternite

2303 1950 2529 2013 vraye,
2554 1933 2607 2005 ¹)
2664 1949 2737 1995 ce
2793 1949 2919 2011 que
2974 1950 3141 1996 nous
3183 1931 3313 1995 crai
3365 1951 3546 2008 nons,
3601 1950 3726 2014 que
3780 1930 3912 1995 fort
3954 1930 4251 1997 difficile·

2304 2022 2490 2080 ment
2553 2036 2623 2081 se
2685 2034 2928 2097 pom-ra
2991 2015 3249 2082 obtenir
3351 2037 3387 2080 e
3438 2036 3620 2082 vous.
3711 2014 3804 2082 Ge
3846 2036 3974 2099 que
4031 2016 4128 2081 dit
4184 2016 4248 2082 le

2303 2101 2512 2166 Poste
2537 2099 2595 2187 ²)
2639 2120 2708 2165 se
2748 2099 2890 2166 voit
2929 2120 3051 2184 par
3092 2108 3312 2166 vostre
3353 2103 3549 2166 lettre
3592 2122 3632 2167 a
3674 2103 3926 2168 scavoir
3968 2102 4127 2185 qu’il
4173 2122 4246 2168 se

2304 2194 2586 2254 commet
2608 2184 2687 2251 de
2715 2186 2927 2252 fantes
2962 2194 3027 2251 et
3048 2207 3134 2251 au
3157 2186 3402 2253 dedans
3437 2195 3504 2253 et
3526 2185 3781 2253 dehors.
3853 2187 4002 2255 Une
4037 2188 4247 2271 partie

2305 2271 2386 2338 de
2427 2293 2593 2338 vous
2637 2272 2885 2351 estime‚
2950 2292 3075 2355 que
3129 2294 3262 2339 non
3314 2272 3577 2339 obstant
3626 2273 3694 2339 la
3750 2275 4102 2339 fermeture
4158 2273 4250 2339 du

2304 2357 2549 2441 temple
2573 2361 2631 2436 ⁸)
2688 2357 2820 2422 l’on
2888 2357 3064 2423 doibt
3126 2360 3544 2424 neantmoins
3588 2359 3885 2425 demorer
3928 2381 4012 2425 en
4055 2366 4248 2438 estat,

2296 2445 2571 2529 jusques
2615 2465 2655 2509 a
2696 2444 2763 2508 la
2796 2442 3083 2510 decision
3117 2443 3198 2510 de
3239 2444 3304 2508 la
3338 2464 3530 2511 cause
3573 2446 3788 2511 finale.
3861 2447 3996 2511 Les
4032 2452 4254 2510 autres

2306 2529 2809 2608 maintiennent,
2869 2549 2953 2595 au
3010 2530 3354 2610 contraire,
3414 2551 3540 2614 que
3594 2536 3753 2596 c’est
3804 2530 3938 2596 mal
3997 2530 4170 2610 faict‚
4190 2534 4252 2607 ⁴)

2307 2617 2576 2700 qu’avec
2618 2622 2754 2680 tres
2809 2614 3062 2699 grande
3117 2614 3440 2701 indignite
3499 2624 3567 2681 et
3610 2615 3887 2701 oprobre
3930 2616 3997 2680 la
4038 2617 4253 2681 verite

2308 2702 2437 2768 soit
2478 2703 2831 2786 opprimee,
2873 2702 2968 2766 Et
3000 2722 3251 2767 comme
3287 2701 3635 2768 dechassee
3671 2724 3753 2767 en
3791 2701 3940 2768 exil.
4010 2701 4255 2784 Quand

2306 2807 2348 2853 a
2388 2807 2574 2867 nous,
2639 2808 2806 2853 nous
2849 2808 2936 2852 ne
2974 2787 3309 2853 scaurions
3353 2788 3747 2853 aultrement
3787 2787 3977 2872 iuger
4019 2789 4077 2853 si
4119 2808 4258 2853 non

2308 2895 2435 2957 que
2479 2895 2648 2940 ceux
2690 2880 2808 2938 ont
2850 2880 2987 2937 tres
3029 2872 3182 2938 bien
3224 2872 3396 2952 faict,
3441 2874 3553 2958 qui
3595 2875 4023 2940 incontenant
4065 2894 4258 2956 apres

2309 2958 2376 3024 la
2416 2959 2771 3025 fermeture
2814 2958 2905 3024 du
2947 2957 3190 3041 temple
3233 2964 3301 3023 et
3352 2960 3644 3027 exercice
3687 2960 3767 3025 de
3808 2960 3983 3043 piete
4026 2958 4255 3025 defen-

2309 3045 2454 3126 due,
2511 3066 2598 3111 on
2655 3053 2910 3110 trousse
2965 3045 3215 3129 bagage
3257 3051 3323 3110 et
3376 3066 3447 3111 se
3495 3054 3643 3111 sont
3687 3051 4091 3130 transportez
4135 3046 4259 3112 ail-

2306 3132 2502 3208 leurs‚
2544 3131 2713 3197 mais
2735 3135 2942 3214 quant
2964 3137 3006 3195 a
3027 3150 3213 3208 ceux,
3258 3130 3369 3213 qui
3412 3135 3598 3197 n’ont
3617 3133 3800 3216 point
3844 3153 3926 3198 eu
3968 3133 4035 3198 la
4076 3153 4258 3199 com-

2309 3216 2553 3283 modite
2598 3216 2679 3282 de
2718 3217 2783 3283 le
2836 3217 3019 3294 faire,
3077 3236 3241 3282 nous
3295 3217 3608 3284 estimons
3649 3218 3840 3301 qu’ils
3897 3225 4050 3284 sont
4105 3218 4260 3303 plus

2307 3311 2439 3370 tost
2481 3302 2714 3387 dignes
2756 3301 2838 3368 de
2879 3303 3286 3387 compassion
3330 3323 3454 3385 que
3498 3302 3579 3368 de
3624 3303 3721 3369 les
3764 3305 4018 3371 vouloir
4058 3327 4260 3390 pour·

2309 3390 2532 3456 suivre
2575 3388 2657 3453 de
2699 3388 2848 3472 quel
2894 3409 2977 3454 ue
3017 3387 3486 3456 malveillance.
3554 3389 3645 3455 Et
3679 3388 3761 3456 de
3803 3392 3960 3458 faict
4002 3391 4258 3458 vouloir

2309 3476 2485 3541 tenir
2526 3475 2823 3540 attaches
2893 3495 2962 3540 es
3005 3481 3381 3559 estrangers
3416 3496 3503 3541 au
3544 3475 3681 3541 lieu
3715 3476 3798 3542 de
3838 3476 3982 3543 leur
4022 3476 4255 3562 refuge
4326 3477 4331 3482 ’

2307 3581 2559 3627 comme
2602 3561 2718 3627 des
2768 3580 3005 3645 povres
3060 3559 3350 3628 esclaves
3393 3566 3437 3626 a
3487 3559 3555 3626 la
3595 3562 3866 3642 moeule,
3921 3582 3996 3629 ce
4052 3563 4258 3629 seroit

2306 3667 2443 3712 une
2485 3645 2682 3713 chose
2708 3645 2855 3730 plus
2878 3644 3289 3732 qu’indigne:
3337 3668 3447 3713 car
3480 3647 3799 3732 faignons,
3844 3669 3969 3730 que
4002 3648 4255 3733 l’eglise

2306 3733 2408 3798 fut
2451 3751 2647 3798 eneor
2689 3753 2775 3798 eu
2818 3739 2990 3798 estre
3032 3730 3165 3797 l'on
3206 3753 3289 3798 ne
3330 3732 3511 3799 doibt
3544 3734 3811 3800 estimer
3850 3733 4076 3800 illicite
4119 3755 4257 3801 aux

2304 3838 2664 3901 personnes
2727 3819 2986 3902 privees
3052 3817 3135 3883 de
3197 3819 3488 3905 changer
3556 3819 3637 3885 de
3712 3819 3842 3884 lieu
3859 3870 3875 3900 ,
3957 3820 4255 3887 combien

2306 3902 2635 3987 doneques
2668 3903 2820 3987 plus
2856 3903 3037 3969 doibt
3071 3903 3120 3968 il
3164 3912 3335 3970 estre
3367 3906 3614 3987 permis
3655 3910 3699 3970 a
3740 3925 3908 3970 ceux
3943 3906 4255 3990 ausquels

2307 4009 2395 4054 on
2429 3996 2567 4055 oste
2609 3989 2944 4057 l’exercice
2980 3988 3061 4054 de
3096 3990 3268 4072 piete
3304 3989 3384 4055 de
3419 4010 3489 4056 se
3524 3997 3932 4075 transporter
3964 3991 4252 4059 ailleurs.

2308 4074 2589 4140 D’autre
2630 4086 2780 4159 part
2823 4075 2903 4140 de
2941 4073 3202 4140 vouloir
3244 4086 3510 4160 reputer
3552 4085 3619 4141 et
3659 4076 3959 4143 diffamer
4002 4097 4257 4143 comme

2308 4161 2609 4228 traistres
2652 4181 2694 4226 a
2733 4161 2799 4226 la
2830 4159 3039 4228 verite
3073 4182 3239 4227 ceux
3274 4162 3386 4244 qui
3429 4167 3546 4226 ont
3587 4170 3724 4228 este
3769 4163 4146 4247 empesches
4186 4173 4259 4230 et

2309 4254 2576 4313 retenus
2608 4267 2731 4331 par
2749 4301 2757 4308 .
2772 4245 2837 4312 la
2877 4247 3196 4313 necessite
3222 4246 3626 4331 domestique
3649 4247 3729 4314 de
3772 4248 3949 4316 leurs
3991 4249 4256 4316 affaires

2311 4333 2393 4398 de
2438 4355 2521 4398 ne
2563 4334 2841 4416 pouvoir
2896 4333 3093 4399 sortir
3147 4341 3216 4398 et
3270 4333 3431 4399 aller
3474 4355 3514 4399 a
3556 4355 3650 4398 un
3706 4334 3918 4399 aultre
3971 4333 4124 4413 lieu,
4180 4357 4255 4403 ce

2310 4420 2513 4484 seroit
2554 4419 2751 4486 chose
2801 4417 3205 4485 inhumaine.
3300 4418 3529 4501 Quant
3569 4441 3611 4486 a
3652 4441 3726 4487 ce
3768 4426 3962 4505 qu’on
4004 4420 4259 4488 obiecte

2352 4526 2435 4571 ue
2477 4525 2645 4570 ceux
2687 4505 2800 4588 qui
2841 4511 3221 4588 presentent
3273 4503 3453 4571 leurs
3508 4506 3739 4572 enfans
3793 4528 3879 4572 au
3921 4506 4261 4590 baptesme

2355 4612 2425 4658 es
2449 4590 2860 4658 adversaires
2891 4598 3210 4674 exposent
3227 4590 3279 4658 J
3278 4611 3427 4656 esus
3449 4589 3680 4656 Ohrist
3712 4614 3795 4657 en
3818 4593 4255 4676 moucquerie,

2307 4697 2475 4743 nous
2517 4677 2911 4757 confessons,
2951 4696 3074 4760 que
3107 4677 3166 4741 si
3208 4675 3334 4741 tels
3378 4675 3790 4743 dissimulent
3832 4686 3898 4750 et
3942 4700 4025 4745 ne
4067 4700 4253 4745 mon-

2307 4770 2520 4828 strent
2563 4769 3034 4841 ouvertement,
3078 4760 3268 4845 qu’ils
3312 4760 3638 4828 detestent
3680 4770 3823 4829 tant
3863 4764 3961 4831 les
3996 4786 4261 4831 erreurs

2303 5002 2557 5085 387131)
2593 5019 2703 5057 non
2737 5002 2846 5056 alia
2878 5001 3114 5056 occurrit
3146 5003 3286 5057 ratio
3319 5002 3424 5055 nisi
3447 5004 3703 5071 utrinque
3736 5006 3958 5075 propria
3989 5007 4265 5062 sententia

2299 5073 2576 5204 adanam
2607 5142 2757 5263 ἔξω
2790 5141 3014 5210 agnovit
3044 5141 3137 5193 ille
3171 5141 3229 5193 in
3264 5141 3435 5195 Iliade
3469 5141 3708 5195 Homeri.
3746 5143 3831 5206 (Id)
3869 5142 4075 5197 Iliacos
4108 5150 4204 5198 etc.

2513 5209 2571 5278 3)
2722 5209 2886 5263 ihnen
2920 5208 3187 5263 nehmlich
3232 5210 3322 5264 die
3368 5210 3603 5280 gehabte
3636 5210 3843 5264 Kirche
3886 5211 4263 5267 verschlossen

2312 5281 2535 5336 worden
2570 5277 2895 5347 (Uffenbach
2925 5293 2992 5333 en
3024 5280 3253 5346 marae).

2516 5346 2577 5416 4)
2613 5349 2694 5401 fas
2730 5365 2838 5403 non
2870 5348 3037 5403 fuisse
3070 5348 3274 5403 diutius
3307 5349 3617 5404 subsistere
3636 5346 3694 5400 in
3730 5363 3796 5401 eo
3827 5346 3949 5456 loco
3982 5346 4076 5401 ubi
4111 5352 4213 5406 eie.

3745 5430 3813 5486 36
