4850 6117
236 437 349 499 557

395 620 779 689 Clarissimo
842 623 989 690 viro
1031 622 1117 689 D.
1159 622 1393 690 Ioanni
1436 622 1718 691 Calvino
1763 624 2175 693 Genevensis

228 707 534 776 ecclesiae
593 707 726 775 fido
783 710 1031 792 pastori
1098 708 1362 777 domino
1425 731 1574 778 meo
1636 711 2043 780 observando
2108 719 2178 777 et

225 795 412 860 fratri
454 794 653 880 longe
692 794 1050 878 carissimo.
1782 881 2002 951 Genffi

385 1051 456 1119 S.
496 1051 587 1120 D.
664 1053 800 1118 Diu
846 1052 1061 1120 nullas
1106 1075 1146 1120 a
1189 1059 1305 1119 tua
1345 1053 1758 1120 humanitate
1799 1053 2024 1120 literas
2068 1076 2175 1121 ac-

225 1141 379 1223 cepi.
463 1142 567 1205 Ac
609 1141 829 1204 miror.
907 1140 1313 1206 Praesertim
1369 1140 1442 1206 in
1485 1149 1623 1205 tam
1665 1140 1871 1205 variis
1916 1147 1981 1206 et
2023 1142 2176 1206 tris-

225 1226 394 1292 tibus
437 1225 582 1291 fere
628 1225 707 1291 de
751 1225 946 1291 rebus
992 1224 1267 1293 Gallicis
1310 1227 1704 1292 rumoribus.
1776 1224 2177 1292 Scribuntur

227 1310 487 1395 quidem
534 1309 617 1376 ab
661 1312 886 1376 amicis
928 1312 1278 1395 quaedam:
1325 1313 1441 1377 sed
1484 1312 1644 1377 satis
1687 1312 1956 1378 incerta.
2031 1314 2176 1378 'l'ua

226 1418 478 1481 semper
522 1404 677 1464 sunt
734 1406 927 1463 certa.
1000 1396 1326 1480 Cuperem
1370 1418 1546 1483 ergo,
1609 1397 1929 1481 siquidem
1982 1398 2178 1465 liceat

224 1504 335 1567 per
388 1484 847 1566 occupationes
912 1482 1150 1566 quibus
1215 1491 1282 1548 te
1347 1483 1729 1568 adopertum
1785 1491 1853 1548 et
1914 1492 2174 1550 tantum

226 1590 351 1635 non
393 1590 785 1653 oppressum
842 1569 991 1647 scio,
1052 1591 1135 1634 ex
1191 1569 1401 1636 literis
1455 1568 1586 1636 tuis
1630 1568 1889 1636 Galliae
1931 1569 2174 1636 intelli-

225 1676 373 1740 gere
417 1663 688 1721 statum.
775 1654 994 1720 Vicini
1039 1655 1249 1722 nostri
1281 1660 1332 1735 ¹)
1377 1657 1517 1740 (qui
1559 1676 1771 1739 nuper
1814 1658 2072 1733 iterum,
2116 1656 2176 1721 si

227 1742 463 1819 nescis,
523 1749 667 1808 octo
727 1741 917 1825 signa
968 1741 1294 1806 miserunt
1345 1741 1419 1805 in
1472 1741 1962 1826 Burgundiam)
2019 1742 2173 1808 sub-

226 1827 371 1893 inde
428 1827 801 1911 gloriantur
860 1826 942 1892 de
984 1826 1280 1894 victoriis
1322 1838 1390 1891 et
1444 1826 1716 1893 urbibus
1775 1829 2176 1910 recuperatis

224 1914 628 1997 papismique
661 1935 782 1997 per
817 1911 1110 1978 Galliam
1143 1914 1575 1979 restitutione.
1640 1914 2001 1978 Dominum
2038 1934 2171 1993 oro,

226 2019 305 2064 ne
344 2021 465 2066 nos
502 1999 763 2066 deserat
806 2006 1073 2082 propter
1115 1999 1676 2084 ingratitudinem,
1724 2008 1791 2064 et
1826 2022 1907 2065 ne
1942 1998 2172 2066 adver-

227 2086 405 2151 sariis
416 2094 769 2237 dperpetuo
812 2085 884 2148 in
938 2085 1275 2168 impietate
1319 2084 1695 2151 exsultandi
1736 2085 2172 2168 petulantiam

227 2191 412 2237 conce
461 2179 549 2238 at.

387 2256 616 2339 Quum
661 2278 873 2341 nuper
931 2257 1421 2342 significaveris,
1478 2257 1887 2342 ignoravisse
1928 2256 2173 2322 librum

231 2341 520 2412 Stanoari
546 2345 606 2426 2)
653 2365 693 2409 a
735 2364 841 2407 me
886 2343 1005 2409 tibi
1047 2344 1330 2411 missum
1374 2364 1533 2424 esse,
1592 2344 1890 2426 suspicor
1947 2342 2173 2409 literas

228 2449 395 2495 meas
437 2428 609 2495 libro
654 2429 995 2495 adiunctas
1038 2430 1160 2496 tibi
1203 2449 1339 2494 non
1383 2449 1524 2495 essc
1567 2429 1871 2495 redditas.
1941 2429 2025 2494 In
2067 2428 2173 2496 his

230 2516 393 2580 enim
436 2537 546 2581 me
601 2516 846 2582 librum
888 2517 1150 2589 mittere
1207 2515 1674 2598 significabam.
1743 2515 2171 2595 Adiiciebam‚

227 2603 450 2668 fratres
493 2603 571 2667 in
611 2601 890 2667 Polonia
942 2622 1177 2687 rogare
1220 2610 1294 2664 ut
1335 2600 1581 2683 aliquid
1639 2600 2168 2684 respondeamus.

227 2687 410 2755 Nunc
450 2688 685 2754 literas
709 2686 1018 2771 Gregorii
1043 2687 1240 2753 Pauli
1268 2686 1323 2770 ⁸)
1369 2686 1452 2751 ad
1495 2695 1562 2751 te
1595 2688 1806 2767 mitto,
1852 2695 1929 2753 ut
1971 2688 2169 2752 etiam

231 2794 304 2838 ex
344 2773 448 2840 1118
492 2773 651 2857 quid
694 2782 923 2856 petant
973 2774 1322 2857 intelligas.
1407 2773 1646 2839 Lectae
1699 2774 1981 2853 remitte,
2037 2792 2171 2838 888

229 2880 364 2925 cum
407 2860 814 2927 confessione
857 2859 1009 2926 fidei
1064 2862 1373 2942 ipsorum,
1396 2862 1453 2935 ⁴)
1498 2879 1691 2942 quam
1745 2858 1946 2924 etiam
1987 2880 2170 2925 nunc

228 2947 418 3012 mitto.
488 2946 667 3011 Eam
701 2943 1175 3012 Francofordia
1209 2942 1453 3027 absque
1494 2944 1650 3010 ullis
1691 2944 1924 3023 literis,
1966 2944 2060 3010 ita
2093 2952 2169 3009 ut

228 3029 415 3112 vides,
460 3032 851 3114 accepimus.
921 3031 1101 3098 Utile
1143 3030 1329 3108 foret,
1385 3030 1442 3096 si
1495 3030 1727 3096 saltem
1772 3030 2019 3116 aliquid
2062 3050 2167 3096 re-

230 3118 570 3200 sponderes
614 3116 936 3184 Stamam.

386 3202 554 3284 Scis,
601 3202 901 3284 arbitror,
937 3202 1273 3268 Brentium
1309 3206 1535 3267 contra
1570 3200 1921 3286 Μαι-13118111
1961 3208 2027 3268 et
2059 3222 2166 3267 me

228 3288 566 3356 verbosum
609 3297 676 3355 et
730 3287 927 3373 plane
981 3289 1296 3372 ineptum,
1355 3294 1430 3352 ut
1482 3287 1650 3352 nihil
1702 3287 1880 3354 aliud
1932 3286 2164 3366 dicam,

229 3373 490 3442 edidisse
532 3375 800 3453 librum,
857 3396 1051 3459 quem
1106 3373 1439 3440 inscribit:
1497 3373 1604 3439 De
1646 3374 1985 3440 maiestate
2027 3373 2165 3439 Do-

228 3461 378 3527 mini
433 3463 649 3527 nostri
702 3460 858 3526 Iesu
911 3460 1164 3527 Christi
1218 3458 1302 3525 ad
1358 3459 1698 3525 dexteram
1756 3458 1904 3536 Dei,
1963 3467 2029 3525 et
2085 3457 2166 3523 de

229 3566 373 3613 vera
392 3546 766 3632 praesentia
787 3547 1078 3631 corporis
1112 3560 1179 3611 et
1211 3544 1557 3629 sanguinis
1592 3544 1733 3611 eius
1767 3546 1836 3610 in
1871 3565 2090 3611 coena.
2112 3548 2166 3625 ⁵)

227 3629 400 3698 Nihil
457 3633 535 3698 in
591 3631 715 3699 hoc
772 3631 994 3697 differt
1037 3652 1077 3697 a
1122 3630 1366 3697 deliriis
1415 3629 1917 3714 Schoenckfeldii,
1977 3639 2042 3697 et
2086 3630 2169 3696 ab

228 3716 415 3801 impia
494 3717 794 3785 doctrina
857 3718 1202 3802 Eutychis.
1295 3717 1469 3782 Nam
1547 3717 1833 3800 corporis
1911 3715 2166 3784 Christi

229 3802 489 3885 gloriam
534 3806 607 3869 in
650 3803 848 3871 coelis
891 3814 959 3869 et
1000 3804 1295 3888 copulam
1331 3802 1742 3887 personalem
1777 3810 2165 3868 naturarum

227 3889 311 3954 ita
362 3889 699 3975 praedicat
749 3897 823 3955 ut
878 3891 1345 3976 proprietatem
1388 3888 1532 3953 veri
1585 3890 1872 3972 corporis
1916 3888 2167 3954 Christi

229 3986 499 4042 evacuet.
594 3975 848 4042 Mirum
906 3986 1023 4056 est,
1090 3977 1147 4042 si
1204 3984 1301 4041 tot
1353 3973 1484 4040 viri
1550 3973 1721 4039 docti
1785 3975 1858 4040 in
1914 3973 2167 4040 Christi

227 4060 497 4130 ecclesiis
544 4061 1017 4128 dissimulaturi
1076 4062 1214 4128 sint
1266 4061 1437 4126 hanc
1480 4059 1680 4127 huius
1722 4059 2008 4126 hominis
2051 4080 2166 4125 au-

228 4143 478 4215 daciam.
554 4147 835 4214 Mirifice
878 4148 1174 4234 exagitat
1193 4148 1404 4214 Besae
1446 4154 1515 4212 et
1548 4155 1849 4212 nostrum
1882 4145 2163 4212 dictum:

229 4229 430 4313 Quam
471 4234 684 4300 altum
727 4256 767 4300 8
809 4241 991 4301 terra
1032 4234 1289 4301 coelum
1346 4233 1450 4312 sit,
1511 4241 1650 4298 tam
1691 4231 1884 4317 longe
1928 4251 2164 4316 corpus

226 4471 389 4528 3865.
408 4473 468 4597 ὲ)
505 4473 778 4597 ἵναηέἔῖἕε
808 4473 1078 4531 catholici.

413 4545 474 4682 33
507 4583 574 4665 Νἶ
611 4584 776 4694 385⁷}
1229 4678 1241 4691 ·

231 4813 242 4827 ⁸
409 4681 470 4819 ἐξ
510 4680 892 4817 ffiffffif’iae
974 4717 1036 4804 ’4.
1095 4674 1872 4829 ,Εκὲωᾜριῖἕηιαιὸιὲἷεδὸἢοῃ
1916 4744 2015 4799 <ier
2046 4745 2163 4800 Ma-

219 4821 375 4883 Jestat
404 4835 597 4874 unsres
633 4820 668 4872 l.
702 4818 883 4873 Heri-n
918 4835 973 4874 8.
1005 4816 1132 4871 Η811
1164 4817 1219 4872 J.
1257 4815 1313 4872 C.
1350 4815 1486 4870 88811
1522 4833 1573 4869 v.
1610 4816 1662 4868 d.
1700 4814 1920 4869 wahren
1956 4814 2035 4869 Ge
2102 4831 2164 4871 n·

224 4888 517 4957 wirtigkeit
548 4886 646 4942 des
680 4887 846 4970 Deibs
880 4886 991 4941 und
1029 4886 1183 4940 Bluts
1217 4885 1293 4938 im
1328 4884 1672 4954 Nachtmahl,
1708 4883 1904 5005 vviderB
1913 4883 1977 4937 P.
2075 4901 2162 4965 81·-

223 4952 1264 5095 22¹.:”⁶2.¹{{·..¹3..·¹¹::ff0²a.}::1‚.¹;⁵122.:
1282 4954 1591 5078 *ww
1616 4959 1843 5077 3⁰⁰0’3'0‘ss1.
1889 4968 2026 5075 1513-ss
2108 4986 2159 5076 οἱ

223 5085 472 5149 Brentzen
489 5113 542 5148 v.
561 5094 613 5148 d.
632 5094 871 5149 Bimmel
891 5094 1003 5148 und
1034 5093 1131 5146 der
1150 5091 1457 5174 Gerachtep
1476 5092 1685 5174 Gottes.
1722 5091 1847 5145 Zfir.
1867 5088 2019 5144 1561.
2036 5088 2087 5144 8.
2108 5097 2162 5146 et

229 5155 434 5231 Many?
466 5179 626 5219 suum
641 5163 916 5233 dialogum
950 5161 1019 5216 de
1052 5168 1177 5214 utra
1217 5176 1285 5214 88
1302 5160 1509 5214 Christi
1538 5166 1735 5215 natura
1746 5161 1869 5230 (lat.
1903 5165 1955 5215 et
1969 5159 2164 5229 qen-m.)

235 5223 337 5307 Tio.
369 5230 515 5287 1561.
551 5231 601 5287 8.
660 5231 835 5289 Nunc
862 5230 1075 5302 prodiit
1107 5229 1199 5284 Bu
1254 5231 1444 5300 898112·
1500 5229 1805 5311 Responsio
1838 5244 1948 5312 qua
1980 5234 2160 5282 osten·

225 5294 359 5352 dltur
400 5302 724 5356 sententiam
772 5303 842 5355 de
885 5300 1035 5355 coelo
1085 5305 1143 5353 et
1185 5300 1414 5353 dextera
1457 5298 1560 5353 Dei
1612 5297 1926 5352 adversaria
1966 5297 2034 5352 D.
2081 5298 2156 5353 Io.

226 5362 417 5423 Brontii
450 5372 724 5428 sententia
755 5388 866 5425 non
901 5385 1020 5424 8888
1054 5385 1318 5423 eversam.
1389 5367 1505 5437 Τίς.
1544 5364 1696 5423 1562.
1729 5365 1779 5420 8.

1972 439 2135 503 1562
2177 431 2506 501 ΟΟΤΟΒ.

4110 448 4236 509 558

2276 641 2512 687 verum
2565 621 2841 687 Domini
2893 622 3122 691 abesse
3175 646 3215 692 a
3272 647 3490 694 coena.
3585 625 3721 694 Sed
3777 626 4003 695 vidisti
4064 628 4236 698 forte

2277 705 2538 772 librum.
2598 705 2741 774 Sub
2775 709 2973 775 finem
2998 711 3226 778 scribit
3247 712 3511 795 quidam
3531 712 3833 796 Alpheus
3857 714 4235 784 valesium

2277 790 2476 859 homo
2520 794 2792 892 fictitius
2833 796 2919 861 ad
2956 817 3081 877 me,
3129 806 3196 863 et
3236 798 3462 866 obiicit
3500 798 3667 864 mihi
3710 806 3892 865 tuam
3936 822 4022 866 ex
4063 821 4235 868 com-

2276 887 2601 945 mentano
2655 880 2739 945 ad
2782 881 3108 965 Ephesios
3150 883 3769 968 {interpretationem
3826 885 3908 951 de
3960 886 4235 954 dextera

2275 963 2425 1043 Dei,
2472 972 2591 1032 eto.
2680 965 2909 1048 Quum
2950 975 3176 1034 autem
3218 971 3483 1036 omnino
3526 970 3627 1035 illi
3668 971 4063 1053 respondere
4102 981 4234 1039 sta-

2276 1051 2537 1132 tuerim,
2604 1073 2645 1117 a
2686 1060 2752 1118 te
2810 1060 2980 1136 peto,
3090 1054 3207 1120 uid
3263 1055 3363 1121 illi
3417 1056 3500 1122 ad
3564 1057 3989 1123 obiectionem
4049 1066 4233 1125 tuam

2276 1137 2675 1219 respondere
2717 1140 2983 1222 possim.
3108 1140 3204 1206 cio
3243 1143 3439 1222 enim,
3482 1151 3553 1208 te
3586 1143 3922 1210 nobiscum
3966 1145 4230 1223 sentire,

2277 1231 2346 1287 et
2387 1243 2522 1289 non
2562 1224 2773 1290 facere
2816 1246 2964 1291 cum
3006 1226 3140 1291 illis
3184 1235 3304 1294 etc.

2371 1394 2384 1407 ·
2450 1308 2879 1394 Lantqravius
2930 1311 3109 1377 hisce
3166 1312 3394 1380 diebus
3450 1313 3630 1379 misit
3688 1313 3772 1379 ad
3823 1336 3928 1381 me
3984 1315 4229 1396 literas,

2278 1395 2514 1476 quibus
2551 1395 2894 1479 significat,
2932 1398 3258 1482 principes
3293 1399 3365 1465 in
3388 1399 3628 1466 futuris
3650 1400 4228 1470 Francofordianis

2277 1481 2557 1546 comitiis
2616 1482 2961 1549 concilium
3016 1484 3480 1551 'tridentinum
3538 1495 3969 1553 recusaturos.
4040 1489 4231 1555 Misit

2278 1572 2498 1630 autem
2553 1565 2795 1633 librum
2851 1568 3122 1638 Caesari
3179 1571 3589 1636 offerendum
3641 1592 3770 1656 quo
3826 1580 4150 1640 recusant.
4169 1576 4228 1652 ⁶)

2275 1651 2639 1718 Dominum
2699 1675 2831 1734 oro,
2886 1665 2964 1718 ut
3018 1655 3165 1721 illos
3220 1657 3582 1724 confirmet.
3666 1656 3839 1723 Vale
3892 1679 4024 1723 una
4075 1680 4228 1726 cum

2275 1738 2591 1804 fratribus
2645 1746 2714 1803 et
2770 1740 3155 1825 symmystis
3214 1741 3532 1809 omnibus.
3619 1741 3849 1808 Nostri
3891 1765 4117 1811 omnes
4162 1752 4229 1811 te

2275 1843 2425 1887 cum
2491 1824 2621 1889 tuis
2685 1824 2990 1891 salutant.
3080 1826 3404 1893 Dominus
3468 1835 3685 1894 servet
3742 1836 3808 1893 te
3865 1830 4054 1895 nobis
4112 1828 4227 1897 diu

2274 1907 2687 1976 incolumem.
2779 1909 2958 1991 Quid
3021 1914 3354 1979 effecerint
3410 1914 3625 1980 nostri
3689 1914 3866 1996 apud
3908 1914 4226 1981 Mediola-

2276 2016 2511 2061 nenses
2538 1999 2596 2079 7)
2642 1996 2852 2062 adfert
2872 1996 2999 2076 hic,
3044 1999 3292 2081 opinor,
3337 1999 3616 2066 tabellio.
3686 1999 4027 2066 Habemus
4063 2002 4228 2067 ami-

2274 2100 2423 2146 cum
2458 2083 2531 2145 in
2566 2103 2714 2148 arce
2736 2082 3244 2151 Mediolanensi:
3291 2085 3352 2150 ei
3387 2087 3740 2169 scripserat
3760 2083 3845 2149 D.
3876 2085 4227 2155 Gessnerus

2277 2176 2343 2230 et
2386 2167 2961 2234 commendaverat
3002 2191 3269 2237 causam
3305 2171 3524 2238 vincti.
3594 2170 3773 2252 Quid
3814 2170 4229 2255 responderit

2273 2252 2603 2338 intelliges
2646 2275 2728 2319 ex
2773 2254 2877 2320 his
2927 2256 3250 2339 impositis
3293 2257 3696 2340 inclusisque
3737 2256 3966 2323 literis.
4038 2256 4224 2325 Cave

2273 2360 2359 2404 ne
2402 2359 2642 2405 nomen
2687 2339 2803 2405 ulli
2845 2341 3100 2424 prodas.
3187 2342 3480 2408 Remitte
3534 2351 3757 2408 autem
3812 2343 4038 2410 literas
4090 2365 4224 2410 888

2273 2443 2425 2489 8818
2492 2425 2637 2491 81118
2700 2425 2881 2493 111888
2944 2428 3226 2495 insertis.
3321 2428 3576 2494 Iterum
3630 2429 3999 2514 iterumque
4052 2429 4219 2498 vale.

2275 2508 2542 2576 Salutat
2583 2518 2648 2577 te
2691 2514 2774 2578 D.
2827 2512 3192 2580 Gessnerus.
3280 2518 3377 2580 18.
3423 2513 3650 2581 Octob.
3706 2518 3886 2580 1562.

3399 2651 3828 2736 Bullingerus
3874 2658 4047 2718 tuus.

3141 3195 3343 3268 3866.

2808 3349 3217 3419 SYLVIUS
3263 3349 3697 3417 CALV’INO.

2442 3522 2888 3589 Limaninum
2927 3523 3234 3606 fautorem
3272 3521 3592 3589 haereseos
3632 3522 3925 3590 Arianae
3965 3525 4217 3607 eiusque

2268 3608 2541 3676 asseclas
2562 3609 2763 3675 Italos
2784 3609 3130 3685 denunciat,
3147 3607 3299 3691 fidei
3318 3611 3526 3694 mayis
3546 3630 3736 3692 quam
3765 3610 3912 3694 styli
3932 3611 4217 3693 puritate

2265 3696 2404 3847 {psa
2460 3696 2847 3864 was,
2906 3699 2963 3759 et
3009 3692 3340 3761 Calvinum
3393 3694 3678 3762 hortatur
3730 3702 3800 3761 ut
3850 3700 4062 3763 contra
4113 3716 4216 3763 eos

2630 3951 2739 4020 (Ex
2777 3950 2909 4007 Cod.
2947 3950 3148 4006 Gener.
3185 3949 3304 4017 109,
3333 3950 3427 4005 fol.
3467 3949 3568 4004 118
3601 3951 3840 4021 autogr.)

2267 4122 2647 4190 Clarissimo
2702 4122 2995 4190 doctrina
3048 4129 3115 4188 et
3169 4123 3413 4207 pietate
3468 4122 4030 4207 praestantissimo
4070 4126 4214 4191 viro

2266 4209 2350 4274 D.
2371 4209 2608 4276 Ioanni
2638 4208 2910 4275 Calvino
2935 4208 3311 4275 Genevensi
3342 4209 3591 4291 pastori
3624 4207 3886 4275 domino
3921 4217 3990 4276 et
4022 4210 4214 4277 fratri

2881 4302 3265 4360 reverenter
3305 4293 3594 4360 colendo.

2491 4464 2791 4532 Gratiam
2837 4472 2902 4531 et
2943 4486 3171 4550 pacem
3213 4487 3332 4550 per
3371 4465 3593 4532 Iesum
3636 4464 3998 4533 Christum.

2436 4636 3004 4705 Excellentissime
3047 4637 3171 4718 vir,
3227 4658 3347 4721 pro
3408 4644 3525 4703 tua
3576 4638 3817 4703 eximia
3867 4637 4215 4721 prudentia

2262 4722 2452 4789 facile
2486 4744 2714 4806 parces
2758 4723 3035 4790 orationi
3078 4723 3376 4809 simplici,
3419 4723 3770 4791 candorem
3803 4744 3962 4791 vero
4003 4724 4213 4792 chris-

2466 4943 2525 5013 6)
2563 4944 2655 5000 De
2687 4946 2791 5001 hac
2820 4948 3162 5002 recusatione
3193 4948 3257 5001 in
3280 4947 3879 5018 conventum-incipiam
3907 4950 4213 5016 monnau-

2253 5016 2395 5071 tt'im
2435 5014 2651 5070 Fuldae
2696 5032 2733 5069 a
2768 5013 2836 5068 12
2880 5016 2958 5069 ad
2993 5014 3073 5070 18.
3114 5015 3257 5084 Sept.
3305 5017 3568 5073 celebrato
3609 5021 3941 5072 scnemata
3970 5030 4021 5069 v.
4055 5012 4212 5069 Nou-

2258 5084 2466 5151 decker,
2499 5098 2636 5139 neue
2668 5082 2843 5138 Boitr.
2880 5084 2972 5139 11.
3006 5084 3085 5141 N.
3109 5084 3417 5140 114—121·
3453 5083 4008 5151 mucamBae-n‘efe
4021 5080 4125 5137 Fr.
4151 5081 4210 5137 d.

2261 5154 2556 5209 stamme„
2588 5154 2632 5207 I.
2665 5151 2798 5219 3495
2833 5151 3004 5223 Sah'q,
3034 5153 3183 5208 Εἰσί.
3219 5155 3314 5211 des
3359 5125 3510 5211 frod.
3538 5153 3698 5212 Cone.
3732 5154 3804 5209 11.
3837 5149 3969 5218 518‚·
4000 5151 4210 5220 Heppe,

2262 5222 2453 5279 088811.
2491 5222 2545 5276 ἀ.
2579 5221 2750 5278 duob.
2784 5221 2942 5278 Prot.
2978 5223 3023 5279 1.
3055 5221 3176 5277 485.

2462 5289 3591 5363 Ὀίοιοακσαηιονοαίοήεαῐόκοᾱοςωο
3628 5284 4079 5348 mactasse-³3.

2258 5360 2527 5431 88881)
2563 5358 2646 5428 Of.
2685 5359 2760 5418 N.
2794 5359 2950 5417 3857.
