4850 6117
675 351 801 418 308

673 540 890 606 visum
932 546 1128 605 esset:
1215 537 1331 603 sed
1373 537 1664 604 vicissim
1708 538 1799 605 ibi
1843 559 1991 605 sum
2034 537 2314 604 libenter
2356 539 2468 606 ubi
2511 559 2619 604 me

671 626 858 692 Deus
899 623 1285 704 collocavit]
1365 623 1550 690 Bene
1594 623 1759 703 vale,
1824 625 1919 688 mi
2022 632 2164 690 ater
2204 644 2359 690 cum
2399 625 2618 692 fratri-

672 711 816 788 bus,
876 709 1138 794 collegis
1179 717 1249 776 et
1285 710 1510 776 amicis
1552 709 1867 776 omnibus.
1956 644 2278 775 &ominus
2319 710 2510 778 Iesus
2554 722 2618 776 te

672 797 884 880 magis
927 817 1002 862 ac
1060 796 1272 881 magis
1329 797 1399 861 in
1456 816 1651 878 opere
1706 816 1825 862 suo
1879 798 2224 861 confirmet
2265 804 2332 861 et
2375 796 2458 862 ad
2503 819 2617 863 ex-

672 891 958 948 tremum
992 902 1196 965 usque
1233 881 1352 948 tibi
1385 881 1741 949 benedicat.
1794 881 2099 948 Lutetiae
2125 885 2225 947 26.
2248 882 2614 950 Februarii.

2016 1020 2199 1086 Tuus
2245 1019 2443 1086 Beza.

848 1221 1195 1398 [Davidem
1236 1246 1456 1291 meum
1502 1225 1819 1293 Remondo
1860 1232 2084 1291 nostro
2127 1223 2560 1312 commendo]

883 1309 1188 1376 Nostrum
1216 1316 1303 1389 ¹⁴)
1343 1310 1507 1377 illud
1550 1313 1883 1398 negotium
1936 1311 2267 1380 Obrechtus
2308 1312 2472 1376 mihi
2517 1312 2616 1377 vi-

675 1503 839 1547 num
882 1501 1285 1568 procurasse.
1421 1484 1622 1568 aliyn‘
1725 1486 1804 1562 ι5)
1841 1483 2033 1550 hodie
2074 1483 2147 1549 in
2183 1485 2400 1548 aulam
2437 1483 2615 1561 abiit,

675 1563 789 1652 qni
830 1568 1052 1634 omnia
1094 1590 1165 1635 se
1206 1579 1591 1636 conaturum
1634 1571 1951 1655 promisit.
2037 1570 2184 1655 Ego
2226 1569 2306 1634 ab
2351 1570 2617 1635 homine

676 1397 870 1462 detur
908 1398 981 1462 in
1025 1397 1308 1463 alienum
1346 1399 1566 1549 {titius
1610 1419 1809 1482 quam
1850 1400 1924 1463 in
1966 1417 2160 1464 suum
2204 1397 2378 1481 apud
2413 1396 2630 1462 Iulia—·

675 1661 813 1719 tam
866 1653 1114 1738 perfido
1182 1655 1349 1720 nihil
1407 1666 1732 1740 exspect0.
1820 1654 1901 1722 Si
1953 1655 2369 1740 privilegium
2426 1654 2618 1721 Psal-
2723 1655 2734 1664 ’

673 1760 934 1807 morum
958 1741 1044 1823 ¹⁶)
1088 1741 1251 1807 bene
1294 1741 1806 1820 administretur,
1867 1762 1999 1807 non
2043 1739 2269 1807 dubito
2311 1742 2470 1824 quin
2513 1741 2616 1805 in-

676 1832 783 1890 tra
838 1846 1089 1892 annum
1132 1829 1341 1910 possit
1396 1829 1801 1894 satisfacere:
1867 1828 1983 1894 sed
2026 1847 2259 1893 vereor
2301 1849 2385 1893 ne
2428 1827 2617 1911 Lug·

676 1910 989 1978 dunensis
1044 1912 1216 1996 quod
1273 1935 1467 1980 suum
1530 1921 1632 1980 est
1684 1922 1972 1998 quaerat.
2059 1911 2209 1994 Qua
2266 1912 2347 1979 de
2407 1935 2478 1979 re
2534 1912 2616 1978 ad

690 1996 1023 2065 veracium
1063 2010 1361 2065 nostrum
1410 1997 1690 2086 scripsi]

1439 2323 1840 2334 ——-

1547 2628 1741 2699 3724.

1056 2783 1564 2851 HALLERUS
1609 2785 2241 2853 BULLINGERO.

842 2954 1099 3037 Accepit
1151 2956 1291 3020 eius
1330 2955 1620 3022 ultimam
1656 2963 1712 3023 et
1753 2979 1913 3042 quae
1955 2959 2085 3043 ipsi
2126 2960 2426 3026 mndata
2469 2966 2616 3028 sunt

669 3045 1040 3123 exsequutus
1080 3045 1185 3106 est.
1251 3039 1353 3106 De
1399 3039 1752 3109 Castalione
1792 3045 1969 3111 nulla
2010 3045 2289 3127 aonpbius
2316 3048 2610 3128 quaestio.

670 3210 785 3276 (Ex
820 3209 1157 3334 autogrffiho
1193 3209 1433 3294 eiusdem
1469 3214 1684 3269 Oodicis
1719 3215 1901 3270 Turio.
1946 3217 2088 3270 unde
2132 3226 2190 3271 et
2222 3217 2612 3287 praecedentes

1099 3280 1218 3334 lieri
1250 3281 1343 3336 fol.
1377 3281 1496 3336 904.
1536 3313 1599 3322 —
1637 3284 1780 3338 Item
1815 3301 1903 3355 ap.
1939 3285 2275 3355 Simlerum.)

666 3447 1050 3518 Olarissimo
1095 3453 1234 3517 viro
1276 3453 1361 3518 D.
1398 3454 1783 3540 Heinrycho
1824 3456 2210 3542 Bullingero
2253 3453 2609 3544 Tigurinae

668 3536 977 3603 ecclesiae
1032 3537 1278 3622 pastori
1333 3538 1714 3607 fidelissimo
1757 3541 2020 3610 domino
2075 3564 2193 3610 suo
2227 3543 2609 3612 honorando

1225 3631 1293 3689 et
1335 3629 1649 3709 compatri
1693 3628 2047 3697 carissimo.

839 3792 910 3859 S.
966 3795 1029 3859 N
1030 3794 1224 3862 udius
1281 3796 1511 3863 tertius
1563 3816 1683 3881 per
1723 3798 2071 3885 Ungarum
2127 3801 2312 3867 illum
2357 3803 2603 3886 scripsi.

665 3878 923 3945 Interea
986 3880 1129 3947 heri
1188 3881 1311 3947 sub
1370 3890 1627 3948 noctem
1680 3893 1831 3951 tuae
1885 3891 1969 3952 20
2025 3887 2184 3954 Feb.
2248 3888 2532 3973 scriptae
2551 3893 2605 3963 ¹)

663 3964 830 4030 mihi
875 3964 1168 4033 redditae
1188 3977 1345 4034 sunt
1387 3989 1520 4034 una
1560 3988 1710 4034 cum
1753 3970 1920 4037 libro
1942 3972 2250 4041 Heshusii
2292 3982 2359 4040 et
2398 3974 2607 4042 literis

661 4050 747 4115 ad
827 4049 1160 4118 Calvinum
1234 4054 1730 4137 pertinentibus.
1853 4058 2128 4125 Librum
2206 4062 2406 4127 istum
2483 4060 2608 4127 hac

662 4142 854 4236 nocte
930 4137 1266 4205 Masculus
1340 4142 1678 4223 percurrit.
1787 4144 1929 4208 Iam
2010 4145 2199 4212 adest
2271 4145 2605 4213 commode

661 4242 939 4288 nunclus
1005 4224 1436 4305 Genevenffls,
1501 4228 1607 4293 cui
1650 4227 1767 4293 illa
1808 4231 2027 4296 omnia
2069 4232 2411 4299 Genevam
2457 4252 2606 4316 per-

662 4304 933 4404 ferenda
985 4310 1165 4377 dabo.
1269 4310 1515 4377 'l'ristia
1567 4323 1739 4395 sunt,
1805 4336 1969 4399 quae
2023 4316 2104 4383 de
2147 4318 2443 4386 Navarro
2487 4339 2603 4385 au-

665 4390 897 4470 dimus,
984 4395 1307 4462 Dominus
1383 4397 1480 4463 illi
1559 4398 1671 4465 det
1746 4401 2191 4486 integritatem
2270 4404 2600 4471 maiorem.

664 4474 854 4576 Quae
916 4478 997 4543 de
1049 4490 1379 4548 conventu
1445 4485 1616 4566 apud
1672 4486 2005 4553 Tabernas
2063 4489 2404 4569 Alsaticas,
2469 4491 2604 4556 iam

661 4582 846 4646 prius
904 4584 1025 4629 nos
1077 4587 1332 4664 quoque
1391 4569 1753 4639 habuimus.
1842 4574 1948 4640 De
2008 4573 2363 4642 Cat-talione
2413 4575 2603 4642 iubeo

664 4657 732 4745 te
789 4649 954 4714 bono
1018 4671 1231 4717 ammo
1274 4674 1434 4719 esse.
1512 4657 1663 4723 Non
1707 4658 2059 4725 defuerunt
2099 4662 2213 4745 qui
2257 4661 2445 4728 illum
2489 4673 2612 4728 no-'

661 4733 764 4799 bis
829 4735 1177 4803 obtrudere
1262 4751 1673 4822 conarentur,
1759 4746 2060 4829 inprimis
2148 4768 2302 4813 vero
2368 4747 2401 4811 ὅ
2436 4748 2601 4832 ἀρχι-

834 4990 928 5059 14)
964 4993 1211 5120 ῌσοοεὲἲ
1243 4997 1838 5129 &0²32ssan
1869 5006 2141 5072 pert-'nere
2173 5005 2251 5060 ad
2282 5020 2349 5060 ea
2383 5005 2450 5061 de
2483 5007 2602 5076 qao·-

837 5129 931 5192 15)
964 5130 1041 5187 N.
1076 5129 1230 5185 3253.
1267 5131 1422 5188 3260.

664 5197 931 5337 8724163
959 5267 1023 5321 N·
1092 5202 1219 5326 ἢᾶθα
1259 5202 1485 5259 Οοπεσῦ.
1521 5202 1603 5258 22.
1640 5212 1691 5260 et
1723 5205 1809 5262 27.
1842 5208 1969 5263 Ian.
2012 5209 2157 5264 1562.

2168 348 2698 419 EPIS'DOLAE
2741 354 3165 419 3723-3726

4506 360 4600 423 304

2718 542 3117 626 γραμματεός,
3133 543 3192 620 ²)
3236 544 3348 627 qui
3391 542 3609 610 nescio
3694 562 3849 609 uam
3905 541 4302 628 singularem
4360 564 4493 611 cum
4541 565 4601 611 eo

2717 627 3252 695 consuetudinem
3294 628 3513 706 habet,
3579 649 3650 695 se
3735 628 4247 713 interposuimus
4287 650 4398 695 nos
4433 629 4515 695 its
4547 639 4604 696 ut

2716 710 2830 778 ille
2881 712 3018 780 loco
3075 715 3360 792 cesserit,
3419 736 3539 780 nos
3594 714 3799 781 alium
3850 713 4377 781 ordinaverimus.
4424 754 4498 765 —
4539 752 4603 764 —

2719 835 3706 850 ————————
3752 799 4011 866 Bernae
4070 804 4170 865 27.
4226 798 4412 867 Febr.
4459 805 4604 867 1562.

3577 1312 3775 1384 3725.

2846 1467 2968 1534 LE
3014 1451 3319 1534 SENAm
3365 1467 3481 1533 nn
3526 1451 3914 1534 GENEVE
3957 1468 4020 1532 A
4074 1466 4359 1535 oELm
4399 1467 4511 1533 nn

3472 1568 3923 1652 LUOQUES.

2892 1742 3321 1809 Reclamation
3373 1747 3575 1809 contre
3629 1762 3719 1807 un
3773 1743 3902 1808 edit
3933 1743 4056 1824 ‚qui
4092 1741 4321 1824 frappe
4369 1741 4618 1824 quelques

2717 1827 2992 1981 thtqtme‘s
3016 1829 3316 1996 &⁸33⁸
3367 1828 3592 1895 retirbs
3642 1827 3685 1893 ὰ
3733 1827 3975 1894 Geneve
4014 1833 4079 1893 et
4118 1847 4301 1909 rocus
4343 1827 4618 1911 bouryuois

2715 2087 3008 2156 (Archives
3055 2088 3124 2141 de
3158 2085 3394 2142 Geneve.
3447 2085 3669 2142 Lettres
3703 2085 3773 2139 de
3808 2085 3863 2138 la
3896 2084 4210 2153 seigneurie
4249 2083 4400 2140 1562.
4449 2085 4619 2141 munt·

3364 2155 3607 2225 corrigee
3642 2170 3743 2224 par
3776 2153 4011 2219 Calvia.)

2890 2327 3365 2412 Magnificques
3431 2325 3808 2410 Seigneurs,
3874 2324 3980 2391 six
4044 2346 4164 2391 ans
4226 2332 4379 2392 sont
4439 2344 4623 2409 psssez

2719 2435 2846 2498 que
2911 2412 3227 2496 aulcungs
3293 2410 3373 2479 de
3438 2433 3554 2478 voz
3620 2412 3911 2497 citoyens
3973 2432 4043 2477 se
4108 2419 4257 2476 sont
4295 2412 4523 2478 retirez
4557 2431 4622 2476 cn

2720 2521 2802 2565 en
2858 2509 3034 2566 ceste
3090 2504 3313 2566 nostre
3371 2498 3496 2564 cite
3546 2518 3717 2583 pour
3766 2497 3834 2562 la
3885 2518 4077 2564 cause
4129 2518 4257 2580 que
4313 2518 4526 2564 scavez
4572 2503 4625 2563 et

2593 2651 2605 2668 „
2720 2587 2832 2670 qui
2896 2606 3057 2650 vous
3122 2593 3224 2652 est
3285 2583 3558 2663 notoire,
3625 2582 3908 2667 lesquelz
3963 2604 4128 2649 nous
4186 2603 4395 2650 avons
4434 2604 4622 2650 receuz

2718 2693 2838 2755 par
2859 2672 3104 2757 amitye
3125 2681 3192 2736 et
3210 2670 3692 2754 benignement.
3751 2670 3845 2734 Et
3867 2690 4057 2752 apres
4079 2690 4203 2753 que
4226 2691 4430 2736 avons
4450 2689 4624 2754 cognu

2716 2758 2863 2824 leur
2919 2758 3029 2823 vie
3087 2757 3302 2823 bonne
3346 2763 3414 2821 et
3454 2776 3716 2823 moeurs
3760 2756 4066 2822 honestes
4110 2776 4272 2822 nous
4317 2756 4415 2822 les
4456 2775 4623 2821 avons

2715 2863 2907 2910 recen
2970 2863 3138 2927 pour
3201 2840 3508 2909 habitans
3562 2843 3655 2907 Et
3709 2840 3994 2927 despuys
4047 2863 4256 2908 avons
4312 2842 4466 2909 faict
4512 2838 4624 2907 aul-

2716 2950 2923 3016 cungs
2983 2927 3240 2995 diceulx
3294 2929 3662 3013 bourgeoys
3719 2949 3885 3011 pour
3928 2930 4128 3014 jouyr
4186 2935 4252 2993 et
4310 2928 4625 3013 participer

2716 3037 2873 3082 avec
2938 3036 3107 3081 nous
3168 3014 3249 3080 de
3315 3021 3462 3080 tous
3524 3013 3620 3081 les
3685 3013 4033 3099 privileges
4108 3012 4523 3080 commoditez
4574 3017 4628 3077 et

2713 3101 3157 3186 prerogatives
3199 3100 3281 3166 de
3323 3108 3498 3166 ceste
3539 3109 3764 3166 nostre
3805 3099 3933 3166 cite
3967 3109 4037 3166 et
4070 3100 4380 3167 habitans
4416 3097 4621 3167 dicella

2714 3186 2814 3254 Or
2870 3188 3230 3271 toutesfoys
3285 3205 3455 3252 nous
3510 3207 3716 3253 avons
3773 3184 4061 3252 entendu
4095 3205 4222 3270 que
4264 3183 4543 3271 despuys
4576 3183 4623 3248 lo

2709 3272 3876 3443 3¹33.⁵33„3333122.{32”323.322⁶5
3901 3293 4097 3424 &2¹13
4128 3271 4492 3426 “Vi'‘oefssssl
4512 3289 4623 3440 ¹325

2707 3466 2872 3513 vous
2916 3444 3214 3525 rebelles,
3259 3465 3381 3528 par
3415 3443 3630 3529 lequel
3663 3451 4029 3529 promentez
4065 3407 4247 3528 ldyer
4282 3452 4354 3509 et
4395 3440 4623 3511 sallairo

2707 3532 2789 3598 de
2846 3541 3032 3616 troys
3086 3550 3241 3597 cens
3295 3538 3511 3598 escutz
3566 3552 3723 3599 avec
3783 3531 4032 3596 aultres
4085 3530 4315 3597 choses
4369 3552 4412 3597 a
4460 3528 4621 3610 celuy

2705 3640 2789 3684 ou
2844 3616 3038 3684 ceulx
3095 3618 3207 3701 qui
3265 3624 3530 3684 tueront
3578 3617 3891 3702 aulcungs
3947 3616 4205 3682 diceulx
4248 3638 4387 3682 non
4443 3612 4621 3682 seule·

2704 3710 2891 3770 ment
2943 3722 3028 3769 en
3086 3709 3307 3769 vostre
3365 3724 3532 3789 pays
3590 3713 3657 3768 et
3697 3702 4025 3769 territoire
4088 3703 4256 3769 mais
4314 3723 4510 3785 aussy
4555 3719 4621 3764 au

2705 3811 2868 3876 pays
2911 3788 3189 3868 d'Italie,
3233 3790 3476 3868 stanes,
3520 3788 3825 3869 flandres‚
3884 3797 3952 3853 et
4006 3810 4307 3874 espagne.
4397 3788 4491 3856 Oe
4528 3784 4619 3870 qui

2707 3896 2875 3941 nous
2907 3875 3095 3941 vient
3133 3897 3173 3941 a
3208 3873 3552 3959 desplaisir
3586 3881 3655 3940 et
3686 3895 3858 3941 nous
3894 3877 4202 3941 contristo
4219 3873 4621 3960 grandement

2705 3981 2957 4028 comme
3014 3960 3209 4029 chose
3264 3962 3587 4027 contraire
3640 3982 3682 4027 a
3734 3960 3801 4026 la
3849 3961 4216 4045 protection
4268 3970 4339 4026 et
4392 3958 4619 4028 saulve·

2706 4046 2907 4131 garde
2950 4066 3032 4113 en
3074 4045 3353 4131 laquelle
3395 4067 3559 4113 nous
3603 4047 3698 4114 les
3743 4068 3950 4114 avons
3992 4067 4183 4114 receu
4220 4047 4490 4113 dautant
4518 4065 4621 4128 que

2706 4132 2862 4198 eulx
2906 4151 3113 4217 ayans
3168 4153 3288 4216 par
3343 4153 3507 4200 vous
3569 4141 3708 4226 este
3750 4134 3973 4217 privez
4017 4134 4099 4200 de
4146 4143 4362 4201 vostre
4406 4131 4619 4200 civilite

2706 4228 2776 4284 et
2830 4239 2950 4302 par
3004 4240 3169 4286 nous
3223 4219 3411 4285 faictz
3463 4225 3532 4284 et
3588 4240 3817 4287 receuz
3873 4241 3959 4287 en
4024 4230 4246 4287 nostre
4287 4219 4618 4286 subiection

2704 4324 2825 4389 par
2879 4305 2942 4369 le
2997 4325 3237 4390 moyen
3293 4305 3379 4371 de
3434 4315 3657 4371 vostre
3712 4306 3886 4374 edict
3942 4326 4226 4373 sommes
4404 4327 4513 4372 vez
4551 4323 4616 4372 en

2705 4397 2925 4456 nostre
2979 4388 3210 4457 liberte
3265 4410 3387 4475 par
3442 4407 3517 4458 ce
3571 4391 3745 4476 quilz
3799 4400 3947 4458 sont
4004 4393 4228 4477 privez
4317 4414 4364 4458 u
4406 4409 4618 4475 moyen

2704 4474 2785 4542 de
2838 4475 3012 4542 traffi
3092 4496 3176 4542 ue
3216 4484 3286 4543 et
3326 4497 3687 4545 commerce
3730 4498 3801 4544 es
3852 4498 4017 4563 pays
4060 4479 4174 4562 qui
4225 4500 4308 4545 ne
4362 4484 4509 4544 sont
4553 4473 4618 4538 de

2704 4568 2924 4628 vostre
2987 4497 3363 4642 stbiection,
3428 4565 3492 4629 A
3557 4584 3666 4630 ces
3726 4584 3953 4631 causes
4009 4586 4173 4632 nous
4231 4564 4533 4631 envoions
4566 4559 4619 4624 le

2704 4656 2971 4732 present
3025 4656 3295 4731 porteur
3349 4648 3512 4733 lung
3569 4648 3650 4715 de
3706 4671 3829 4715 noz
3871 4650 4171 4717 hommes
4216 4672 4378 4717 vous
4421 4649 4617 4734 priam

2702 4734 3278 4800 affectueusement
3331 4754 3458 4819 que
3511 4734 3784 4801 attendu
3826 4735 3923 4803 les
3966 4736 4196 4803 choses
4238 4734 4543 4803 susdictes
4571 4731 4616 4815 jl

2908 4938 2968 5003 2)
3007 4938 3097 4993 De
3147 4938 3426 4995 Zorkinm
3476 4938 3679 4996 suedia
3730 4954 3838 5009 pro
3894 4940 4218 4997 Canentem
4266 4957 4318 4995 v.
4364 4940 4442 4996 N.
4484 4935 4616 4993 ³⁰8³.

2701 5006 2882 5130 83136835.
2913 5076 2967 5141 l)
3018 5075 3151 5131 Vide
3189 5076 3286 5131 1²03
3320 5076 3426 5132 IV.
3463 5092 3545 5146 ep.
3588 5077 4088 5202 awanam
4124 5079 4445 5136 meseum
4488 5072 4615 5130 «La.

2703 5143 2785 5199 20.
2823 5146 2952 5200 Ian-
2988 5142 3126 5199 1562
3167 5161 3258 5215 ap.
3281 5145 3579 5228 Baynald.
3825 5148 3947 5231 ἀά.
3982 5150 4034 5205 h.
4071 5165 4126 5203 a.
4155 5146 4203 5230 ᾗ.
4242 5147 4353 5202 138.
4396 5140 4620 5229 stffl

2702 5213 2782 5335 Illi
2825 5211 2945 5296 ὃξι.
2998 5213 3439 5347 -zmffltmm
3490 5214 3710 5340 Ιιὲἓοαο
3759 5218 3885 5272 olem
3950 5218 4286 5281 Ver-offiano,
4339 5217 4616 5280 mun,
