4850 6117
224 417 358 482 641

408 602 591 671 Dum
649 605 879 672 literae
941 608 1256 674 nuncium
1322 611 1715 692 exspectant,
1786 612 2013 671 exorta
2077 612 2178 672 est

222 690 415 755 fama
460 690 540 756 de
582 711 749 757 novo
807 694 1117 759 conflictu
1173 694 1242 759 in
1300 714 1427 777 quo
1484 712 1672 759 caesa
1724 692 1994 758 fuerunt
2049 691 2176 757 duo

227 774 488 841 vexilla
564 777 867 843 hostium.
979 778 1144 844 Nam
1209 778 1380 863 quod
1446 778 1527 844 de
1590 785 1800 843 morte
1868 777 2178 843 Gai-siam

224 859 577 929 Gameraci
623 863 875 944 dicitur,
918 864 1081 930 mihi
1125 885 1260 930 non
1303 870 1405 931 est
1444 863 1814 931 verisimile.
1839 864 1930 946 22)
1994 863 2177 946 Lug-

226 944 420 1012 duno
465 949 702 1015 emissa
745 956 902 1016 suut
941 952 1081 1016 tria
1137 950 1470 1016 hominum
1535 949 1741 1015 millia
1794 968 1958 1031 quae
2015 948 2177 1013 vici-

222 1054 396 1097 num
435 1053 666 1118 agrum
708 1035 1195 1120 popularentur.
1276 1035 1507 1102 Multis
1563 1034 1838 1100 navibus
1888 1036 2018 1099 iam
2064 1033 2177 1098 ad-

223 1126 499 1184 vectum
566 1120 691 1185 fuit
753 1122 1065 1189 triticum.
1155 1121 1231 1188 Si
1289 1121 1722 1187 Matisconem
1796 1125 2180 1201 recuperent

223 1204 433 1270 sicuti
477 1214 760 1289 sperant,
826 1207 986 1273 satis
1029 1207 1182 1273 laxa
1247 1208 1373 1272 erit
1434 1227 1698 1272 annona
1760 1204 1842 1271 ob
1904 1205 2177 1270 liberam

222 1290 729 1375 navigationem
795 1313 831 1358 e
899 1291 1303 1377 Burgundia.
1393 1293 1566 1358 Arar
1631 1293 1806 1357 enim
1864 1291 2178 1368 triticum,

225 1376 493 1456 vinum,
536 1376 787 1462 lignum
825 1385 892 1443 et
932 1378 1196 1444 foenum
1239 1378 1422 1462 large
1466 1375 1928 1460 suppeditabit.
1994 1374 2181 1455 Vale,

225 1460 602 1527 clarissime
644 1463 750 1527 vir
793 1472 858 1529 st
898 1463 1105 1529 frater
1145 1462 1310 1529 mihi
1352 1486 1436 1529 ex
1495 1463 1716 1528 animo
1760 1460 2182 1540 observande,

226 1567 387 1611 curn
435 1546 702 1630 reliquis
747 1550 1150 1635 symmystis.
1237 1549 1565 1614 Dominus
1609 1569 1727 1614 vos
1784 1567 2012 1613 omnes
2056 1568 2187 1612 ser-

223 1640 347 1695 vet
391 1632 769 1711 incolumes,
819 1636 1052 1719 spiritu
1098 1656 1217 1701 suo
1287 1654 1544 1717 semper
1586 1641 1775 1719 regat
1815 1641 1889 1698 ut
1930 1639 2187 1698 vestros

224 1715 495 1783 labores
538 1719 894 1786 benedicat.
987 1720 1301 1787 Genevae
1353 1725 1428 1783 16
1471 1719 1763 1784 Ianuarii
1813 1723 1996 1783 1563.

1156 1857 1437 1922 Ioannes
1476 1855 1795 1923 Calvinus
1839 1865 2007 1922 tuus.

411 2058 626 2126 Citius
668 2060 790 2125 has
834 2062 1152 2126 missurus
1196 2082 1394 2141 eram,
1437 2062 1562 2126 nisi
1606 2061 2030 2126 vehementer
2077 2080 2179 2125 ro-

229 2152 461 2228 gasset
531 2147 791 2213 ‘sranius
805 2149 898 2225 ²⁸)
978 2155 1052 2213 ut
1114 2147 1184 2211 in
1252 2166 1443 2211 suum
1514 2145 1766 2211 abitum
1831 2146 2178 2212 differrem.

227 2230 521 2296 Putavit
565 2232 743 2297 enim
787 2253 977 2299 suum
1038 2231 1122 2298 ad
1179 2252 1292 2298 vos
1336 2230 1691 2298 adventum
1749 2232 1885 2296 fore
1941 2232 2178 2316 gratio-

227 2336 379 2381 rem
425 2318 485 2383 si
527 2318 668 2400 ipse
709 2319 1045 2402 perferret.
1111 2318 1260 2382 Non
1303 2325 1444 2382 erat
1485 2316 1748 2400 quidem
1791 2316 1874 2381 ad
1908 2331 2180 2382 manum

1932 420 2094 482 1563
2137 416 2515 486 IANUAR.

4086 422 4212 485 642

2278 605 2658 674 redeuntem
2705 607 2849 676 sine
2890 607 3261 676 testimonio
3316 607 3644 675 dimittere
3702 627 3913 695 neque
3954 613 4211 676 rectum

2277 693 2363 758 sit
2404 714 2613 777 neque
2656 693 3036 761 humanum.
3122 695 3334 779 quue
3374 716 3508 761 non
3563 696 3772 780 magis
3825 694 4033 778 ipsius
4076 696 4213 778 pri-

2277 779 2486 843 vatim
2520 799 2712 863 quam
2757 780 3065 847 ecclesiae
3105 780 3457 846 Polonicae
3494 782 3781 859 interest,
3840 801 4007 865 quae
4051 779 4213 846 dum

2278 862 2591 946 quosdam
2636 884 2769 932 non
2814 866 2973 932 satis
3014 866 3213 949 probe
3269 868 3674 932 examinatos
3730 863 4020 932 admittit
4061 866 4213 949 plus

2278 951 2437 1015 satis
2480 971 2714 1034 graves
2755 952 2887 1015 iam
2928 953 3141 1035 coepit
3179 972 3335 1018 suae
3375 952 3707 1018 facilitatis
3749 971 3991 1035 poenas
4036 949 4211 1018 dare.

2285 1036 2546 1101 Troeius
2588 1057 2741 1103 vero
2784 1057 2959 1102 nunc
3001 1058 3202 1121 quum
3268 1037 3531 1103 aliunde
3572 1037 3737 1102 mihi
3777 1058 3908 1102 non
3950 1036 4215 1122 vulgari

2277 1120 2471 1186 modo
2535 1129 2706 1188 esset
2767 1123 3255 1189 commendatus
3308 1124 3503 1189 certis
3557 1123 4022 1207 experimentis
4064 1143 4215 1206 pro·

2278 1207 2463 1273 bavit
2505 1227 2575 1271 se
2619 1207 2890 1294 dignum
2950 1229 3089 1274 esse
3131 1209 3241 1291 qui
3284 1210 3334 1272 'a
3386 1208 3513 1291 piis
3569 1208 3869 1275 omnibus
3913 1208 4074 1275 viris
4132 1207 4215 1273 ob

2280 1311 2432 1359 suas
2473 1294 2754 1359 virtutes
2808 1301 3077 1359 ametur.
3178 1292 3261 1357 In
3322 1295 3535 1377 patria
3587 1314 3743 1360 vero
3796 1315 3928 1359 non
3982 1313 4215 1378 parum

2280 1377 2512 1442 utilem
2554 1379 2692 1445 fore
2734 1377 3001 1446 confido.
3038 1458 3042 1463 .
3087 1378 3240 1443 Non
3283 1379 3528 1444 frustra
3590 1379 3773 1445 iubet
3813 1379 4065 1446 Paulus
4107 1378 4217 1445 ob-

2281 1464 2530 1529 servari
2575 1467 2686 1548 qui
2729 1461 2988 1529 laudem
3031 1470 3384 1530 merentur.
3448 1464 3515 1529 N
3516 1486 3644 1532 unc
3685 1466 3759 1531 in
3798 1472 3985 1530 tanta
4027 1466 4216 1531 vitio-

2280 1569 2431 1614 rum
2472 1551 2774 1636 congerie
2817 1555 2881 1614 et
2921 1550 3116 1615 rebus
3156 1550 3317 1615 adeo
3359 1549 3637 1616 turbatis
3680 1551 4030 1616 discrimen
4066 1551 4217 1634 plus

2281 1655 2478 1718 quam
2547 1634 2980 1702 necessarium
3047 1644 3162 1701 est.
3250 1636 3504 1701 Verum
3569 1657 3699 1701 non
3765 1636 3991 1702 dubito
4054 1636 4218 1720 quin

2282 1720 2407 1786 sibi
2450 1721 2608 1803 ipse,
2654 1719 2894 1804 absque
2938 1740 3082 1786 meo
3141 1720 3348 1806 elogio
3399 1719 3595 1787 fidem
3638 1723 3954 1805 acquirat.
4042 1721 4220 1786 'l'an-

2281 1812 2422 1869 tum
2468 1807 2752 1874 sinceros
2795 1806 2921 1871 Dei
2964 1806 3245 1873 cultores
3287 1806 3593 1876 hortabor
3637 1809 3692 1873 si
3735 1807 3847 1892 qui
3890 1806 4103 1874 adhuc
4145 1807 4217 1871 in

2280 1890 2560 1956 Polonia
2600 1893 2787 1959 nobis
2832 1898 2987 1957 sunt
3031 1893 3241 1973 amici,
3298 1899 3378 1957 ut
3435 1893 3767 1958 hominem
3822 1892 3945 1958 sibi
3981 1892 4218 1957 utilem

2280 1975 2615 2062 fidumque
2678 1977 3038 2044 adiutorem
3105 1978 3579 2062 amplexentur,
3656 1999 3741 2044 ne
3818 1977 3989 2043 dona
4053 1997 4221 2061 quae

2281 2061 2466 2212 {hus
2516 2061 2687 2148 apud
2708 2064 2954 2214 6ipsum
3013 2061 3310 2147 deposuit
3363 2064 3700 2130 suffocent.
3787 2063 4102 2130 Genevae
4143 2068 4219 2126 16

2318 2150 2572 2216 anuarii
2629 2155 2704 2214 15
2752 2154 2809 2215 3.

3363 2231 3663 2354 ’Ioannes
3706 2285 4047 2353 calvinus.

228 2401 414 2475 alius
452 2403 752 2482 nuncius,
799 2404 914 2469 sed
955 2404 1173 2489 potius
1227 2403 1298 2468 in
1357 2403 1576 2468 animo
1634 2409 1778 2467 erat
1818 2401 2179 2470 conducere
2307 2405 2320 2418 ‘

227 2488 343 2570 qui
392 2488 686 2555 Bel-nam
749 2510 953 2573 usque
1012 2490 1156 2555 iret.
1245 2488 1444 2553 Forte
1509 2487 1687 2571 apud
1742 2508 1859 2554 vos
1924 2508 2178 2572 quoque

225 2572 537 2640 volitabit
600 2595 830 2641 rumor
882 2595 1076 2659 quem
1128 2574 1237 2641 hic
1290 2581 1676 2657 sparserunt
1720 2573 2039 2640 Germani
2098 2572 2177 2639 de

228 2658 470 2725 occisis
510 2660 584 2723 in
629 2660 995 2744 Campania
1036 2661 1289 2745 legatis,
1356 2679 1547 2743 quem
1600 2666 1822 2725 tamen
1872 2659 2177 2725 existimo

229 2765 488 2810 vanum
551 2766 692 2812 esse
757 2747 907 2830 quia
979 2747 1322 2813 consilium
1388 2744 1659 2811 dederat
1721 2743 1805 2809 D.
1858 2744 2178 2826 Spifameo

230 2828 569 2914 Rincipis
633 2831 852 2918 legato
915 2831 1020 2897 Ill.
1085 2853 1300 2899 comes
1359 2830 1698 2896 Palatinus
1764 2851 1846 2895 ne
1912 2839 2177 2916 urgeret

227 2914 309 2982 de
370 2917 697 2983 mittenda
754 2918 1099 3003 legatione.
1186 2919 1293 2983 Ita
1345 2937 1451 2982 res
1502 2917 1884 2998 interrupta
1940 2916 2171 2982 fuerat.

227 2999 428 3083 Quod
475 3009 692 3068 autem
737 3003 963 3070 dicunt
1019 3025 1226 3070 unum
1281 3003 1485 3068 fiiisse
1536 3023 1619 3067 ex
1674 3002 1923 3068 familia
1967 3001 2175 3068 Lame·

227 3086 547 3172 ben-qemi,
592 3089 870 3154 alterum
908 3109 1063 3155 vero
1084 3090 1386 3156 comitem
1409 3086 1953 3171 Mansfeldensem,
1991 3087 2173 3154 nullo

226 3174 425 3239 modo
469 3174 777 3242 credibile
821 3182 937 3241 est.

1020 3467 1422 3477 ’.α-

1107 3718 1302 3792 3901.

643 3871 1111 3942 GALVINUS
1156 3875 1285 3940 AD
1330 3871 1783 3940 POLONOS.

413 4046 860 4112 Testimonium
897 4066 1013 4128 pro
1061 4046 1295 4112 TreciO.

232 4217 343 4286 (Ex
381 4216 733 4287 autographis
767 4216 899 4271 cod.
935 4216 1136 4271 Genev.
1173 4216 1290 4282 108,
1324 4216 1415 4271 fol.
1455 4216 1553 4271 14⁷
1588 4223 1646 4272 et
1680 4214 1825 4283 10⁷⁸,
1857 4213 1951 4268 fol.
1986 4211 2089 4266 261
2124 4230 2176 4266 v.

651 4285 811 4339 Bern.
847 4285 943 4340 vl.
986 4285 1135 4338 1111.
1173 4315 1236 4325 —
1271 4285 1485 4341 Simler.
1520 4287 1585 4342 V.
1625 4284 1767 4351 106.)

411 4455 745 4539 Quamdiu
789 4455 963 4539 apud
1007 4474 1125 4523 nos
1166 4457 1339 4521 vixit
1375 4454 1465 4520 D.
1489 4452 2003 4538 Ohristophorus
2032 4454 2179 4518 Tre-

233 4545 372 4608 σίνε
406 4541 714 4616 Polonus,
757 4543 853 4607 ita
895 4562 965 4607 se
1007 4543 1227 4626 gessit,
1295 4551 1362 4608 et
1404 4563 1483 4608 ea
1536 4538 1740 4606 edidit
1794 4538 2180 4606 documenta

235 4628 521 4710 pietatis,
566 4626 922 4694 modestiae
962 4638 1028 4693 et
1067 4628 1482 4713 integritatis,
1538 4636 1612 4693 ut
1667 4648 1845 4693 nunc
1902 4624 1985 4691 ad
2029 4644 2178 4691 suos

410 4919 506 4988 22)
538 4919 727 4990 Neque
771 4934 955 4975 mmm
1001 4923 1133 4972 erat.
1202 4917 1390 4974 Nonis
1424 4917 1586 4974 Febr.
1629 4917 1858 4973 Gai-sius
1894 4917 2180 4971 Aureliam

239 4990 401 5082 venit,
434 4990 475 5042 il
508 4990 629 5043 vint
652 5005 722 5071 ‚se
756 5004 972 5057 camper
1006 4986 1212 5041 solive
1258 5002 1415 5068 ‘gros
1445 4988 1621 5058 bom-g
1653 4987 1687 5040 a
1719 5004 1825 5041 une
1860 4987 2004 5040 demi
2036 4986 2179 5040 liene

241 5058 277 5112 ‘¹
290 5058 517 5196 ⁰¹¹2&
575 5055 1011 5197 {aaa
1021 5054 1216 5180 22²·N.
1244 5054 1680 5205 asiam
1697 5052 2174 5205 ...mats-12...

243 5195 389 5319 w
428 5196 592 5277 simpl
640 5196 968 5270 typographi
1008 5200 1057 5249 et
1091 5193 1441 5274 trans-latona
1485 5192 1699 5247 vudum·
1730 5208 1910 5274 mort
1939 5192 2180 5313 urgueat-⁶

254 5305 386 5390 Μ,
407 5279 538 5389 cg?
588 5264 1046 5389 MffiPdm
1096 5259 1343 5317 fraenum
1394 5276 1513 5317 eun
1563 5261 1864 5317 Genavam
1910 5259 1999 5314 Ga

445 5418 669 5475 calveni
691 5434 876 5490 opera.
951 5417 1073 5475 Vol.
1096 5414 1273 5472 XIX.

3152 2831 3350 2904 39⁰2.

2725 2985 3196 3055 OALVINUS
3241 2985 3787 3054 FRATRIBUS.

2457 3159 2899 3227 Testimonium
2928 3178 3054 3242 pro
3095 3158 3313 3225 iuvene
3353 3159 3617 3241 quodam
3656 3158 3948 3224 studioso.

2280 3330 2506 3393 (axam
2538 3331 2596 3385 in
2630 3311 2795 3388 codd.
2829 3328 3035 3387 scaev.
3070 3330 3215 3395 107⁸,
3266 3330 3358 3385 τοι.
3393 3327 3498 3383 261
3540 3334 3599 3383 et
3646 3328 3766 3397 los,
3802 3330 3896 3386 fol.
3946 3327 4045 3383 14⁷
4078 3332 4211 3385 item
4254 3297 4257 3302 ’

2873 3417 2960 3472 ap.
2994 3399 3282 3458 Simlerum
3315 3398 3439 3454 Vol.
3476 3396 3617 3466 106.)

2448 3573 2638 3640 Vixit
2712 3571 2801 3638 ali
2844 3570 3111 3638 uamdiu
3181 3570 3356 3656 apud
3430 3591 3552 3638 nos
3625 3571 3773 3655 pius
3838 3569 4213 3638 adolescens

2278 3659 2711 3727 Wendelinus
2940 3658 3119 3725 incus
3151 3656 3680 3735 Trarbaohensis,
3722 3657 3830 3740 qui
3878 3656 4008 3721 huc
4061 3674 4215 3738 pro-

2276 3749 2484 3814 fectus
2528 3753 2687 3825 erat,
2733 3751 2808 3810 ut
2847 3745 3191 3828 ingenium
3230 3743 3491 3827 pietatis
3550 3742 3846 3808 doctrina
3899 3750 3964 3807 et
4022 3741 4215 3808 bonis

2277 3833 2487 3900 literis
2549 3831 2889 3898 excoleret.
2977 3829 3117 3897 Nec
3178 3850 3337 3896 vero
3411 3828 3709 3911 partibus
3784 3829 3921 3893 suis
3985 3825 4213 3907 defuit,

2277 3920 2433 4003 quia
2472 3916 2730 3983 fidelem
2775 3922 2841 3984 et
2882 3915 3215 3981 assiduam
3252 3934 3515 3999 operam
3566 3911 3891 3997 Mpendit
3951 3912 4216 3996 pietatis

2278 4003 2627 4081 exercitiis,
2672 4002 3069 4085 honesteque
3111 4008 3189 4065 ut
3253 4000 3685 4067 christianum
3725 3997 4061 4065 hominem
4103 3997 4215 4064 de-

2278 4091 2465 4157 cebat
2507 4110 2656 4156 cum
2699 4086 3096 4154 scholasticis
3151 4093 3451 4153 versatus
3507 4095 3625 4164 est,
3692 4105 3893 4168 seque
3947 4084 4043 4150 ita
4084 4084 4216 4150 for-

2279 4197 2461 4242 mare
2503 4182 2573 4240 et
2612 4194 2989 4256 comparare
3055 4170 3308 4237 studuit
3363 4179 3438 4237 ut
3492 4192 3752 4255 sperem
3802 4169 3944 4236 fore
3985 4169 4217 4236 utilem

2279 4261 2586 4327 ecclesiae
2627 4260 3020 4336 ministrum,
3085 4259 3141 4323 si
3204 4256 3465 4340 quando
3520 4256 3604 4323 ad
3659 4277 3904 4323 munus
3945 4253 4218 4321 docendi

2279 4355 2554 4414 vocatus
2595 4344 2808 4410 fuerit.
2895 4344 3126 4426 Itaque
3166 4362 3549 4426 quocunque
3603 4343 3863 4410 venerit
3913 4340 4041 4425 piis
4082 4341 4218 4408 fra-

2279 4432 2491 4498 tribus
2546 4429 3072 4499 commendatum
3125 4447 3269 4494 esse
3325 4428 3517 4511 cupio
3572 4429 3769 4495 sicuti
3812 4426 4054 4512 dignus
4096 4437 4216 4493 est.

2281 4518 2593 4585 Genevae
2640 4519 2735 4580 16.
2781 4514 3078 4581 Ianuarii
3127 4517 3308 4579 1563.

3122 4649 3402 4719 Ioannes
3447 4649 3762 4719 Calvinus
3807 4649 4048 4717 dictavi

3144 4745 3213 4806 et
3245 4759 3445 4805 manu
3479 4759 3626 4805 mea
3658 4737 4033 4823 subscripsi.

3036 5083 3435 5094 ——--——————-—

3740 5399 3808 5453 41
