4850 6117
292 415 408 478 297

1159 598 1351 669 8722.

660 770 1170 840 HALLERUS
1213 771 1851 840 BULLINGERO.

454 959 744 1045 Synodas
773 981 900 1043 pro
950 966 1220 1043 tempore
1258 982 1387 1028 non
1429 961 1908 1046 eouyreyabitwr,
1951 965 2062 1046 qui
2100 964 2229 1046 for-

287 1046 475 1112 tassis
516 1048 790 1129 optimus
832 1050 971 1111 erat
1007 1049 1188 1130 pacis
1229 1048 1577 1114 servandae
1616 1049 1853 1115 modus,
1915 1137 1921 1143 ·

432 1234 723 1303 (Sequitur
752 1236 808 1290 in
844 1240 1077 1304 utroque
1112 1235 1295 1290 codice
1329 1237 1745 1305 praecedentem
1781 1236 2065 1304 eiusdem.)

287 1423 652 1492 Clarissimo
696 1426 842 1491 viro
880 1425 965 1491 D.
1005 1425 1393 1509 Heinrycho
1436 1425 1823 1511 Bullingero
1868 1426 2226 1510 Tigurinae

284 1511 583 1579 ecclesiae
627 1512 878 1594 pastori
919 1511 1315 1590 fidelissimo,
1369 1510 1631 1577 domino
1684 1532 1802 1578 suo
1847 1512 2225 1578 honorando

834 1605 899 1663 et
942 1597 1264 1681 compatri
1307 1597 1663 1664 carissimo.

443 1786 513 1850 S.
583 1784 874 1870 Regium
918 1795 1036 1864 est,
1080 1786 1295 1870 inquit
1336 1785 1467 1864 ille,
1513 1786 1742 1852 audire
1783 1788 1976 1864 male,
2021 1808 2221 1871 quum

280 1869 503 1937 feceris
548 1872 737 1937 bene.
826 1870 1012 1937 Idem
1054 1870 1221 1937 mihi
1276 1893 1317 1937 a
1364 1871 1595 1938 multis
1651 1873 1988 1957 contingit,
2047 1875 2222 1957 quod

280 1956 406 2021 tibi.
485 1958 909 2023 Paraverunt
952 1978 1023 2023 se
1064 1955 1148 2022 ad
1191 1958 1516 2042 synodum
1562 1957 1822 2038 classes,
1862 1958 1979 2025 sed
2020 1958 2222 2025 vidis-

280 2063 374 2109 ses
427 2044 601 2109 mira
659 2044 715 2108 si
774 2043 1211 2129 processisset.
1298 2044 1783 2128 Exspectamns
1834 2063 2015 2110 nunc
2072 2066 2221 2112 ves-

279 2136 443 2194 trum
484 2135 552 2195 et
598 2127 1199 2213 Scaphusianorum
1244 2129 1577 2196 iudicium.
1656 2130 2035 2196 Literarum
2080 2139 2223 2197 tua-

277 2235 413 2281 rum
455 2214 823 2299 αὗτὸγραφον
862 2236 1000 2280 non
1037 2215 1322 2295 remitto,
1368 2216 1425 2281 si
1468 2216 1634 2283 forte
1670 2217 2010 2299 (quoniam
2049 2215 2221 2301 apud

278 2308 567 2367 senatum
617 2310 682 2365 et
725 2301 1042 2367 diacosios
1092 2300 1301 2366 lectae
1344 2305 1530 2384 sunt)
1577 2301 1660 2367 de
1703 2303 1810 2368 his
1850 2304 2222 2386 requirerer

279 2387 575 2470 amplius:
643 2387 840 2453 mitto
906 2407 1063 2454 vero
1129 2385 1529 2470 descriptum
1595 2408 1854 2468 earum,
1919 2399 1995 2454 ut
2061 2389 2220 2472 quid

277 2472 604 2556 scripseris
662 2474 830 2540 scias
884 2482 953 2539 et
1008 2472 1598 2540 calumniatoribus
1653 2473 1931 2541 obiicere
1985 2477 2216 2559 possis.

278 2556 573 2625 Gaudent
615 2559 853 2625 fratres
894 2558 1106 2636 multi,
1149 2558 1383 2642 quibus
1416 2579 1547 2643 pax
1591 2559 1770 2625 cordi
1814 2568 1933 2640 est,
1959 2560 2039 2627 de
2059 2583 2216 2647 syn-

276 2641 384 2708 odo
436 2644 718 2722 sublata,
763 2645 876 2710 alii
918 2653 1232 2727 tanquam
1275 2645 1550 2711 fulmine
1607 2648 2004 2712 consternati
2037 2656 2212 2726 sunt,

275 2745 605 2813 postquam
670 2732 831 2814 ipsis
895 2731 1346 2815 significatum
1410 2741 1513 2797 est
1588 2752 1973 2816 suspensam
2050 2753 2212 2800 esse.

274 2814 562 2882 Fuerunt
619 2818 872 2884 interea
928 2816 1121 2886 multi
1164 2816 1499 2896 Genevae,
1559 2828 1626 2883 et
1678 2839 1750 2884 se
1794 2819 2054 2903 egregie
2097 2840 2213 2903 pa-

272 2910 507 2969 rarunt.
624 2901 938 2969 Orandus
1001 2903 1329 2969 Dominus
1397 2911 1474 2968 ut
1539 2903 1964 2970 acerbitatem
2026 2904 2212 2970 illam

273 2986 461 3054 tollat.
534 2987 734 3070 Quod
776 3010 895 3055 nos
940 2990 1194 3067 attinet,
1251 3009 1368 3072 per
1409 2989 1680 3055 Domini
1733 2992 2013 3075 gratiam
2058 3010 2212 3056 con-

273 3073 483 3141 cordes
536 3096 773 3142 sumus
816 3096 1062 3142 omnes.
1152 3074 1564 3158 Ouperemus
1619 3076 1928 3143 ecclesiae
1966 3077 2212 3144 morbis

271 3167 329 3223 et
378 3160 791 3229 offendiculis
845 3182 1206 3229 occurrere.
1297 3160 1555 3228 Vellem
1601 3170 1822 3228 tamen
1878 3161 2000 3230 1166
2055 3182 2208 3230 can-

273 3243 407 3312 dide
459 3247 826 3331 prudenter
880 3256 947 3315 et
1011 3268 1162 3314 cum
1220 3247 1391 3313 bono
1449 3248 1718 3314 consilio
1772 3249 1936 3328 fieri,
1998 3249 2093 3313 ita
2135 3256 2211 3314 ut

270 3331 500 3400 tructus
558 3335 809 3416 sperari
861 3333 1084 3418 possit.
1173 3333 1319 3399 Hoc
1363 3333 1556 3401 multi
1598 3355 1731 3400 non
1785 3342 2036 3415 curant,
2091 3336 2205 3419 qui

272 3417 497 3484 vellent
538 3419 765 3486 omnia
806 3440 1071 3486 sursum
1108 3417 1413 3484 deorsum
1452 3421 1640 3499 verti,
1685 3420 1873 3486 modo
1915 3420 2207 3504 ipsorum

271 3504 598 3573 affectibus
661 3506 1029 3585 satisfieret,
1093 3514 1161 3570 et
1218 3505 1455 3573 vicisse
1508 3505 1907 3573 viderentur.
1995 3508 2206 3574 Pauci

271 3598 412 3654 sunt
443 3594 555 3675 qui
600 3591 766 3658 illud
802 3591 1077 3676 apostoli
1120 3590 1561 3659 considerent:
1609 3590 1798 3673 Quae
1833 3593 2012 3676 pacis
2047 3599 2206 3659 sunt

268 3679 563 3758 quaerite,
633 3684 701 3744 et
752 3698 919 3763 quae
976 3676 1441 3745 aedificationis
1456 3728 1474 3754 ,
1537 3677 1706 3743 alius
1765 3699 1923 3763 erga
1981 3678 2202 3746 alium.

269 3762 448 3844 Apud
512 3785 637 3831 nos
699 3774 920 3849 partes
976 3785 1111 3830 non
1176 3772 1349 3842 sunt,
1418 3762 1531 3830 sed
1591 3763 1749 3829 dum
1815 3764 2205 3831 altercantes

271 3850 597 3917 conciliare
641 3851 999 3930 studemus,
1045 3859 1112 3916 et
1145 3872 1266 3917 nos
1301 3849 1796 3934 interponimus,
1843 3852 2206 3935 abripimur

271 3934 771 4014 quoddammodo
830 3937 1014 4019 quasi
1069 3936 1372 4003 violentis
1430 3934 1782 4003 vorticibus
1848 3938 1920 4002 in
1983 3938 2203 4021 ipsum

269 4017 521 4171 {33⁰⁸
543 4023 1162 4088 controversiarum.
1188 4057 2196 4070 —————————

436 4127 510 4172 ae
557 4111 659 4172 25.
701 4107 859 4174 Feb.
914 4111 1096 4173 1562.
2110 4111 2119 4120 ”

1657 4245 1710 4312 I.
1756 4244 1843 4310 Η.
1891 4252 1935 4310 1.
1981 4253 2026 4310 1.

1121 4807 1313 4878 3728.

863 4981 1104 5048 BEZA
1145 4980 1582 5049 OALVINO.

429 5106 809 5220 Relationem
862 5173 1049 5220 suam
1103 5153 1369 5238 suscipit
1423 5153 1534 5220 ubi
1576 5175 1777 5237 nuper
1817 5153 2188 5233 substiterat,

275 5239 1486 5331 ecquapmpicieseumspemantea
1527 5238 2188 5325 conceptamiamab·

274 5336 436 5386 utere
465 5326 741 5408 coepisse.

1946 413 2108 478 1562
2152 410 2619 479 FEBRUAR.

4152 416 4280 481 298

2329 601 2442 668 (Ex
2488 599 2864 671 authographo
2907 600 3039 656 Ood.
3087 599 3292 653 Gener.
3338 598 3457 667 117,
3492 600 3583 655 fol.
3639 598 3704 653 71
3758 600 3876 653 sine
3910 598 4276 667 inscriptione.

2333 670 2503 724 Aliud
2539 671 2819 740 exemplar
2863 669 2975 724 MS.
3024 685 3131 723 non
3180 673 3373 724 exstat.
3443 668 3637 724 Edidit
3681 669 3844 735 Besa,
3891 667 4076 722 multis
4157 684 4277 721 rae-

2332 740 2514 793 teritis
2601 755 2702 794 uae
2748 754 2848 793 nos
2893 739 2984 792 1116
3027 737 3180 792 uncis
3223 737 3562 805 includimus,
3608 736 3812 791 Genev.
3860 753 3914 805 p.
3956 734 4075 801 265,
4161 753 4275 790 ans.

2331 824 2383 875 p.
2419 805 2542 871 548,
2641 803 2799 860 πᾶν.
2846 825 2900 877 p.
2937 806 3055 871 616,
3103 805 3311 861 Gbouet
3354 823 3406 876 p.
3440 805 3557 870 363,
3603 807 3780 860 Amet.
3822 822 3893 927 gf,
3918 804 4034 857 166.
4117 806 4274 859 Unde

2671 878 2837 930 etiam
2881 876 3171 944 descripsit
3205 876 3378 928 Bsum
3413 875 3481 930 11.
3520 878 3665 944 App.
3701 891 3755 945 p.
3788 874 3818 926 1
3895 876 3935 939 .)

2502 1045 2572 1112 S.
2619 1047 2758 1113 Diu
2802 1058 2869 1112 et
2910 1048 3233 1115 obstinate
3279 1048 3473 1123 tacui,
3497 1050 3547 1124 ¹)
3601 1067 3686 1111 ne
3728 1046 3848 1112 tibi
3893 1044 4270 1112 sollicitudi-

2328 1152 2481 1198 nem
2526 1148 2593 1198 et
2634 1131 2887 1199 dolores
2929 1152 3270 1218 augerem:
3316 1131 3432 1198 sed
3475 1153 3559 1197 ne
3601 1152 3776 1198 nunc
3818 1131 4077 1216 quidem
4240 1167 4294 1181 --

2329 1239 2479 1284 sum
2522 1217 2700 1284 aliud
2744 1240 2935 1302 quam
2983 1219 3211 1285 turbas
3257 1225 3325 1284 et
3368 1217 3688 1283 tumultus
3730 1219 4054 1284 nunciare.
4121 1151 4290 1284 Ἐξ·-

2327 1325 2470 1370 1666
2554 1305 2841 1371 actiones
2917 1304 3124 1370 nostri
3187 1323 3579 1388 congressus
3643 1302 3995 1387 diligenter
4056 1301 4140 1369 ad
4202 1311 4282 1370 te

2326 1390 2703 1475 perscripsi:
2812 1399 3178 1474 postremae
3255 1412 3390 1454 non
3469 1387 3818 1454 dissimiles
3907 1390 4187 1454 fuerunt.
4211 1393 4268 1467 ²)

2327 1475 2729 1542 Audivimus
2795 1477 3084 1542 infinitas
3149 1487 3216 1541 et
3278 1474 3692 1542 incredibiles
3754 1475 4054 1559 ineptias.
4162 1474 4268 1540 Ita

2324 1560 2461 1627 illis
2501 1581 2888 1646 responsum
2952 1571 3070 1641 est,
3135 1559 3262 1627 Dei
3308 1561 3536 1646 gratia,
3606 1568 3680 1625 ut
3721 1561 3924 1626 mirer
3966 1559 4267 1628 adversa-

2326 1647 2458 1712 rios
2503 1668 2661 1731 prae
2703 1648 2953 1732 pudore
2994 1660 3061 1715 et
3115 1646 3480 1731 ignominia
3521 1667 3649 1711 non
3689 1648 4029 1713 corruisse.
4107 1646 4268 1712 Per-

2326 1733 2643 1799 stiterunt
2699 1746 2942 1815 tamen,
3005 1755 3124 1800 suo
3182 1752 3378 1810 more,
3439 1740 3506 1796 et
3561 1752 3788 1798 omnes
3844 1732 4269 1798 contumelias

2322 1818 2582 1885 fortiter
2625 1820 3046 1886 devorarunt.
3128 1819 3258 1885 Ubi
3314 1825 3588 1883 ventum
3644 1827 3744 1884 est
3798 1817 3880 1883 ad
3924 1818 4120 1900 primi
4162 1838 4269 1885 ca-

2324 1905 2483 1986 pitis
2519 1907 2600 1970 de
2633 1906 3033 1990 imaginibus
3067 1904 3566 1981 conclusionem,
3601 1913 3736 1968 tres
3772 1904 4091 1969 inventae·
4116 1910 4272 1968 sunt

2326 1992 2711 2057 sententiae.
2799 1991 2936 2057 Nos
2993 1993 3171 2057 enim
3225 1987 3527 2073 petiimus
3583 1987 3785 2053 semel
3838 1988 3982 2054 eiici
4039 1991 4270 2074 imagi-

2324 2096 2473 2141 nes:
2519 2076 2880 2143 adversarii
2925 2099 3073 2143 cum
3118 2076 3297 2141 omni
3340 2096 3457 2141 suo
3499 2074 3683 2140 cultu
3726 2074 4010 2140 retineri.
4063 2073 4268 2139 Medii

2323 2162 2417 2240 (id
2484 2171 2602 2240 est,
2663 2162 3026 2228 Valentinus
3081 2163 3461 2245 Episcopus,
3533 2159 3929 2244 Saliynacus,
4000 2159 4266 2240 Sponsa,

2324 2246 2720 2328 Botezzerius,
2786 2247 3183 2325 Pictoreum,
3243 2268 3283 2312 a
3339 2247 3577 2330 quibus
3619 2245 3862 2329 alioqui
3900 2246 4269 2311 miserrime

2260 2367 2270 2382 -
2323 2341 2391 2397 et
2435 2334 2851 2400 acerbissime
2893 2335 3120 2399 vexati
3159 2342 3315 2400 sunt
3358 2331 3608 2412 hostes)
3651 2331 3895 2398 cultum
3940 2331 4266 2397 duntaxat

2322 2419 2744 2485 sustulerunt.
2817 2420 2989 2485 Tum
3033 2420 3312 2504 Regina,
3358 2419 3543 2484 cuius
3582 2418 3965 2501 patientiam
4013 2416 4128 2481 tibi
4163 2436 4266 2482 sa-

2321 2505 2406 2570 tis
2470 2515 2821 2572 connotare
2885 2527 3018 2571 non
3083 2525 3368 2589 possum,
3394 2508 3447 2582 ⁸)
3519 2523 3642 2569 nos
3705 2502 3788 2569 ad
3852 2502 4267 2569 concordiam

2320 2589 2548 2656 multis
2607 2591 2826 2658 verbis
2882 2592 3235 2670 cohortata,
3291 2589 3560 2655 tandem
3614 2588 3962 2672 imperavit
4014 2603 4092 2654 ut
4132 2588 4266 2654 sin-

2318 2676 2511 2760 gulae
2611 2677 2921 2742 factiones
3018 2697 3203 2743 suam
3291 2696 3403 2742 sen
3411 2676 3682 2740 tentiam
3767 2675 4264 2758 perscriberent.

2317 2764 2630 2829 Hostium
2676 2764 3048 2848 opinionem
3092 2783 3209 2827 nec
3243 2760 3626 2840 describere,
3671 2779 3792 2825 nec
3826 2761 4090 2825 mittere
4129 2759 4265 2843 pla-

2317 2849 2471 2917 cuit.
2558 2850 2666 2915 Ex
2725 2855 2951 2914 nostra
3001 2867 3371 2934 cognosces,
3437 2867 3555 2912 nos
3611 2845 3691 2912 de
3746 2845 4071 2912 industria
4122 2853 4260 2911 stu·

2319 2934 2538 3001 duisse
2601 2944 2677 3000 ut
2738 2935 2998 3019 abrupti
3072 2934 3373 3018 colloquii
3446 2933 3638 3016 culpa
3699 2933 3913 2997 omnis
3975 2933 4048 2996 in
4111 2930 4261 2997 illos

2316 3023 2799 3088 transferretur.
2889 3020 2971 3086 Id
3026 3021 3203 3086 enim
3259 3016 3490 3085 callide
3543 3017 3909 3103 captabant,
3966 3029 4042 3083 ut
4100 3037 4260 3100 quo-

2314 3108 2493 3172 niam
2546 3108 2743 3190 primi
2796 3127 3060 3172 eramus
3116 3106 3511 3172 sententiam
3566 3111 3860 3169 nostram
3904 3104 4258 3183 recitaturi,

2314 3195 2370 3259 si
2411 3195 2699 3278 praecise
2733 3213 3124 3278 negaremus
3159 3214 3276 3258 nos
3311 3210 3652 3274 nunquam
3685 3211 3805 3256 neo
3840 3188 3992 3255 ullis
4036 3187 4261 3255 condi-

2313 3279 2595 3346 tionibus
2628 3280 2909 3346 coituros
2944 3278 3075 3343 nisi
3108 3277 3407 3344 omnibus
3443 3275 3839 3358 imaginibus
3861 3277 4084 3342 statim
4107 3295 4257 3357 pro-

2309 3366 2573 3450 fligatis,
2645 3365 3115 3448 responderent
3170 3364 3293 3430 sibi
3336 3383 3486 3429 cum
3531 3369 3667 3426 tam
3709 3361 4095 3445 praefractis
4135 3360 4256 3427 116-

2309 3453 2593 3518 minibus
2637 3450 2798 3516 nihil
2843 3450 2983 3517 fore
3026 3450 3290 3534 negotii,
3351 3455 3419 3515 et
3461 3447 3701 3531 alioqui
3741 3448 3944 3513 fuisse
3987 3446 4069 3513 de
4110 3448 4256 3512 iure

2309 3559 2425 3603 suo
2490 3537 2880 3604 decessuros.
2972 3536 3202 3620 Neque
3247 3556 3401 3603 vero
3453 3556 3574 3600 nos
3631 3532 3795 3599 haec
3859 3532 4253 3615 exspectatio

2305 3623 2553 3689 fefellit.
2641 3623 2815 3688 Nam
2858 3622 3053 3688 simul
3097 3631 3291 3706 atque
3333 3620 3644 3686 viderunt
3686 3641 3807 3685 nos
3852 3618 3933 3683 de
3975 3619 4251 3682 veritate

2306 3707 2568 3792 quidem
2611 3709 2777 3773 nihil
2817 3708 3186 3785 concedere,
3247 3706 3363 3772 sed
3406 3715 3645 3785 tamen,
3712 3704 3928 3771 oblata
3970 3703 4249 3786 quadam

2307 3794 2694 3862 conditionis
2771 3795 3003 3878 specie,
3079 3793 3211 3858 11116
3289 3792 3540 3876 eripere
3604 3791 3772 3875 quod
3837 3789 4249 3873 quaerebant,

2307 3891 2532 3963 aperte
2593 3890 2949 3965 coeperunt
3012 3901 3127 3964 per
3182 3900 3336 3945 suos
3401 3877 3614 3944 dicere
3678 3875 3898 3941 omnia
3950 3874 4110 3940 haec
4164 3873 4248 3940 ad

2305 3965 2676 4032 Concilium
2732 3965 3191 4031 Tridentinum
3247 3985 3390 4031 esse
3444 3961 3852 4028 remittenda.
3939 3959 4076 4025 Nos
4133 3980 4247 4026 au-

2304 4061 2441 4116 tem
2502 4054 2787 4118 contenti
2846 4052 3092 4117 fuimus
3149 4049 3230 4116 de
3282 4057 3507 4116 nostra
3561 4045 4072 4132 promptitudine
4115 4053 4248 4111 tes-

2296 4139 2453 4215 tari,
2500 4146 2567 4203 et
2609 4138 2991 4204 manifestas
3033 4138 3320 4202 rationes
3354 4136 3663 4219 proferre,
3708 4154 3830 4200 661·
3870 4130 4048 4196 111166
4093 4151 4245 4197 6611-

2302 4223 2591 4289 6111611611
2647 4223 2926 4289 decretis
2979 4231 3156 4288 stare
3212 4243 3343 4288 non
3383 4238 3733 4304 possemus.
3821 4217 4083 4302 Regina
4124 4216 4244 4282 ini-

2302 4311 2392 4375 tio
2445 4312 2517 4375 in
2575 4330 2652 4375 ea
2706 4318 2848 4375 erat
2889 4309 3234 4384 sententia,
3300 4313 3377 4371 61
3418 4305 3681 4370 omnino
3729 4303 3928 4368 vellet
3970 4303 4116 4368 illos
4161 4301 4244 4369 ad

2295 4584 2483 4641 8728.
2505 4585 2563 4650 1)
2604 4584 2916 4653 Respondet
2946 4582 3024 4637 ad
3057 4580 3135 4636 N.
3167 4576 3321 4632 3717.

2504 4653 2566 4721 2)
2604 4654 2752 4708 Hist.
2796 4653 2916 4708 eccl.
2962 4651 3006 4706 1.
3053 4645 3329 4702 694-720
3362 4684 3378 4701 .
3413 4685 3427 4698 .
3465 4682 3478 4695 .
3514 4684 3528 4697 .
3565 4644 3769 4699 L’issue
3827 4644 3912 4697 fut
3962 4646 4091 4699 telle
4136 4661 4241 4726 6116

2297 4724 2503 4777 chacun
2538 4740 2598 4776 se
2632 4723 2740 4776 tint
2772 4721 2805 4775 a
2838 4737 2925 4774 666
2957 4719 3208 4789 opinions
3241 4731 3368 4770 66116
3403 4714 3646 4784 qu'antre
3678 4713 3842 4769 chose
3896 4713 4008 4769 s’en
4062 4730 4240 4767 611661-

2294 4794 2418 4846 vist.
2458 4821 2522 4830 -
2560 4789 2814 4860 Lamud
2845 4790 2879 4842 1.
2914 4788 2976 4845 L.-
3023 4788 3372 4909 DisAEutatum
3416 4789 3503 4837 est
3546 4784 3614 4837 de
3660 4783 3984 4853 imaginibus
4027 4789 4239 4836 tantum

2295 4877 2397 4930 per
2429 4861 2618 4913 decem
2653 4863 2748 4912 661
2781 4856 3061 4911 duodecim
3148 4856 3225 4909 ’es
3270 4859 3330 4910 et
3372 4853 3431 4906 in
3476 4850 3581 4906 hoc
3629 4851 3956 4932 videbantur
3991 4853 4243 4931 plerique

2292 4929 2600 4984 consentire
2651 4933 2713 4981 ut
2767 4929 3179 4980 removerentur
3227 4925 3300 4979 ab
3349 4921 3615 4976 altaribus
3664 4927 3724 4976 et
3774 4921 4130 4975 reficerentur
4179 4938 4238 4973 111

2292 4998 2532 5067 aliquem
2583 4996 2835 5066 angulum
2893 4995 3101 5065 templi,
3153 5009 3254 5048 nec
3306 4991 3433 5046 ullis
3482 4991 3593 5047 illis
3642 4991 3821 5045 cultus
3872 4989 4236 5068 exhiberetur:

2291 5068 2497 5122 Verum
2548 5065 2717 5134 aliqui
2768 5062 3117 5118 Serbonistae
3180 5063 3439 5117 dixerunt
3500 5060 3600 5114 tali
3649 5059 3871 5114 decreto
3922 5058 4237 5113 labefactari

2291 5136 2642 5190 autoritatem
2675 5132 2845 5187 totius
2880 5132 2976 5187 rel.
3051 5131 3337 5199 ontificiae,
3372 5145 3539 5200 66666
3566 5129 3625 5183 in
3653 5127 3788 5183 illud
3805 5144 4075 5195 1161166661
4110 5140 4235 5179 con-

2288 5219 2561 5259 sensuros.
2624 5201 2741 5271 (Gt'.
2776 5201 2962 5257 Baua·
2994 5150 3064 5256 ff.
3096 5199 3239 5268 544.)
3346 5269 3359 5282 ·
3579 5267 3591 5278 ·
3696 5266 3709 5279 υ

2496 5271 2557 5337 3)
2596 5271 2844 5326 Ρνίιιυηι
2892 5272 3216 5340 scripserat.-
3277 5284 3428 5325 66166
3478 5271 3799 5337 patientiam
3855 5280 3963 5317 non
4016 5277 4233 5329 possum

2290 5341 2395 5395 tibi
2428 5341 2563 5395 satis
2598 5340 2930 5411 praedicare.
