4850 6117
256 424 377 487 285

254 619 484 696 portae
535 612 802 690 vicinas,
861 610 993 677 iam
1037 612 1268 695 scripsi
1292 615 1348 692 ⁵)
1405 632 1644 678 vanam
1701 611 1903 679 fuisse
1955 613 2205 679 iactan-

254 696 447 763 tiam:
494 718 689 764 neme
733 695 909 763 enim
952 695 1085 762 illie
1119 697 1310 765 nobis
1344 706 1706 783 suspectus.

423 782 616 849 Meas
669 804 869 867 quum
923 782 1257 851 Posidonio
1299 781 1549 864 reddes,
1573 786 1627 861 θ)
1671 782 1823 851 vide
1865 792 1944 851 ut
1992 784 2207 853 fidelis

257 869 345 935 sis
387 887 625 936 causae
680 875 879 952 quam
935 869 1317 936 commende
1373 876 1709 954 patrenus.
1808 870 1998 956 Rege
2055 890 2207 937 eum

255 962 334 1021 ut
373 975 500 1021 sua
541 956 754 1040 gratia
786 963 854 1021 et
894 957 1248 1022 autoritate
1288 975 1407 1023 nes
1443 954 1709 1022 adiuvet
1748 957 1820 1022 in
1855 955 2208 1040 diplomate

256 1040 1650 1210 ῗώᾞωᾶξῑῗὲωῗίῗήὲξῖᾞῗζᾈέξ
1679 1042 1853 1194 Ἓξ
1852 1041 1874 1106 ¹
1892 1042 2209 1196 ΣΞΡΞΞἘ

255 1211 445 1278 mede
489 1222 558 1278 et
605 1211 881 1280 stolidus
926 1212 1041 1279 sed
1085 1211 1374 1298 perfidus
1416 1215 1616 1280 etiam
1660 1236 1735 1283 ac
1777 1214 1979 1282 crude
2010 1215 2061 1282 's
2109 1224 2211 1282 est

258 1307 323 1363 et
348 1319 625 1383 prorsus
646 1318 946 1383 nequam,
988 1298 1158 1367 nihil
1192 1300 1273 1366 ab
1307 1320 1384 1366 ee
1424 1300 1553 1367 nisi
1592 1302 1658 1368 vi
1691 1301 2204 1385 extorquebitur.

256 1383 461 1450 Perre
506 1384 677 1450 nihil
720 1385 1002 1467 petimus
1045 1385 1342 1453 odiosum
1385 1385 1494 1452 vel
1537 1385 1823 1465 difficile,
1877 1387 1991 1453 sed
2036 1385 2209 1471 qued

259 1470 385 1536 iam
389 1490 693 1621 ilssmlm
745 1470 972 1537 multis
1025 1490 1408 1538 cencessum
1464 1482 1583 1552 est,
1638 1481 1714 1537 ut
1772 1472 2209 1539 admittantur

303 1554 408 1639 up‘
473 1556 488 1571 “
553 1556 637 1623 ad
691 1556 796 1623 ius
852 1578 1045 1624 suum
1107 1557 1645 1642 recuperandum.
1755 1558 1984 1627 Donec
2052 1579 2207 1625 vere

305 1641 360 1708 ’e
403 1640 629 1709 aditus
685 1640 770 1708 ad
823 1662 1084 1711 causam
1136 1644 1498 1727 patefactus
1552 1644 1772 1724 fuerit,
1830 1645 2017 1711 litem
2066 1665 2207 1710 me-

259 1747 409 1793 vere
467 1749 607 1793 nen
664 1726 1012 1810 audemus,
1068 1730 1220 1813 quia
1271 1730 1457 1796 nobis
1517 1729 1853 1816 negotium
1904 1739 2005 1796 est
2057 1750 2206 1797 cum

254 1812 518 1879 homine
561 1813 712 1898 plus
747 1836 942 1898 quam
987 1814 1341 1898 desperate.
1431 1816 1673 1883 'l'etum
1715 1815 1976 1900 quidem
2021 1835 2205 1895 enus,

254 1907 328 1964 ut
366 1919 578 1983 spere,
622 1898 1019 1968 Bet-nautius
1060 1901 1385 1986 suscipiet.
1459 1900 1594 1968 Sed
1637 1901 1849 1985 quoad
1890 1902 2010 1968 tibi
2051 1901 2207 1969 lice-

257 1984 365 2064 bit,
409 1986 670 2052 etiamsi
705 2008 839 2052 nen
881 1987 1023 2053 sine
1063 1985 1491 2068 incommode,
1536 1998 1611 2054 ut
1653 1997 1804 2054 tuae
1837 1997 2057 2071 partes
2100 2008 2207 2054 ae-
2253 2005 2261 2052 ι

260 2069 489 2137 cedant
577 2083 777 2138 nante
823 2092 1087 2157 pessum
1131 2072 1346 2139 studio
1403 2073 1706 2140 obtestor.
1806 2072 2208 2158 Quanquam

262 2177 359 2223 me
401 2157 550 2222 cohi
599 2179 695 2238 ee,
754 2179 958 2243 quum
1002 2159 1161 2226 satis
1205 2178 1532 2243 superque
1584 2159 1786 2226 seiam
1830 2158 1988 2243 quid
2031 2159 2205 2226 ultre

261 2242 546 2310 facturus
600 2245 690 2310 sis
744 2264 891 2310 mea
943 2265 1174 2325 causa,
1232 2245 1529 2329 quamvis
1583 2266 1714 2312 nen
1772 2253 2064 2330 regatus:
2130 2255 2208 2312 tu

259 2349 410 2477 lvere
432 2330 702 2480 ¹pffiililziime
744 2331 911 2481 {cias
928 2352 1037 2480 fex
1097 2331 1375 2481 prifg‘tis·
1422 2331 1723 2503 galilnibus
1773 2332 2003 2433 officiis
2058 2332 2207 2397 nul-

283 2435 388 2479 um
635 2436 754 2500 gra
786 2438 885 2482 ius
955 2437 1085 2482 ere.
1323 2439 1424 2482 sm
1543 2438 1673 2483 aris
1730 2438 1923 2485 amici
1965 2437 2208 2484 memo-

261 2501 388 2565 riae
432 2500 637 2567 debeo
684 2511 758 2567 ut
816 2502 957 2570 eius
999 2502 1238 2569 liberes
1283 2524 1413 2569 nen
1454 2523 1642 2570 secus
1685 2522 1763 2570 ac
1805 2524 1985 2570 meos
2027 2523 2204 2571 eem-

260 2585 517 2668 pleetar.
628 2586 800 2652 Nam
855 2588 924 2654 id
981 2587 1344 2655 incredibili
1411 2608 1531 2655 sue
1587 2609 1745 2674 erga
1798 2609 1905 2654 me
1962 2608 2202 2669 amere,

262 2672 383 2822 {1:2⁰
404 2673 1575 2844 ffliffloeffssgssss‘ssffisssszffz
1615 2680 2204 2841 2:223350233‘22

258 2842 413 2907 mihi
454 2844 645 2911 nefas
700 2854 870 2912 esset
925 2866 1122 2929 quam
1178 2846 1259 2911 de
1312 2867 1419 2912 me
1472 2847 1776 2914 fiduciam
1819 2854 2203 2931 conceperat

260 2929 577 2995 frustrari.
676 2932 770 2997 Et
814 2951 1071 3014 semper
1124 2932 1196 2997 in
1241 2933 1457 2998 anime
1509 2953 1655 2999 mee
1706 2933 1951 2999 infixae
2005 2943 2201 2999 erunt

263 3023 585 3082 extremae
641 3018 779 3083 eius
839 3037 1050 3098 voees,
1118 3039 1316 3101 quum
1371 3016 1533 3083 mihi
1592 3039 1811 3084 ceram
1867 3039 2072 3084 uxore
2133 3028 2200 3085 et

261 3098 470 3168 liberis
527 3101 806 3168 diceret:
875 3103 1069 3170 Notre
1111 3125 1298 3186 pere,
1354 3124 1512 3170 nous
1566 3106 1731 3170 voici
1784 3124 1895 3170 voz
1956 3106 2197 3187 enfans.

266 3184 432 3252 Mais
471 3193 675 3271 quant
719 3210 760 3253 a
802 3209 957 3273 moy,
989 3191 1151 3273 puis
1192 3211 1308 3271 que
1350 3188 1528 3256 Dieu
1568 3211 1664 3256 me
1705 3192 1908 3270 retire,
1952 3193 2012 3256 ie
2045 3210 2201 3258 vous

252 3273 404 3352 prio,
447 3275 621 3341 selon
662 3293 727 3340 oe
769 3295 887 3356 que
927 3275 987 3340 ie
1027 3295 1182 3341 vous
1225 3297 1310 3358 ay
1351 3276 1472 3341 ests
1502 3277 1608 3358 fils
1641 3276 1967 3357 obeissant,
2002 3278 2079 3342 de
2120 3297 2199 3342 ne

252 3358 423 3437 point
461 3362 931 3445 mmmm-m
971 3381 1127 3427 ceux
1170 3363 1281 3443 qui
1319 3383 1474 3428 vous
1514 3362 1876 3428 demeurent.
1972 3360 2104 3430 Gar
2140 3365 2200 3428 ie

266 3443 347 3509 les
407 3446 713 3512 desavoue
774 3448 915 3513 s’ils
977 3468 1052 3513 ne
1107 3468 1259 3514 vous
1303 3453 1551 3530 ponent
1601 3448 1760 3529 plus
1814 3448 2088 3514 dhoneur
2145 3454 2202 3513 et

262 3528 603 3600 obsi-esame
642 3552 769 3613 qua
809 3553 967 3619 moy.
1075 3532 1203 3600 Car
1253 3538 1381 3599 tout
1436 3553 1498 3599 ce
1546 3535 1719 3616 quils
1758 3554 1855 3600 me
1894 3535 2199 3618 devoyent‚

264 3615 317 3679 ie
356 3616 411 3682 le
450 3638 608 3682 vous
649 3620 909 3703 resiyne,
967 3623 1022 3683 et
1058 3621 1239 3685 aussi
1280 3619 1354 3684 de
1395 3640 1458 3685 ce
1504 3640 1620 3701 que
1676 3622 1736 3685 ie
1776 3640 1934 3686 vous
1977 3621 2201 3704 devoye

264 3700 308 3765 a
348 3702 517 3783 fault
561 3703 730 3784 quas
771 3725 878 3771 sen
936 3705 1229 3786 equitent.
1341 3704 1487 3771 Hoc
1543 3706 1820 3771 recitare
1869 3706 2049 3772 volui
2105 3715 2198 3785 ut,

264 3786 494 3886 siquid
522 3789 768 3856 videris
805 3811 1098 3857 remorae
1141 3792 1328 3857 nobis
1367 3792 1589 3857 afferri
1622 3792 1703 3858 eb
1739 3791 2015 3858 aliorum
2055 3813 2199 3876 seg-

264 3873 502 3954 mtiem,
551 3895 685 3941 nen
744 3875 1002 3944 desinas
1059 3898 1169 3944 ees
1229 3877 1568 3945 stimulare
1626 3899 1833 3961 usque
1878 3877 2033 3946 dum
2093 3899 2200 3945 res

263 3958 447 4025 fuerit
487 3962 797 4030 confecta.

424 4048 596 4114 Vale
645 4049 886 4114 iterum
937 4058 1133 4133 atque
1184 4050 1444 4127 iterum,
1499 4050 1920 4133 integerrime
1978 4050 2199 4117 frater.

265 4133 367 4197 An
404 4131 619 4202 adhuc
654 4135 924 4201 haereat
957 4135 1040 4202 D.
1072 4135 1528 4214 Nomandius,
1546 4137 1608 4219 8)
1643 4136 1829 4202 brevi
1865 4144 1939 4201 ut
1973 4132 2202 4220 opiner

266 4218 550 4308 sciemus.
670 4221 912 4287 Putavi
980 4221 1061 4287 ad
1126 4221 1606 4304 expediendum
1670 4221 1811 4288 eius
1864 4242 1949 4287 ne
2034 4222 2202 4287 tium

267 4301 735 4384 disiunctivam,
772 4307 852 4374 de
880 4329 1010 4391 qua
1051 4307 1440 4391 scripseram
1481 4308 1799 4375 sufficere.
1861 4306 1952 4374 Se
2021 4307 2203 4374 vide-

266 4386 469 4456 bimus
512 4392 672 4474 quid
717 4395 1051 4476 proximae
1095 4393 1325 4460 literae
1360 4395 1657 4460 afferant.
1702 4391 1780 4460 Si
1821 4393 2205 4461 insolubiles

267 4490 411 4541 sunt
460 4477 695 4561 laquei,
743 4481 987 4563 petius·
1006 4501 1115 4546 ees
1174 4479 1438 4546 tandem
1498 4480 1847 4565 abrumpat
1886 4500 2083 4564 quam
2127 4500 2203 4546 ee

268 4580 512 4645 semper
554 4584 907 4633 careamus.
1010 4565 1246 4632 Valete
1302 4567 1492 4632 ambe
1547 4568 1786 4633 iterum
1830 4575 2025 4650 atque
2082 4568 2203 4632 ite·

268 4665 424 4712 rum.
526 4650 713 4717 Deus
769 4673 883 4720 ves
926 4659 1209 4732 tueatur,
1264 4651 1590 4737 gubernet
1643 4653 1949 4737 omnique
2010 4651 2203 4719 bene·

461 5010 521 5146 23)
550 5011 875 5081 deperditas.

556 5080 715 5136 Guill.
765 5082 834 5135 de
868 5082 995 5137 Tris
1040 5087 1241 5137 neurut
1285 5082 1319 5135 a
1368 5080 1438 5137 37
1484 5100 1581 5137 ans
1632 5084 1684 5135 le
1728 5080 1811 5135 27.
1862 5083 2005 5137 Aeut
2052 5080 2203 5135 1561.

272 5144 371 5201 Son
418 5150 558 5204 frere
602 5150 860 5205 Ostherin
913 5152 981 5206 de
1026 5152 1153 5206 'Prie
1207 5151 1344 5207 etait
1395 5152 1679 5206 conseiller
1729 5150 1799 5205 de
1850 5152 2020 5221 Lyen.
2117 5151 2204 5206 Un

274 5222 415 5339 {33¹⁰
448 5218 589 5274 {rere
622 5221 810 5275 Pici-re
844 5225 1063 5276 mourut
1097 5221 1130 5275 8
1164 5219 1399 5278 Geneve.
1490 5219 1740 5289 (Galim,
1790 5220 1919 5275 Not.
1952 5219 2071 5289 qe'n.
2107 5220 2199 5273 IV.

369 5289 405 5353 '³
463 5356 520 5425 s)
555 5359 627 5414 N.
662 5357 815 5413 3706.
851 5356 1007 5413 3709.

1923 424 2083 488 1562
2129 420 2593 490 FEBRUAB.

4124 430 4250 494 286

2307 609 2611 677 dictionis
2655 631 2895 697 genere
2936 610 3304 696 locupletet,
3340 613 3661 680 sustineat
3697 613 3894 680 etiam
3931 635 4134 699 usque
4168 615 4254 682 ad

2306 709 2679 763 extremum
2721 696 2970 764 invicta
3012 719 3133 764 sua
3171 700 3439 765 virtute.
3539 698 3844 785 Oellegae
3889 720 4005 768 ves
4043 700 4251 784 pluri-

2307 803 2491 849 mum
2534 781 2838 849 salutant.
2934 789 3028 849 ll.
3076 783 3417 850 Februarii
3467 787 3647 851 1562.
3672 784 3725 871 ⁸)

3096 921 3372 988 Carolus
3415 921 3748 989 Passelins
3793 930 3961 990 tuus.
3994 926 4077 1000 ¹‘)

3085 1218 3126 1225 —
3165 1219 3196 1224 --
3281 1218 3292 1222 -
3365 1217 3491 1225 -α-

3186 1433 3371 1504 3⁷16.

2716 1588 2844 1654 DE
2889 1585 3315 1655 FRASANS
3361 1591 3414 1653 A
3460 1587 3825 1655 CALVIN.

2485 1760 2960 1844 compte-rendit
3018 1762 3096 1826 de
3137 1759 3305 1826 Mat
3356 1761 3430 1826 de
3472 1759 3704 1846 ἴὲρῑίεε
3758 1761 3835 1827 de
3878 1761 4151 1846 Dijon1)
4194 1768 4249 1829 et

2308 1849 2490 1915 envoi
2531 1847 2608 1913 de
2636 1846 2923 1999 (1ᾶὲῗῶ
2958 1864 3124 1930 pour
3146 1866 3393 1912 amener
3418 1847 3709 1929 quelques
3742 1849 4061 1914 ministres
4091 1868 4249 1915 sans

2308 1936 2373 2002 la
2404 1932 2700 2017 presence
2848 1932 3020 2015 quel-³
3060 1930 3170 1998 eae
3209 1933 3408 1999 serait
3444 1934 3857 2016 compromise.

2303 2104 2682 2176 (Autegraphe
2718 2102 2788 2158 de
2820 2104 2875 2157 18
2907 2102 3284 2172 Bibliotheque
3318 2103 3388 2156 de
3424 2102 3657 2158 Gen'eve.
3713 2103 3827 2158 MS.
3871 2103 3986 2170 196,
4033 2105 4124 2159 fel.
4160 2103 4246 2159 85.

2973 2171 3211 2226 Bulletin
3247 2171 3399 2226 XIV.
3433 2169 3579 2239 381.)

2477 2347 2537 2411 A
2595 2346 2936 2411 Mensieur
2991 2344 3332 2411 Monsieur
3389 2343 3628 2411 Oalvin
3686 2344 3984 2410 ministre
4045 2344 4124 2410 de
4183 2345 4248 2409 la

2306 2431 2528 2515 parole
2573 2430 2654 2497 de
2692 2431 2890 2498 Dieu.
3604 2498 3614 2509 ,

3678 2517 3738 2581 Δ
3785 2515 4079 2582 Geneve.
4199 2583 4236 2610 Α

2479 2689 2834 2766 Meusieur‚
2880 2688 3169 2755 Enceres
3211 2708 3337 2772 que
3381 2707 3548 2753 nous
3606 2708 3769 2754 vous
3826 2687 4248 2772 cegneissens

2307 2775 2387 2842 de
2432 2774 2588 2840 telle
2629 2775 2969 2840 humanite
3003 2795 3126 2858 que
3161 2778 3386 2840 n'avez
3421 2780 3838 2839 acceustume
3878 2773 3959 2839 de
3996 2774 4249 2841 refuser

2302 2861 2370 2927 la
2410 2861 2592 2927 main
2635 2882 2674 2927 a
2716 2860 2995 2945 quelque
3024 2880 3347 2945 personne
3378 2879 3503 2944 que
3536 2880 3610 2925 ce
3645 2858 3771 2925 seit
3799 2878 3966 2942 pour
3995 2858 4247 2926 l’avan·

2303 2953 2563 3016 oement
2606 2947 2687 3013 de
2729 2946 2933 3033 gleire
2972 2946 3058 3012 de
3079 2944 3273 3025 Dieu,
3319 2944 3654 3012 teutesfeis
3689 2946 4087 3028 craingnans
4121 2965 4248 3029 que

2303 3044 2526 3100 nostre
2570 3032 2892 3099 tardivete
2936 3054 3022 3098 eu
3065 3040 3253 3098 autre
3296 3032 3561 3115 opinion
3607 3029 3686 3096 de
3746 3051 3914 3096 neus
3968 3050 4051 3095 ne
4107 3030 4248 3097 face

2300 3117 2631 3203 preiudice
2673 3127 2715 3184 a
2756 3125 2980 3184 nostre
3013 3121 3192 3202 ,iuste
3235 3124 3554 3201 requeste,
3613 3136 3781 3182 neus
3825 3135 4029 3183 avens
4070 3115 4250 3182 dele-

2396 3214 2434 3271 6
2477 3225 2551 3271 ce
2573 3204 2737 3270 bens
2758 3224 3200 3289 persennages
3233 3223 3507 3289 presens
3541 3210 3844 3286 porteurs
3882 3223 4049 3286 pour
4087 3222 4250 3269 vous

2367 3293 2463 3358 ire
2528 3291 2846 3357 entendre
2910 3289 2989 3356 de
3045 3289 3299 3356 bouche
3362 3288 3581 3355 l’estat
3635 3296 3703 3353 et
3762 3288 4106 3354 cenduiete
4166 3288 4250 3353 de

2300 3398 2420 3443 nez
2487 3377 2767 3457 affaires,
2829 3385 2898 3441 et
2960 3396 3124 3442 vous
3189 3376 3367 3460 prier
3428 3374 3578 3459 plus
3642 3383 4102 3440 euvertement
4167 3375 4247 3440 de

2300 3462 2557 3529 donner
2599 3462 2769 3548 ayde
2825 3470 2891 3526 et
2947 3481 3210 3528 seceurs
3267 3483 3306 3527 a
3351 3466 3572 3527 nostre
3615 3461 3953 3527 necessita.
4063 3459 4248 3526 Vens

2301 3569 2458 3615 avez
2502 3570 2628 3633 peu
2671 3546 2985 3614 entendre
3028 3567 3279 3614 comme
3313 3568 3434 3632 par
3476 3568 3559 3631 cy
3598 3545 3842 3612 devant
3873 3546 3938 3610 la
3980 3543 4249 3611 rudesse

2300 3635 2415 3701 des
2459 3635 2839 3720 magistrata
2882 3656 2968 3700 en
3009 3641 3184 3700 ceste
3226 3633 3383 3700 ville
3440 3654 3480 3698 a
3537 3640 3675 3698 este
3730 3634 3787 3698 si
3830 3630 4079 3715 grande
4122 3651 4248 3714 que

2299 3721 2490 3787 eeulx
2545 3721 2658 3804 qui
2711 3720 2975 3786 aveient
3027 3720 3491 3803 cogneissance
3544 3717 3625 3783 de
3682 3718 3745 3783 la
3800 3717 4008 3782 verite
4063 3715 4248 3780 n‘ent

2506 3978 2567 4045 9)
2602 3978 2830 4032 Annum
2862 3976 3152 4032 addubitat
3195 3978 3314 4031 sine
3357 3990 3529 4031 eausa
3580 3972 4027 4042 Koa-podiwin
4067 3978 4250 4026 nonar

2301 4046 2799 4170 desidesgtissimus
2831 4047 2894 4101 in
2930 4047 3284 4128 annotatione
3316 4060 3421 4100 sua
3454 4042 3680 4100 schedae
3714 4047 3934 4097 nomae
3966 4043 4234 4108 mmm·
4129 4041 4139 4052 ‘
4237 4082 4249 4094 .

2736 4132 2774 4168 u
2878 4130 3057 4184 epm.

2302 4184 2478 4239 3716.
2504 4123 2568 4250 1))
2600 4132 2748 4240 22³3.
2784 4130 2904 4239 elgeri.
2943 4184 2988 4237 Ι.
3027 4181 3153 4236 778:
3192 4183 3352 4250 Dijon
3389 4180 3474 4235 n'a
3502 4180 3616 4233 este
3651 4178 3746 4234 des
3781 4177 4060 4231 dernieres
4094 4177 4129 4229 a
4162 4193 4251 4230 re·-

2304 4256 2487 4309 ceveir
2521 4256 2575 4309 la
2607 4254 2833 4308 lumiere
2867 4252 2937 4306 de
2954 4252 3271 4321 l'Evangile‚
3305 4249 3547 4305 cembien
3623 4265 3691 4301 ue
3725 4246 3793 4302 de
3829 4252 3952 4300 tout
3985 4251 4163 4315 temps
4195 4246 4251 4300 la

2305 4325 2428 4392 plus
2464 4322 2651 4393 grand'
2695 4323 2876 4392 partie
2910 4322 2989 4374 ait
3034 4319 3312 4374 surmonte’
3368 4319 3421 4371 la
3468 4318 3572 4371 me’
3618 4333 3763 4382 eure,
3817 4315 3887 4369 de
3939 4323 4088 4369 sorte
4144 4332 4250 4385 que

2303 4393 2531 4462 l'Eglise
2565 4392 2650 4463 n’y
2698 4409 2731 4445 a
2774 4407 2880 4459 peu
2928 4396 3073 4445 estre
3119 4390 3337 4443 dressee
3379 4403 3586 4441 comme
3637 4401 3704 4438 en
3750 4384 4020 4455 plusieurs
4064 4389 4251 4439 autres

2302 4462 2467 4516 lieux.
2554 4462 2627 4516 Ce
2680 4460 3020 4514 neantmeins
3065 4476 3198 4512 ceux
3250 4455 3511 4524 suxquels
3546 4453 3682 4508 Dieu
3734 4455 3884 4508 sveit
3933 4458 4128 4508 euvert
4170 4453 4252 4508 les

2306 4547 2448 4601 yeux
2485 4548 2544 4584 se
2579 4535 2704 4584 sent
2739 4528 3030 4583 assembles
3049 4544 3148 4598 par
3168 4527 3247 4580 les
3275 4526 3510 4578 maisons
3545 4540 3681 4591 pour
3717 4522 4018 4605 l’inveqner
4053 4527 4110 4576 et
4144 4522 4249 4576 fre-

2306 4604 2537 4669 quenter
2569 4600 2650 4653 les
2688 4598 2883 4665 eglises
2916 4596 3346 4650 circonveisines.
3417 4592 3554 4646 Mais
3599 4593 3666 4645 ils
3710 4591 3864 4646 n’ent
3909 4592 4097 4645 mmsis
4133 4591 4250 4644 este’

2305 4661 3857 4803 32¹¹32.ffi::1¹⁶0t2⁸333020132222.t2022:252³mm?
3890 4662 4071 4799 &0¹⁸
4089 4669 4251 4783 :2⁵22

2303 4799 3721 4941 {ammittis213203.¹;}22·.¹3.2⁰‘.3131¹³33033
3741 4799 3832 4921 εἱς,
3859 4799 4250 4922 (1ξηῖἑῖἓὲἳέ

2304 4944 2684 5012 cogneissanee
2719 4941 2789 4994 de
2823 4941 2877 4994 la
2907 4940 3151 5007 religion.
3235 4939 3321 4992 En
3358 4943 3515 4992 outre
3549 4955 3622 4991 un
3657 4937 3753 4991 des
3789 4937 3912 5005 plus
3959 4936 4119 4989 rudes
4155 4937 4246 4988 ad-

2304 5012 2574 5066 versaires
2608 5011 2772 5064 estoit
2818 5009 2868 5062 le
2905 5008 3079 5062 Maire
3127 5009 3368 5076 Benigne
3414 5007 3612 5061 Martin
3661 5047 3673 5058 .
3711 5046 3724 5059 .
3763 5045 3776 5057 .
3814 5005 3893 5059 Le
3937 5006 4251 5058 Parlement

2305 5081 2486 5134 refusa
2518 5080 2586 5133 de
2621 5079 2836 5148 publier
2870 5076 3020 5130 l'edit
3064 5077 3131 5130 de
3166 5078 3408 5131 Janvier.
3485 5075 3607 5130 Non
3654 5076 3876 5129 obstant
3923 5090 4013 5129 ces
4059 5073 4247 5151 choses

2305 5165 2440 5204 ceux
2474 5149 2544 5204 de
2577 5149 2632 5202 la
2666 5147 2895 5218 religion
2929 5145 3128 5200 seirent
3169 5147 3323 5200 venir
3357 5146 3500 5199 deux
3542 5144 3821 5198 ministres
3868 5160 3937 5197 en
3980 5144 4246 5196 intention

2304 5218 2372 5273 de
2409 5218 2624 5272 dresser
2669 5219 2788 5270 leur
2834 5216 3017 5286 Eglise
3068 5233 3136 5269 en
3186 5221 3343 5270 vertu
3379 5215 3475 5268 des
3525 5214 3719 5267 lettres
3764 5212 3862 5266 des
3906 5211 4110 5264 iussien
4153 5225 4244 5262 ex-

2304 5304 2519 5358 presses
2552 5287 2625 5341 du
2659 5286 2738 5341 Re
2814 5303 2883 5339 au
2918 5284 3232 5339 Parlement
3274 5301 3413 5354 pour
3458 5283 3514 5336 la
3555 5282 3886 5351 publication
3921 5280 3988 5333 de
4031 5276 4243 5331 l'Edict.

2307 5386 2369 5395 -—
2407 5354 2594 5427 Gomp.
2628 5304 2780 5409 3563
2814 5352 2969 5410 3602.
3003 5352 3155 5408 3656.
