4850 6117
270 452 385 516 453

271 659 386 718 rae,
405 640 494 723 ²⁸)
561 657 721 722 quae
778 640 847 703 in
903 637 1362 705 nonnullorum
1419 646 1790 707 nostrorum
1838 639 2198 707 Procerum

269 744 487 790 manus
532 724 825 789 authoris
872 724 1061 810 signo
1106 723 1499 809 approbatae
1541 734 1996 809 pervenerunt,
2036 746 2200 810 quae

268 814 524 877 fortasse
567 808 915 894 aliquando
968 813 1040 876 in
1105 811 1318 878 lucem
1372 821 1588 878 vestro
1640 813 1869 897 capitis
1913 811 2199 897 periculo

269 905 329 963 et
366 896 642 962 nominis
688 894 924 979 probro
964 895 1379 963 emanabant.

422 982 552 1048 Hic
589 988 674 1062 te,
720 979 1092 1063 Ottomane,
1138 990 1444 1049 excutere
1487 983 1743 1067 incipio.
1834 981 1982 1050 Scis
2025 984 2202 1049 enim

267 1089 342 1134 ex
381 1069 563 1135 cuius
620 1066 886 1133 officina
927 1068 1149 1153 'Pigris
1201 1068 1456 1153 prodiit,
1499 1068 1665 1135 liber
1719 1075 1896 1135 certe
1937 1067 2205 1153 Tigride

265 1161 541 1239 parente,
585 1152 652 1218 id
718 1161 821 1221 est
863 1155 1131 1221 homine
1173 1154 1467 1235 barbaro,
1514 1155 1789 1239 impuro,
1833 1154 2056 1237 impio,
2101 1154 2202 1218 in·

267 1248 457 1325 grato,
518 1239 861 1318 malevolo,
919 1240 1237 1308 maledico
1295 1240 1735 1342 dignissimus.
1836 1241 1939 1306 'Pu
1994 1249 2060 1305 te
2112 1240 2201 1305 is-

267 1326 385 1390 tius
455 1324 658 1391 libelli
722 1328 1062 1393 authorem
1081 1378 1097 1407 ,
1157 1348 1417 1413 genens
1471 1326 1772 1393 Francici
1878 1345 2203 1411 repugna-

266 1420 475 1490 torem,
521 1410 741 1477 caedis
793 1412 1114 1478 bonorum
1169 1412 1682 1479 machinatorem
1726 1434 1810 1478 au
1858 1433 1927 1478 es
1968 1410 2201 1477 vendi-

266 1507 394 1563 tare
414 1496 445 1560 ⁸?
536 1497 635 1562 ‘I'u
683 1496 877 1583 longe
920 1499 1135 1565 adhuc
1180 1500 1503 1565 atrociora
1545 1519 1710 1582 quae
1752 1499 1935 1564 brevi
1977 1506 2204 1583 patere

265 1583 513 1662 senties,
581 1584 650 1648 in
728 1584 1010 1668 patriam
1079 1585 1294 1650 moliri
1316 1584 1349 1647 ⁴?
1459 1585 1561 1650 'ru
1626 1605 1709 1650 ex
1773 1584 1855 1651 iis
1920 1583 2200 1669 gloriam

263 1668 423 1752 apud
482 1676 744 1736 exteros
797 1669 1151 1755 aucupari?
1256 1671 1356 1735 'ru
1410 1670 1737 1751 fratribus,
1794 1669 2197 1755 propinquis,

262 1753 552 1820 omnibus
622 1754 901 1839 denique
964 1757 1094 1821 tuis
1157 1755 1520 1839 periculum
1589 1757 1719 1838 [fol.
1795 1753 1902 1844 18]
1969 1756 2201 1839 capitis

264 1840 619 1909 arcessere?
709 1842 861 1906 Non
916 1843 1091 1908 insto
1148 1842 1381 1921 acrius,
1437 1863 1521 1908 ne
1566 1843 1635 1907 in
1681 1850 1747 1907 te
1797 1851 1999 1907 totam
2045 1862 2201 1908 con-

261 1926 625 2011 spirationis
660 1928 920 2010 culpam
959 1929 1253 1995 conferre
1296 1927 1539 2007 videar,
1576 1949 1768 2012 quem
1811 1929 1943 1994 scio
1979 1928 2201 1993 Gene-

267 2013 558 2079 vensium
618 2015 1147 2079 concionatorum
1203 2013 1445 2080 aculeis
1509 2013 1590 2078 ad
1649 2014 1934 2079 furorem
1999 2013 2201 2080 fuisse

260 2099 675 2166 stimulatum.
781 2098 1077 2182 Sequuta
1135 2108 1236 2165 est
1279 2098 1514 2165 deinde
1555 2100 1822 2182 inopina
1864 2099 2199 2165 Francisci

262 2185 801 2251 christianissimi
881 2205 1059 2251 mors
1083 2236 1098 2265 ,
1129 2184 1219 2268 ²⁴)
1284 2205 1449 2268 quae
1524 2192 1784 2250 tantum
1849 2185 2201 2250 coniuratis

263 2270 490 2356 gaudii,
552 2279 875 2354 quantum
936 2282 1002 2336 et
1057 2271 1242 2337 bonis
1297 2271 1553 2337 civibus
1597 2272 1906 2337 moeroris
1949 2271 2201 2336 attulit:

264 2364 509 2422 tantum
552 2377 752 2440 porro
797 2357 1000 2424 studii
1047 2358 1399 2440 animique,
1459 2364 1778 2440 quantum
1824 2356 1965 2421 vita
2007 2355 2201 2439 paulo

261 2450 400 2508 ante
452 2442 785 2510 facultatis
844 2444 1212 2526 viriumque
1267 2441 1657 2509 detraxerat.
1729 2442 1823 2507 Et
1877 2463 2037 2507 sane
2080 2443 2197 2507 vix

264 2538 476 2595 sextus
524 2537 643 2595 aut
686 2530 1002 2613 septimus
1045 2529 1291 2595 mensis
1346 2528 1429 2593 ab
1470 2529 1693 2611 optimi
1742 2528 1947 2613 Regis
1989 2536 2200 2593 morte

261 2614 726 2695 intercesserat,
773 2635 919 2680 oum
956 2615 1135 2681 Beza
1169 2615 1527 2700 gloriosum
1570 2614 1652 2679 ab
1686 2612 1885 2679 exilio
1928 2613 1995 2679 in
2036 2612 2198 2680 Gal-

259 2699 403 2766 liam
441 2699 733 2767 reditum
770 2699 1141 2780 meditatur,
1162 2703 1254 2775 2¹⁵)
1298 2709 1364 2766 et
1405 2700 1732 2765 infinitam
1780 2699 2195 2766 factiosorum

261 2807 516 2852 manum
554 2795 911 2872 comparat,
956 2788 1144 2854 cuius
1178 2785 1573 2852 adminiculo
1608 2786 1691 2851 ad
1714 2787 1965 2870 quietas
2000 2785 2197 2850 huius

259 2871 460 2958 Regni
507 2873 696 2940 sedes
740 2872 1068 2940 vexandas
1112 2873 1504 2938 connitatur.
1589 2872 1820 2955 Itaque
1865 2892 2015 2939 cum
2059 2872 2196 2954 pri-

259 2978 426 3023 mum
494 2967 571 3024 tu
641 2958 965 3025 sedandae
1031 2958 1420 3035 discordiae,
1490 2964 1560 3023 et
1621 2964 1702 3022 ut
1765 2956 2193 3042 pollicebaris,

259 3042 580 3112 Ecclesiae
637 3045 1079 3113 conciliandae
1136 3044 1380 3111 arbiter
1437 3042 1724 3110 adscitus
1768 3044 2193 3128 Poyssiacum

260 3130 578 3214 appulisti,
638 3131 1043 3198 simultatum
1102 3131 1440 3208 scintillae,
1510 3150 1673 3213 quae
1731 3137 1927 3195 antea
1983 3128 2196 3195 levius

259 3215 654 3297 fovebantur,
712 3225 826 3282 tuo
870 3218 1101 3300 spiritu
1148 3218 1488 3294 excitatae,
1546 3216 1628 3281 ad
1673 3214 2192 3282 funestissimum

257 3301 622 3369 incendium
686 3310 1092 3369 exarserunt.
1187 3302 1358 3369 Oum
1405 3324 1488 3368 ue
1547 3310 1920 3367 nostrorum
1980 3301 2195 3367 'Pheo-

260 3386 541 3537 logorum
568 3397 635 3455 et
657 3389 1129 3473 Episcoporum
1154 3389 1517 3455 rationibus
1547 3389 1752 3453 obniti
1785 3407 2194 3472 nequaquam

260 3495 335 3539 va
358 3495 519 3554 eres,
583 3483 802 3539 tamen
847 3475 1287 3559 pertinaciter,
1344 3483 1421 3540 ut
1478 3482 1631 3540 tuae
1685 3474 1940 3539 farinae
1984 3473 2196 3539 homi-

261 3580 408 3625 num
451 3568 693 3627 natura
735 3561 1043 3644 pervicax
1090 3581 1230 3627 esse
1289 3561 1644 3639 consuevit,
1703 3561 1771 3624 in
1815 3559 2193 3644 opinionum

259 3645 615 3713 inveterata
678 3647 1001 3729 pravitate
1066 3647 1447 3730 perstitisti:
1530 3646 1953 3730 aequissimas
2018 3645 2195 3729 pacis

259 3731 651 3798 conditiones
694 3731 1083 3816 repudiasti:
1140 3734 1297 3816 quin
1340 3732 1538 3799 etiam
1582 3731 1754 3816 quod
1798 3734 1873 3797 in
1914 3731 2194 3797 ornatis-

260 3818 409 3882 simo
461 3818 762 3902 Reginae
826 3820 1075 3898 matris,
1143 3819 1348 3904 Regis
1401 3818 1741 3884 Navarrae
1804 3816 2192 3884 clarissimo-

260 3923 519 3989 rumque
577 3904 937 3970 Procerum
989 3915 1193 3982 coetu,
1254 3904 1576 3970 machinis
1635 3919 2191 3988 argumentorum,

261 4008 413 4071 quae
454 3989 941 4057 illustrissimus
983 3990 1284 4074 idemque
1325 3989 1961 4075 intelligentissimus
1994 3988 2193 4054 Prin-

261 4094 399 4158 ceps
441 4086 507 4141 et
548 4075 911 4145 cardinalis
946 4077 1349 4161 Lotaringus
1392 4076 1464 4140 in
1509 4085 1574 4142 te
1617 4082 2036 4153 contorserat,
2083 4073 2193 4138 de-

260 4159 451 4227 iectus
493 4163 889 4242 concessisti,
935 4174 1193 4244 postero
1236 4161 1341 4227 die
1385 4162 1832 4228 inconstanter
1873 4169 1941 4226 et
2003 4160 2192 4224 mali·

261 4246 412 4312 tiose
455 4250 805 4314 revocasti:
868 4270 953 4314 ex
996 4269 1123 4330 quo
1181 4259 1402 4314 coetus
1459 4247 1570 4313 ille
1626 4246 2192 4329 frequentissimus

261 4351 327 4396 re
366 4334 607 4399 infecta
651 4333 959 4399 dimissus
1004 4345 1121 4413 est,
1168 4356 1252 4400 ex
1283 4336 1468 4400 cuius
1512 4333 1939 4400 consensione
1960 4352 2191 4415 perpe-

263 4425 429 4484 tuam
475 4421 545 4485 in
591 4414 886 4486 Ecclesia
941 4418 1370 4498 concordiam,
1430 4428 1495 4485 et
1534 4419 1768 4504 Regno
1819 4417 2190 4501 tranquilli·

262 4513 447 4569 tatem
494 4504 800 4589 deinceps
843 4506 979 4571 fore
1023 4506 1460 4589 sperabamus.
1549 4506 1648 4571 'Pu
1692 4524 1872 4584 vere,
1917 4504 2027 4586 qui
2070 4523 2191 4587 pu-

261 4587 479 4656 blicam
527 4591 853 4670 veniendi,
910 4604 979 4656 at
1022 4614 1152 4657 non
1197 4590 1581 4658 remanendi
1624 4589 1855 4675 gratia,
1912 4587 2106 4655 fidem
2153 4608 2193 4651 a

261 4672 430 4760 Rege
488 4697 848 4759 acceperas,
914 4678 1336 4743 nihilominus
1394 4676 1736 4744 dulcedine
1780 4674 1902 4742 soli
1950 4674 2191 4741 Gallici

259 4758 519 4839 illectus,
567 4764 670 4827 vel
717 4764 915 4828 otiam
971 4764 1345 4830 ambitionis
1400 4762 1782 4846 impotentia
1826 4770 2006 4827 totus
2051 4780 2190 4827 aes·

421 5036 515 5120 23)
557 5037 711 5106 Erqo
752 5043 881 5092 tunc
925 5040 1039 5091 iam
1085 5050 1328 5106 sparsae.
1400 5036 1496 5090 Ec·
1531 5039 1604 5092 iis
1639 5044 1879 5093 autorem
1917 5040 2194 5104 sequentia

265 5112 735 5242 ηαρῖἑῗῆῗκὲ
765 5175 896 5230 Dec.
933 5174 1084 5229 1560.
1445 5244 1454 5255 ι
1614 5244 1627 5256 ⁶
1832 5244 1842 5256 ·
2075 5244 2110 5256 ..

421 5243 517 5308 25)
555 5243 757 5299 Butam
804 5259 917 5299 non
952 5249 1139 5311 sponte
1174 5242 1269 5298 sed
1299 5241 1568 5297 adsensum
1599 5259 1662 5297 tn
1690 5241 1930 5297 Gallum
1962 5242 2193 5298 reduces

266 5309 927 5437 &falaigtfflmatca
962 5311 1308 5368 Admiralius
1349 5317 1399 5365 ct
1437 5311 1775 5366 Parmensis
1816 5311 2036 5367 ecclesia
2072 5327 2192 5368 eum

2068 452 2229 517 1562
2272 451 2456 520 IUN.

4118 458 4249 527 454

2299 648 2513 720 tuans,
2559 645 2690 708 tete
2744 648 3090 709 ostentare.
3158 645 3280 725 Tu,
3324 664 3472 711 cum
3517 645 3903 731 amplissimi
3935 644 4245 732 Episcopi

2299 726 2542 810 singuli
2600 726 2684 793 ad
2748 748 2902 795 suas
2955 728 3277 797 dioeceses
3341 730 3715 814 rediissent,
3779 731 3962 799 solus
4025 733 4245 799 aulam

2300 833 2637 897 occupare,
2695 814 2765 879 in
2825 835 2903 880 ea
2945 814 3295 894 dominari,
3329 818 3661 901 virusque,
3716 816 3889 902 quod
3938 818 4068 884 iam
4129 817 4247 885 diu

2299 906 2562 982 pectore
2615 898 3011 980 continebas,
3068 921 3181 967 ore
3230 902 3477 969 furioso
3529 923 3831 970 evomere
3883 905 4253 989 perrexisti.

2301 982 2480 1065 Quid
2540 983 2772 1051 deinde
2826 988 3055 1069 egeris,
3113 996 3229 1053 aut
3284 987 3438 1072 quid
3496 988 3749 1055 consilii
3806 991 4072 1074 ceperis,
4130 997 4249 1057 aut

2301 1090 2497 1154 quam
2540 1071 2898 1137 insolenter
2949 1080 3017 1138 et
3067 1072 3382 1140 iracunde
3426 1082 3492 1139 te
3548 1075 3847 1160 gesseris,
3905 1075 4245 1161 sigillatim

2302 1175 2716 1239 exponerem,
2775 1158 2899 1223 nisi
2957 1160 3337 1226 memoriam
3393 1160 3670 1227 istorum
3723 1162 4086 1227 facinorum
4139 1181 4244 1226 re-

2302 1250 2557 1308 centem
2600 1243 2816 1310 adhuc
2858 1232 3249 1311 Parisiensis
3290 1246 3571 1329 populus
3612 1254 3892 1313 teneret:
3994 1267 4145 1312 uem
4188 1247 4243 1311 si

2302 1326 2425 1393 hoc
2467 1327 2604 1393 loco
2650 1335 2882 1395 testem
2925 1330 3339 1413 appellavero
3387 1339 3495 1408 (ut
3536 1331 3617 1397 de
3663 1333 3934 1400 caeteris
4023 1333 4245 1399 uiusce

2302 1413 2522 1497 Regni
2566 1412 2836 1495 civibus,
2877 1434 3040 1499 quos
3083 1414 3256 1482 idem
3291 1438 3448 1502 prae
3490 1438 3561 1484 se
3605 1419 3776 1484 ferre
3816 1438 3951 1485 non
3994 1427 4096 1485 est
4128 1416 4245 1484 du·

2300 1499 2504 1581 bium,
2548 1501 2825 1585 taceam)
2871 1521 2941 1567 se
2986 1503 3289 1585 graviora
3324 1503 3545 1571 decem
3592 1504 3927 1571 mensibus
3970 1504 4245 1570 authore

2301 1586 2480 1651 Beza
2541 1586 2890 1670 pertulisse
2954 1598 3461 1670 conquerentur:
3539 1611 3737 1673 quam
3803 1591 3957 1656 totis
4024 1589 4244 1656 decem

2302 1671 2512 1753 annis,
2614 1672 2808 1740 uibus
2865 1672 3144 1740 assiduis
3202 1674 3517 1740 bellorum
3575 1674 3839 1761 ignibus
3894 1676 4248 1742 universus

2304 1754 2445 1843 [fol.
2489 1692 2611 1844 193
2642 1759 2818 1825 orbis
2852 1761 3298 1845 conflagravit.
3371 1761 3510 1827 Nec
3551 1768 3810 1827 tantum
3846 1759 3928 1827 de
3971 1761 4249 1845 privatis

2301 1843 2730 1909 incommodis
2772 1865 2888 1911 con
2935 1854 3217 1925 uei-etur,
3273 1844 3386 1912 sed
3429 1845 3637 1930 Regis
3689 1848 3791 1913 sui
3835 1847 4244 1913 maiestatem

2301 1928 2504 1994 fuisse
2525 1929 2859 2010 violatam,
2989 1939 3214 1997 natum
3251 1932 3828 2016 circumscriptum,
3874 1932 4053 2017 leges
4087 1952 4246 1999 con-

2302 2022 2588 2098 temptas
2664 2014 2889 2081 eodem
2955 2015 3117 2083 duce
3194 2038 3269 2084 ac
3344 2017 3674 2083 hortatore
3751 2016 4245 2085 demonstrabit.

2301 2100 2660 2168 Francicae
2682 2102 2869 2185 Reip.
2896 2110 3212 2186 perpetua
3246 2103 3659 2183 consuetudo,
3704 2111 3774 2169 et
3806 2104 4049 2171 civium
4092 2125 4247 2171 con·

2301 2206 2533 2252 sensus
2589 2187 2913 2271 Reginam
2972 2197 3247 2253 matrem
3314 2208 3465 2254 oum
3517 2189 3703 2274 Rege
3759 2189 4097 2255 Navarrae
4160 2189 4244 2255 ad

2301 2272 2403 2337 Re
2453 2274 2517 2338 ni
2542 2273 3088 2357 procurationem,
3128 2282 3195 2338 et
3216 2274 3398 2357 quasi
3434 2273 3520 2340 ad
3540 2274 3747 2359 Regis
3782 2275 3804 2340 i
3852 2274 4008 2354 sius,
4040 2273 4246 2341 donec

2301 2293 2710 2439 adoqevisset,
2776 2359 3136 2443 legitimam
3204 2361 3481 2425 tutelam
3544 2360 3814 2426 admitte
3858 2374 4003 2428 ant:
4069 2360 4248 2426 Besa

2298 2464 2415 2526 per
2482 2464 2636 2510 suos
2698 2453 3157 2529 procuratores
3228 2446 3576 2528 postremis
3639 2447 4067 2513 conventibus
4132 2447 4245 2530 qui

2300 2529 2609 2595 Lutetiae
2654 2529 2864 2597 habiti
2907 2539 3079 2608 sunt,
3126 2531 3453 2616 Reginam
3496 2531 3760 2616 penitus
3803 2531 4129 2598 eiiciebat:
4151 2532 4244 2614 ²⁶)

2299 2615 2471 2701 Regi
2516 2615 2852 2682 Navarrae
2909 2618 3178 2683 comites
3235 2616 3767 2700 consiliariosque
3784 2619 3876 2698 ²⁷)
3932 2618 4247 2702 adiunge-

2301 2701 2440 2766 bat:
2489 2702 2670 2784 quasi
2707 2702 2853 2767 Rex
2900 2703 3421 2787 sapientissimus
3464 2704 3605 2769 sine
3647 2702 3781 2769 illis
3824 2724 4052 2787 gerere
4090 2723 4247 2788 pro·

2298 2787 2706 2853 curationem
2762 2787 2980 2854 minus
3032 2789 3328 2854 consulto
3383 2809 3570 2872 posse
3612 2789 3960 2855 videretur.
4035 2788 4244 2855 Sena-

2300 2880 2408 2939 tus
2452 2873 2769 2958 consulto,
2817 2873 2986 2958 quod
3031 2882 3175 2941 erat
3208 2894 3433 2941 mense
3467 2873 3636 2939 Iulio
3674 2874 4041 2941 incredibili
4077 2875 4245 2941 Pro-

2299 2979 2522 3025 cerum
2567 2966 2635 3025 et
2677 2957 2963 3027 Senatus
3017 2980 3337 3026 consensu
3395 2961 3767 3038 conflatum,
3788 2962 3879 3036 ²⁸)
3920 2961 4097 3027 Beza
4138 2959 4245 3025 lu-

2300 3044 2457 3110 dum
2514 3045 2587 3109 in
2642 3044 2863 3111 Gallia
2921 3047 3174 3130 aperire
3237 3045 3638 3130 prohibetur.
3736 3046 3887 3130 Ipse
3950 3068 4085 3112 non
4148 3047 4245 3111 ita

2299 3130 2508 3197 multo
2530 3138 2681 3215 post
2719 3132 2788 3196 in
2810 3131 2980 3212 aula,
3027 3140 3167 3197 tum
3205 3133 3426 3198 statim
3466 3132 3536 3198 in
3580 3131 3848 3199 civitate
3868 3131 4243 3199 Bacchanal

2297 3217 2620 3297 licentiae,
2645 3216 2907 3299 fastidii,
2933 3217 3390 3302 despicient-‚iae
3422 3219 3728 3284 instituit.
3779 3218 3989 3303 Regio
4010 3217 4242 3299 edicto,

2297 3324 2461 3369 usus
2494 3323 2825 3369 armorum
2860 3305 3161 3370 omnibus
3194 3302 3643 3371 interdicitur:
3680 3304 3857 3370 Beza
3889 3325 3961 3370 se
3994 3312 4064 3370 et
4090 3325 4245 3372 suos

2298 3388 2511 3455 edicto
2554 3389 2802 3456 solutos
2846 3390 3225 3469 arbitratur,
3279 3391 3673 3474 praetoriam
3727 3390 3853 3457 sibi
3909 3390 4243 3457 cohortem

2297 3474 2585 3554 arcessit,
2644 3475 2827 3541 cuius
2880 3475 3201 3560 praesidio
3252 3497 3517 3541 suorum
3572 3475 3911 3542 audaciam
3967 3478 4242 3553 muniat,

2297 3563 2527 3627 urbem
2593 3565 2856 3640 terreat,
2921 3571 2988 3627 et
3044 3582 3116 3627 se
3172 3561 3490 3627 adversus
3555 3561 3777 3646 legum
3834 3569 3903 3626 et
3954 3560 4241 3628 Senatus

2297 3646 2762 3712 authoritatem
2818 3648 2888 3712 vi
2946 3648 3271 3730 armisque
3324 3653 3608 3713 tueatur.
3690 3647 3991 3713 Alterum
4036 3648 4241 3731 Regis

2295 3731 2584 3799 edictum
2613 3736 2701 3812 ²⁸)
2748 3732 2827 3798 ad
2885 3731 3412 3799 intercludendas
3468 3731 3859 3799 seditionum
3907 3733 4047 3798 vias
4088 3752 4241 3815 pro-

2294 3819 2662 3919 mulgatur:
2731 3818 2832 3883 Ne
2897 3819 3043 3902 quis
3109 3818 3307 3919 alium
3365 3818 3467 3884 vel
3526 3819 3729 3918 verbo
3791 3818 4096 3919 lacessat,
4156 3838 4241 3884 ne

2293 3905 2831 4056 32:¹32&
2834 3905 3371 4056 ⁰⁶1¹?vimfi'33.r¹‹¹1¹?
3373 3902 4209 4073 'zzffzpffffiffidafflssffl
4211 3925 4241 4067 ἰ

2295 4077 2617 4161 imagines
2660 4074 2901 4156 deiicit,
2956 4086 3025 4140 et
3068 4075 3240 4160 qnod
3283 4074 3655 4140 meminisse
3712 4075 3951 4152 horret,
3997 4075 4240 4158 pretio-

2295 4162 2622 4227 sissimum
2670 4161 2922 4228 Christi
2965 4183 3040 4227 co
3122 4182 3200 4226 us
3257 4159 3713 4243 impurissimis
3768 4158 4039 4243 pedibus
4083 4180 4239 4227 con-

2295 4249 2481 4312 terit:
2544 4246 2817 4333 plebem,
2864 4268 3030 4331 quae
3118 4267 3196 4313 oc
3237 4246 3436 4329 impie
3477 4246 3719 4311 factum
3759 4245 3961 4330 luget,
4007 4247 4239 4313 crude·

2293 4333 2542 4399 lissime
2586 4355 2627 4398 a
2681 4335 2817 4399 suis
2874 4333 3131 4398 lanistis
3190 4333 3482 4410 sauciari,
3543 4331 3897 4397 sauciatam
3957 4334 4031 4398 in
4089 4334 4238 4398 vin-

2293 4419 2442 4485 cula
2483 4428 2551 4484 et
2593 4440 2917 4487 carcerem
2963 4419 3102 4502 rapi
3146 4417 3341 4484 iubet.

2466 4505 2654 4587 Quae
2697 4527 2846 4572 cum
2890 4506 2986 4570 ita
3028 4504 3178 4583 sint,
3223 4502 3423 4569 audet
3463 4500 3668 4566 nihilo
3702 4503 3923 4569 minus
3966 4525 4038 4570 se
4064 4504 4237 4591 Regi

2293 4590 2758 4674 obsequentem
2825 4589 3230 4675 praedicare,
3297 4589 3404 4671 qui
3472 4587 3683 4671 Regia
3744 4590 4057 4656 mandata
4119 4612 4239 4675 pro

2462 4827 2559 4894 26)
2594 4827 3009 4884 absurdissima
3041 4827 3333 4907 accusatio.
3360 4896 3369 4906 υ
3406 4825 3554 4881 Sanc
3590 4826 3839 4897 Παρίοισι
3871 4832 4145 4886 autoritas
4178 4845 4241 4887 eo

2292 4904 2530 4965 tempore
2580 4897 2905 4952 Novar-reni
2944 4899 3221 4964 potentiae
3288 4895 3349 4950 al
3523 4965 3535 4978 ·
3566 4911 3634 4950 uc
3696 4896 3882 4978 cedor-c
3937 4899 4241 4979 videbatur.

2298 4967 2404 5021 Sed
2438 4967 2538 5021 hoc
2581 4982 2694 5021 non
2727 4964 2916 5018 Besae
2950 4964 3253 5019 debebatur.
3307 4966 3329 5031 (
3394 4979 3474 5018 eu·
3510 4980 3689 5033 apuam
3723 4971 3885 5021 erm
3919 4967 4242 5037 Lanquetus

2290 5031 3088 5171 ‘'adi‘ffpffagkrdzlilissgo')

2294 5168 3419 5312 quffgivssi‘w‘fhgfflf‘lzmffiiaaass
3450 5168 3511 5293 1⁰
3528 5237 3650 5294 429.
3699 5172 3744 5227 L
3780 5171 3865 5224 θ’
3914 5172 3980 5225 IL
4026 5169 4128 5223 ³⁹⁶
4164 5185 4255 5225 '⁸'

2464 5309 2559 5377 29)
2598 5309 2681 5365 18.
2728 5308 2841 5364 Oct.
2880 5256 3028 5363 1515.
3104 5304 3271 5364 Μέυι.
3304 5308 3371 5362 dc
3411 5307 3595 5364 Condi
3628 5308 3697 5362 Π.
3734 5306 3853 5362 520.

2462 5378 2557 5447 30)
2599 5379 2673 5434 Ν.
2710 5375 2866 5433 3677.
3717 5458 3830 5512 29.
