4850 6117
281 333 406 395 465

454 516 526 585 S.
574 517 879 585 Arbitror
940 539 1120 586 meas
1183 516 1427 600 literas,
1460 519 1510 603 ¹)
1573 537 1734 602 quas
1787 518 1870 585 ad
1946 526 2012 585 te
2067 517 2223 585 misi

281 606 583 688 proxima
636 602 1055 683 hebdomade,
1112 602 1399 671 redditas
1452 606 1670 671 fuisse.
1756 605 1905 671 Etsi
1965 605 2223 671 animus

282 692 371 758 sit
414 712 536 757 vos
575 689 760 756 brevi
823 689 1174 771 revisendi,
1232 710 1363 757 non
1419 691 1726 758 constitui
1781 706 2003 757 tamen
2068 699 2225 757 ante

283 763 443 843 hinc
508 774 868 854 discedere„
940 797 1136 861 quam
1213 798 1253 842 a
1314 777 1497 844 vobis
1558 776 1783 843 literas
1848 778 2226 860 acceperim.

282 863 554 929 Literae
594 860 727 928 huc
766 861 1005 928 allatae
1044 871 1203 928 sunt
1243 883 1327 927 ex
1371 862 1539 942 aula,
1593 862 1831 946 quibus
1871 863 2226 928 nunciatus

286 956 393 1014 est
423 967 809 1031 congressus
853 957 1225 1014 nostrarum
1283 949 1619 1032 copiarum
1668 969 1823 1015 cum
1865 949 2224 1026 Guisianis,

285 1035 356 1100 in
381 1055 520 1118 quo
542 1033 852 1101 Guisiani
885 1035 1013 1100 fusi
1055 1042 1123 1099 et
1161 1035 1232 1100 fu
1316 1035 1370 1098 ti
1410 1043 1784 1114 narrantur,
1829 1041 1900 1100 et
1921 1032 2229 1101 Sandan-

285 1121 480 1186 dmae
534 1126 801 1204 accepto
861 1119 1089 1186 lethali
1273 1140 1428 1186 nere
1480 1119 1678 1205 paulo
1731 1127 1878 1203 post
1934 1127 2230 1186 mortuus

285 1214 354 1272 et
399 1204 757 1271 Danuilius
939 1205 1115 1272 viter
1178 1205 1559 1272 vulneratus
1622 1212 1690 1271 et
1753 1215 2002 1289 captus,
2061 1204 2229 1272 Gui—

285 1291 428 1358 sius
495 1311 649 1358 vero
721 1291 800 1355 iti
844 1311 950 1357 em
1013 1291 1395 1359 vulneratus
1416 1343 1433 1371 ‚
1505 1313 1636 1358 non
1715 1299 1935 1357 autem
2002 1298 2233 1376 captus

287 1386 359 1442 et
401 1386 594 1477 rapta
650 1398 691 1443 a
743 1377 988 1444 nostris
1043 1378 1265 1471 omnia
1320 1384 1647 1443 tormenta
1701 1376 1935 1444 bellica
1973 1375 2233 1443 hostilis

287 1472 636 1530 exercitus.
666 1468 725 1541 ²)
810 1462 950 1531 Sed
1002 1464 1155 1548 quia
1209 1463 1370 1530 haec
1424 1484 1580 1529 vera
1632 1483 1774 1529 esse
1816 1470 1969 1549 opto
2012 1463 2233 1546 potius

287 1569 493 1633 quam
535 1547 748 1630 credo,
792 1548 962 1614 nihil
1004 1548 1212 1615 audeo
1250 1568 1556 1629 asserere,
1601 1546 1807 1615 donec
1850 1549 2235 1616 certioribus

287 1633 550 1701 nunciis
590 1633 752 1702 haec
816 1634 1004 1701 nobis
1065 1641 1309 1701 testata
1370 1636 1548 1700 fiant.
1641 1633 1958 1701 Audimus
2000 1635 2235 1700 Matis-

287 1739 606 1786 conenses
624 1724 682 1796 ⁸)
723 1720 1002 1787 viriliter
1055 1720 1227 1786 hosti
1292 1721 1609 1787 restitisse
1664 1728 1732 1786 et
1785 1719 2016 1786 urbem
2070 1719 2235 1785 obsi·

288 1805 487 1871 dione
550 1806 909 1872 liberatam.
998 1806 1147 1873 Hoc
1203 1807 1525 1890 posterius
1579 1827 1776 1891 quam
1833 1815 2086 1873 certum
2129 1805 2235 1886 sit,

285 1912 426 1957 non
492 1900 595 1957 sat
648 1892 798 1960 scio.
902 1892 1122 1958 Nostri
1193 1893 1312 1958 etsi
1369 1891 1623 1958 tardius
1695 1913 1884 1976 opem
1942 1892 2240 1958 tulerunt

293 1979 672 2057 Auricanis,
708 1979 965 2045 hostem
1001 1987 1223 2044 tamen
1258 1999 1376 2045 suo
1411 1978 1698 2044 adventu
1733 1979 1962 2063 procul
2005 1978 2238 2062 abege-

292 2074 460 2128 runt
501 2073 568 2130 et
626 2065 1079 2150 profligarunt.
1165 2064 1356 2130 Missi
1413 2073 1570 2129 sunt
1632 2064 1744 2129 alii
1779 2064 1864 2129 ad
1907 2062 2242 2148 Mauyero-

293 2169 453 2229 nem,
472 2152 534 2223 ⁴)
577 2150 690 2234 qui
728 2149 970 2218 dicitur
1011 2149 1533 2233 Gratianopolim
1576 2170 1941 2234 occupasse.
2010 2148 2242 2215 Domi·

291 2254 425 2301 nus
463 2236 642 2303 brevi
686 2236 790 2304 his
833 2235 1047 2302 turbis
1089 2245 1158 2302 et
1192 2236 1674 2319 tempestalitus
1712 2237 1915 2301 finem
1948 2237 2244 2319 imponat

294 2329 366 2386 et
398 2342 558 2388 suae
592 2322 900 2389 ecclesiae
931 2323 1335 2387 misereatur.
1402 2321 1605 2388 Hunc
1648 2321 2062 2388 tabellarium
2102 2343 2242 2388 me-

295 2406 520 2473 dicum
587 2414 656 2474 et
718 2409 850 2474 mei
925 2408 1202 2491 hospitis
1266 2407 1820 2491 consanguineum
1882 2407 2003 2473 tibi
2068 2426 2239 2473 com-

292 2493 554 2560 mendo.
619 2494 905 2560 Multam
945 2493 1221 2559 salutem
1246 2492 1390 2560 dico
1421 2493 1689 2579 collegis
1722 2501 1789 2559 et
1831 2495 2056 2560 amicis
2101 2514 2239 2559 om-

293 2578 510 2644 nibus.
597 2580 784 2645 Vale.
871 2578 1193 2664 Lugduni
1206 2580 1265 2659 ὅ)
1310 2583 1410 2644 20.
1456 2579 1636 2645 Iunii
1685 2584 1865 2644 1562.

1275 2717 1456 2784 Tuus
1499 2718 1741 2783 Petrus
1785 2716 2068 2783 Viretus.

293 2956 489 3020 3809,
507 2957 559 3020 1)
595 2955 687 3011 De
717 2957 804 3013 liis
838 2953 974 3039 Req.
1011 2957 1089 3011 du
1128 2957 1341 3013 Gomil
1375 2956 1457 3013 18.
1492 2957 1626 3012 Jun.
1813 2994 1822 3003 .

500 3024 562 3095 2)
596 3024 756 3082 Haec
787 3041 974 3081 omma
1004 3026 1169 3091 falsa.
1247 3025 1361 3081 Gal.
1395 3026 1525 3082 Ian.
1559 3027 1825 3081 exercitu
1857 3025 2243 3081 catholicorum

291 3094 527 3151 duc-bas
575 3094 913 3151 Navarreno
926 3138 941 3163 ‚
999 3093 1370 3150 Oommabflc‘
1385 3136 1398 3161 ,
1462 3094 1661 3150 Guisio
1712 3100 1761 3149 et
1815 3093 2243 3150 Saatoeidreano

292 3164 520 3219 Μὴ
563 3163 640 3219 ad
677 3163 988 3234 Moutlhdry
1027 3167 1309 3233 processit.
1389 3163 1646 3222 Ara-arra
1684 3162 1902 3233 Reqina
1947 3167 2000 3218 a*
2043 3162 2241 3219 ducum

289 3232 460 3357 Q
506 3236 1004 3358 Wisoocg‘nm
1043 3304 1107 3357 in
1116 3232 1908 3357 mfflgaggffimssnedg
1938 3247 2242 3356 ‘malig-

292 3370 609 3442 Mantua-y
652 3377 704 3426 et
735 3371 1038 3426 Aureliam.
1111 3370 1354 3427 Frustra
1394 3370 1585 3437 fundit
1629 3371 1921 3440 lacrymas,
1949 3369 2096 3424 mm
2124 3370 2242 3438 effi-

287 3442 378 3495 cit.
452 3438 717 3499 Catholici
818 3440 1187 3511 egredimur,
1221 3455 1396 3496 novae
1426 3441 1570 3506 fiant
1602 3440 1875 3521 induciae,
1908 3440 2104 3494 iterum
2136 3439 2241 3494 col·

289 3508 591 3579 loquantur
638 3509 703 3564 in
932 3524 998 3565 en
1112 3512 1231 3565 sim
1263 3512 1465 3579 effecw,
1502 3509 1557 3564 d.
1590 3508 1674 3563 27.
1710 3509 1886 3563 Iunia.
1973 3506 2138 3564 Mem.
2173 3506 2243 3561 de

289 3577 480 3697 100πάεὲ61
519 3577 614 3631 ΠΙ.
647 3576 767 3632 481.
810 3577 847 3632 4
966 3524 1085 3633 bg.
1152 3578 1303 3635 Hast.
1338 3578 1458 3635 eccl.
1493 3579 1560 3634 11.
1599 3577 1683 3632 76.
1719 3577 1803 3633 92.
1842 3577 1910 3632 de
2066 3593 2104 3630 a
2138 3575 2236 3631 m.

430 3662 501 3701 ss.

498 3714 557 3781 3)
589 3715 732 3773 Ceux
767 3717 836 3770 de
872 3717 1093 3771 Mascon
1127 3733 1194 3771 en
1230 3716 1395 3771 firent
1439 3722 1631 3771 autent
1666 3732 1772 3787 que
1808 3733 1942 3770 ceux
1978 3717 2047 3770 de
2064 3717 2236 3785 Lyon,

291 3783 343 3835 le
377 3782 416 3835 3
459 3799 586 3855 may
631 3792 689 3838 et
727 3801 862 3839 ceux
917 3785 987 3839 de
1036 3787 1240 3841 Chilon
1283 3788 1793 3840 consecutivement.
1865 3786 2014 3840 Ceux
2057 3786 2126 3839 de
2159 3784 2235 3839 Μ.

292 3852 591 3906 abattirent
624 3855 771 3908 aussi
805 3855 885 3908 les
918 3855 1124 3924 images
1158 3894 1171 3907 .
1213 3895 1225 3908 .
1268 3891 1279 3904 .
1316 3896 1329 3909 .
1366 3856 1651 3909 Tavannes
1688 3855 1782 3921 (N.
1821 3853 1960 3909 3802
1995 3864 2108 3911 not.
2149 3853 2239 3923 11)

289 3936 350 3973 se
396 3926 654 3989 presenta
699 3924 902 3976 devant
936 3923 1152 3978 Mascon
1201 3924 1254 3977 le
1287 3923 1323 3977 3
1359 3925 1495 3993 juin.
1561 3923 1701 3977 Mais
1736 3941 1872 3979 ceux
1908 3925 1974 3977 de
2010 3923 2164 3994 Lyon
2200 3943 2235 3992 y

291 3997 630 4059 envoy-erent
683 3992 735 4045 le
782 3992 1053 4059 capitaine
1105 3992 1412 4062 Entragues
1474 4009 1606 4047 avec
1661 3991 1764 4047 100
1954 3993 2236 4047 ebouziers

293 4066 400 4181 :gd
401 4060 680 4181 (11111911ςὲἓέ
696 4058 875 4189 pff?
928 4060 995 4114 de
1051 4077 1344 4130 campagus
1398 4064 1492 4130 qui
1535 4065 1587 4116 le
1636 4067 2020 4130 repousscrent
2056 4060 2232 4125 (Hist-

495 4194 556 4261 4)
593 4195 721 4250 Mau
842 4216 879 4250 n
925 4207 1082 4251 entra
1125 4200 1157 4251 a
1192 4199 1464 4253 Grenoble
1512 4201 1562 4252 le
1615 4199 1694 4252 14.
1733 4200 1861 4267 ‘nin,
1896 4200 1994 4253 des
2031 4202 2235 4254 Adrets

292 4263 344 4317 le
377 4266 554 4334 reprit
587 4266 638 4319 le
671 4264 706 4318 2
743 4305 759 4321 .
833 4266 1006 4332 (Hm.
1041 4268 1162 4321 eccl.
1197 4268 1296 4322 111.
1332 4266 1452 4322 267.
1507 4269 1593 4322 Ar
1781 4267 1823 4321 L
1858 4268 2005 4337 131.)

493 4332 551 4399 5)
591 4333 846 4401 Μέηανά,
885 4335 1080 4389 Ninus
1111 4336 1209 4390 IV.
1243 4336 1374 4390 322:
1454 4337 1621 4391 Viret
1663 4338 1846 4391 arriva
1889 4337 1923 4391 a
1956 4338 2147 4394 Nimes
2181 4338 2232 4392 le

283 4401 431 4468 jeudi
481 4403 568 4456 21.
604 4404 714 4457 mai
760 4421 794 4473 y
827 4404 1027 4473 prscha
1068 4406 1148 4459 lcs
1182 4408 1321 4460 trois
1356 4407 1515 4476 j0urs
1549 4407 1794 4460 suivants
1839 4412 1896 4460 et
1929 4407 1982 4460 le
2017 4406 2088 4461 24
2120 4407 2160 4461 il
2195 4424 2231 4487 y

290 4468 354 4521 fit
381 4472 437 4523 la
471 4474 621 4527 cene.
673 4473 720 4525 11
753 4473 937 4527 venait
981 4474 1051 4526 de
1085 4474 1429 4543 Montpellier
1462 4476 1529 4529 oti
1563 4475 1603 4529 il
1636 4475 1786 4529 avoit
1820 4476 2015 4530 exerce
2047 4478 2100 4530 le
2136 4493 2234 4529 mi-

291 4539 496 4595 nistere
537 4543 666 4595 bien
714 4557 818 4611 que
863 4543 917 4596 la
962 4543 1257 4613 principale
1300 4545 1372 4597 fin
1410 4545 1478 4598 de
1531 4562 1629 4599 son
1682 4545 1861 4625 seJour
1896 4549 1989 4599 etit
2024 4546 2111 4599 ete
2147 4546 2233 4615 d’y

291 4608 514 4689 retablir
548 4626 610 4663 aa
643 4610 812 4690 sante.
882 4610 1101 4681 Voyant
1134 4630 1239 4681 que
1275 4631 1336 4666 sa
1369 4614 1626 4683 presence
1663 4614 1855 4668 n’etoit
1889 4615 2010 4683 plus
2047 4615 2230 4669 neces·

293 4693 428 4757 saite
464 4680 504 4732 11
578 4685 712 4732 artit
743 4680 796 4733 le
830 4677 900 4733 25
944 4697 1084 4749 pour
1116 4683 1284 4751 Lyon,
1320 4682 1457 4735 dont
1493 4684 1530 4736 il
1567 4682 1650 4736 fut
1684 4684 1932 4738 ministre
1968 4686 2230 4753 quelques

291 4760 485 4800 annees
556 4746 899 4814 Sclmidtius,
951 4750 1097 4804 Viret
1139 4768 1189 4817 p.
1228 4749 1311 4816 50,
1361 4753 1545 4805 minus
1588 4760 1728 4807 recte
1778 4769 1897 4807 eum
1949 4755 2063 4808 iam
2114 4768 2230 4808 ver·

286 4822 438 4880 neate
471 4816 658 4885 Aprili
692 4816 1024 4885 Lugdunum
1058 4819 1258 4874 abiisse
1290 4818 1462 4886 dicit).

1042 5097 1454 5108 *ἡ

492 5332 711 5388 calvini
734 5349 916 5402 opera.
989 5332 1104 5389 vot.
1137 5333 1304 5387 xlx.

2088 333 2248 396 1562
2292 329 2476 398 IUN.

4152 331 4286 396 466

3226 518 3420 590 3816.

2879 673 3242 742 ΡΔΝΟΠΒ
3279 672 3715 742 OALVINO.

2467 842 2760 943 ‘Neyotiq
2816 846 3058 911 sororis
3115 845 3380 928 feliciter
3432 844 3519 911 ad
3581 845 3771 927 finem
3815 845 4110 928 parando
4166 867 4283 912 a·

2319 927 3306 1010 pomtoeclaemaeouaestatm

2618 1100 2731 1167 (Ex
2766 1100 3103 1170 autographo
3138 1101 3268 1156 Cod-
3303 1100 3507 1156 Genev.
3546 1099 3661 1165 109,
3696 1101 3788 1155 fol.
3824 1100 3971 1169 155.)

2849 1271 2933 1337 D.
2979 1271 3120 1338 Iob.
3169 1269 3407 1337 Oarolo
3449 1271 3760 1338 Passelio.

2336 1441 2730 1508 Franciscus
2771 1441 3033 1508 Pancus
3073 1441 3159 1507 D.
3204 1442 3441 1509 Ioanni
3492 1442 3729 1510 Oarolo
3768 1443 4056 1511 Passelio
4100 1444 4281 1512 fideli

2708 1525 2959 1592 Christi
3003 1547 3190 1594 servo
3234 1528 3515 1613 gratiam
3558 1536 3629 1594 et
3668 1550 3913 1614 pacem.
3943 1566 3947 1571 ·

2513 1697 2708 1780 Quod
2751 1719 2934 1764 soror
2975 1708 3200 1765 nostra
3255 1699 3551 1765 criminis
3606 1701 3971 1784 suspicione
4013 1701 4286 1769 liberata

2340 1786 2429 1852 sit
2452 1791 2504 1861 ¹)
2546 1783 2831 1870 gratiam
2886 1782 3094 1850 habeo
3145 1784 3429 1867 primum
3470 1785 3615 1851 Deo
3673 1787 3920 1870 optimo
3976 1790 4279 1868 maximo,

2341 1872 2455 1954 qui
2521 1869 2800 1937 salutem
2865 1889 3186 1953 nusquam
3252 1869 3530 1954 denegat
3584 1871 3668 1937 iis
3724 1872 3833 1955 qui
3891 1883 4161 1957 sperant
4214 1878 4284 1940 in

2341 1978 2495 2023 eum
2538 1956 2781 2040 quique
2821 1954 2951 2022 fide
2993 1956 3251 2021 sincera
3291 1965 3359 2021 et
3398 1963 3534 2021 toto
3574 1964 3838 2040 pectore
3872 1958 4064 2024 illum
4097 1961 4287 2026 invo-

2340 2052 2513 2143 cantt
2600 2040 2859 2108 Deinde
2914 2041 3033 2141 tibi
3094 2043 3354 2124 tuisque
3418 2044 3805 2143 symmystis
3871 2064 4032 2127 quas
4097 2045 4289 2111 valeo

2342 2136 2620 2279 tm
2656 2126 3368 2297 {tistitus
3411 2127 3774 2280 ..⁰33¹ss
3779 2129 4293 2301 01⁰toe2ffl223

2342 2298 3219 2468 {ifffisdssffriffmmfllssiiss
3253 2299 3693 2451 ‘’rssdnffsslffissiffi
3737 2301 4293 2455 fflffffinffi

2346 2472 2494 2537 ficio
2546 2491 2670 2556 ego
2722 2492 2828 2536 me
2888 2471 3171 2536 multum
3238 2471 3426 2538 vobis
3491 2470 3726 2537 debere
3789 2474 4115 2555 profiteor,
4177 2475 4294 2558 qui

2344 2577 2454 2623 me
2494 2578 2577 2623 ea
2617 2576 2750 2641 qua
2785 2556 3130 2641 premebar
3162 2556 3495 2623 anxietate
3528 2568 3750 2624 vestra
3782 2578 3905 2644 ope
3938 2558 4293 2627 liberatum

2346 2645 2643 2709 sentiam.
2733 2640 2929 2725 Quod
2981 2642 3219 2709 attinet
3273 2643 3356 2709 ad
3396 2644 3746 2710 ministerii
3804 2645 3969 2711 mihi
4024 2668 4066 2712 a
4106 2645 4293 2713 vobis

2345 2728 2626 2813 delegati
2690 2729 3110 2810 functionem,
3174 2730 3437 2814 integra
3493 2739 3665 2809 sunt,
3732 2731 3988 2797 Christi
4048 2732 4291 2813 favore,

2346 2816 2582 2880 omnia.
2672 2815 2777 2880 Ab
2820 2815 3008 2879 initio
3053 2814 3298 2881 mensis
3344 2815 3583 2899 Aprilis
3636 2837 3786 2882 cum
3841 2817 4043 2882 nobili
4085 2817 4289 2901 probo

2347 2910 2414 2966 et
2455 2898 2829 2966 doctissimo
2872 2901 3018 2965 viro
3056 2900 3140 2966 D.
3189 2900 3630 2967 &amberiam
3687 2903 3893 2967 vitam
3949 2923 4089 2987 ago,
4156 2904 4289 2987 qui,

2344 2994 2424 3051 ut
2467 2995 2570 3051 est
2609 2985 3143 3065 humanissimus,
3188 2988 3397 3052 nostri
3432 2987 3745 3054 misertus
3788 3008 3894 3052 me
3928 2988 4001 3053 in
4024 2987 4291 3056 aedibus

2345 3071 2583 3156 amplis
2625 3091 2787 3154 quas
2830 3069 3146 3137 conduxit
3186 3075 3432 3156 recepit
3483 3081 3550 3138 et
3602 3094 3825 3140 secum
3878 3094 4021 3140 esse
4062 3074 4291 3155 voluit,

2345 3167 2414 3223 et
2451 3157 2679 3222 multis
2721 3159 3047 3240 persuasit
3088 3178 3194 3222 me
3235 3178 3427 3223 suum
3471 3179 3612 3225 esse
3668 3158 4034 3225 adiutorem
4076 3161 4149 3225 in
4191 3161 4291 3225 in-

2343 3243 2693 3310 stituendis
2735 3242 3255 3309 adolescentibus
3270 3295 3288 3323 ,
3355 3265 3514 3327 quos
3569 3243 3682 3310 ille
3736 3246 4042 3327 ingenuis
4100 3245 4291 3312 disci-

2343 3330 2561 3413 plinis,
2649 3329 2889 3413 pietate
2953 3338 3021 3393 et
3084 3329 3349 3413 optimis
3434 3330 3610 3396 vitae
3674 3331 3969 3397 moribus
4033 3331 4288 3398 educat.

2342 3416 2505 3480 Vixi
2547 3415 2752 3500 igitur
2792 3414 2984 3481 velut
3026 3436 3286 3482 carcere
3322 3415 3639 3482 liberatus
3682 3429 3749 3481 et
3790 3417 4074 3483 vinculis
4116 3416 4291 3483 solu·

2343 3510 2453 3567 tus
2509 3509 2647 3566 toto
2694 3502 2819 3569 hoc
2881 3501 3215 3580 trimestri,
3271 3501 3543 3568 liberius
3599 3523 3796 3585 quam
3857 3511 4051 3569 antea
4093 3509 4290 3587 atque

2342 3587 2639 3666 alacrius,
2687 3596 2755 3653 et
2796 3588 3040 3653 maiore
3082 3608 3227 3654 cum
3274 3586 3511 3655 fiducia
3544 3587 3906 3672 delegatam
3938 3588 4104 3653 mihi
4139 3609 4287 3671 pro-

2343 3674 2629 3739 vinciam
2673 3671 3144 3740 administravi.
3211 3673 3343 3755 Qui
3388 3674 3722 3741 commode
3755 3674 4091 3739 nocturnis
4133 3694 4286 3739 con-

2341 3759 2652 3825 ventibus
2696 3759 2923 3825 adesse
2961 3779 3093 3825 non
3150 3770 3455 3842 poterant
3510 3781 3641 3824 non
3700 3759 4001 3825 dubitant
4060 3770 4287 3842 aperta

2340 3844 2486 3910 luce
2530 3866 2650 3910 nos
2695 3843 2894 3924 adire,
2940 3846 3264 3930 fingentes
3307 3866 3379 3911 se
3422 3852 3753 3928 aegrotam
3798 3844 4008 3909 nostri
4061 3844 4285 3930 hospi-

2338 3932 2445 4010 tis,
2461 3934 2521 4007 2)
2601 3950 2765 4013 quae
2842 3932 2972 3995 iam
3038 3932 3504 4013 sesquiannnm
3568 3937 3634 3993 et
3693 3928 3973 4012 amplius
4041 3930 4284 3997 misera

2337 4016 2505 4083 lecto
2549 4015 2897 4093 decumbit,
2950 4017 3179 4095 visere,
3223 4024 3339 4081 aut
3391 4014 3637 4097 aliquid
3691 4015 3933 4098 negotii
3986 4037 4132 4081 cum
4189 4037 4282 4097 eo,

2338 4113 2452 4167 aut
2492 4101 2818 4168 nobilibus
2873 4100 3491 4167 adolescentioribus
3510 4101 3565 4183 ⁸)
3612 4101 3750 4165 eius
3795 4100 4131 4185 discipulis
4175 4102 4291 4167 ha-

2338 4187 2522 4254 bere:
2591 4209 2800 4271 neque
2855 4188 3010 4254 hinc
3052 4188 3295 4271 absque
3337 4184 3662 4269 spirituali
3703 4185 3943 4270 pabulo
3988 4187 4285 4272 fusisque

2338 4273 2422 4339 ad
2478 4273 2698 4339 Deum
2763 4274 2892 4357 piis
2957 4273 3259 4356 precibus
3317 4272 3633 4337 abierunt.
3734 4272 3879 4337 Hac
3939 4274 4281 4340 occasione

2335 4360 2527 4442 impii
2568 4360 2833 4426 sinistre
2877 4357 2957 4425 de
2998 4358 3187 4424 nobis
3229 4358 3545 4442 suspicari
3590 4366 3657 4423 et
3696 4358 3869 4442 loqui
3904 4371 4279 4443 coeperunt,

2335 4445 2451 4512 sed
2496 4466 2718 4511 eorum
2763 4464 3097 4510 sermones
3140 4444 3323 4509 velut
3364 4444 3637 4528 sagittas
3660 4443 4084 4527 parvulorum
4129 4466 4284 4512 con-

2335 4531 2738 4615 tempsimus,
2783 4538 2851 4595 et
2892 4528 3209 4613 quidquid
3250 4529 3323 4594 in
3367 4549 3486 4594 nos
3519 4529 3957 4595 moliebantur
3997 4530 4281 4598 ludibrio

2335 4617 2700 4695 habuimus,
2745 4614 2949 4681 donec
2991 4616 3182 4682 nobis
3223 4615 3498 4682 relatum
3544 4624 3644 4681 est
3685 4615 3980 4681 Andium
4015 4618 4279 4683 vineam

2335 4704 2415 4769 ab
2460 4704 2637 4786 apris
2694 4700 3127 4785 sylvestribus
3161 4710 3229 4766 et
3263 4702 3492 4767 avibus
3528 4700 3894 4787 agrestibus
3929 4701 4287 4785 depastam,

2331 4802 2667 4872 praeterea
2704 4786 3060 4852 malevolos
3081 4787 3396 4868 quosdam
3420 4788 3758 4854 machinas
3779 4796 4032 4854 struere
4054 4802 4281 4855 nostro

2331 4884 2464 4937 tam
2511 4876 2618 4956 pio
2661 4872 2746 4936 D.
2800 4872 3256 4953 Gaudoeriano,
3301 4875 3412 4957 qui
3434 4873 3517 4940 ad
3556 4875 3695 4940 eius
3730 4894 3884 4958 opes
3918 4874 4281 4958 adspirant,

2325 5113 2508 5169 8810.
2528 5112 2587 5179 1)
2627 5111 2714 5180 C'f.
2745 5112 2811 5165 N.
2844 5110 2998 5167 3763.

2532 5182 2567 5235 2
2626 5182 2771 5238 deest
2801 5182 3116 5276 vocabulum
3154 5183 3404 5249 (uxorem
3418 5184 3448 5239 ⁸?
3484 5186 3752 5239 matrem?
3787 5198 4025 5238 sororem
4038 5183 4110 5247 7).

2534 5250 2721 5308 3⁸⁶0.

3787 5338 3857 5391 30
