4850 6117
629 350 748 412 651

800 530 1176 600 Clarissimo
1241 527 1384 593 viro
1426 524 1510 592 D.
1560 523 1796 593 Ioanni
1835 524 2115 592 Calvino
2156 524 2567 592 Genevensis

636 618 940 688 ecclesiae
980 614 1224 700 pastori
1266 611 1660 692 fidelissimo,
1707 611 1967 678 domino
2009 628 2157 677 meo
2196 610 2466 678 colendo
2501 617 2571 677 et

634 704 820 772 fratri
862 701 1210 770 carissimo.
2174 780 2392 849 Genffi

807 959 877 1027 S.
925 955 1009 1025 D.
1077 956 1510 1023 Gratissimae
1574 955 1874 1021 fuerunt·
1904 954 2068 1019 mihi
2134 964 2283 1017 tuae
2342 951 2569 1018 literae

714 1069 751 1113 r
799 1044 1087 1112 Trecium
1126 1042 1365 1108 missae
1410 1049 1478 1108 et
1517 1040 1669 1106 illae
1711 1061 1872 1124 quas
1935 1060 1975 1105 a
2028 1038 2316 1105 discessu
2370 1038 2569 1106 Treoii

633 1128 1010 1202 submisisti.
1046 1126 1097 1214 ¹)
1184 1126 1452 1194 Utinam
1516 1125 1697 1193 brevi
1753 1133 1929 1192 certo
1991 1123 2349 1203 audiamus,
2415 1144 2568 1190 con-

633 1220 886 1287 ssictum
948 1213 1136 1280 illum
1199 1214 1624 1298 posteriorem
1696 1211 1837 1278 sine
1892 1211 2212 1277 bonorum
2278 1209 2571 1275 virorum

631 1306 881 1372 iactura
919 1300 1183 1366 factum.
1263 1298 1638 1365 Absumunt
1703 1298 1881 1363 enim
1940 1296 2223 1362 infelicia
2264 1295 2435 1362 bella
2470 1294 2568 1362 vi-

635 1410 743 1457 ros
786 1388 1064 1472 optimos
1107 1384 1220 1469 qui
1256 1386 1326 1450 in
1370 1383 1835 1468 gubernatione
1878 1391 1943 1449 et
1985 1381 2291 1449 ecclesiae
2333 1389 2400 1447 et
2442 1382 2567 1447 rei-

631 1474 930 1561 publicae
974 1471 1325 1555 plurimum
1368 1476 1673 1554 poterant
1712 1477 2061 1553 praestare.
2150 1466 2370 1548 Quam
2413 1487 2568 1533 vero

632 1560 885 1648 gaudeo
929 1556 1171 1624 Bezam
1233 1563 1528 1622 nostrum
1591 1555 1812 1621 vivere
1877 1561 1946 1620 et
2006 1552 2245 1620 valere.
2325 1552 2570 1620 Misere

630 1645 824 1713 timui
886 1645 1017 1709 iam
1081 1642 1194 1708 diu
1254 1663 1339 1707 ne
1405 1640 1561 1725 quid
1616 1642 1672 1707 ei
1735 1639 2073 1708 accidisset
2116 1638 2381 1705 sinistri.
2470 1639 2570 1703 Ac

633 1754 713 1800 ea
768 1750 927 1797 cura
986 1726 1341 1813 plurimum
1403 1747 1511 1792 me
1575 1726 1781 1792 torsit.
1869 1727 1975 1791 Τιι
2031 1745 2184 1790 vero
2227 1722 2569 1790 submissis

635 1819 778 1885 eius
818 1815 1026 1880 literis
1067 1810 1635 1879 desideratissimis
1690 1811 1869 1878 omni
1911 1831 2017 1876 me
2070 1829 2225 1876 cura
2258 1807 2570 1876 liberasti.

634 1901 992 1969 Dominum
1055 1918 1168 1964 oro
1237 1905 1310 1964 ut
1376 1898 1439 1964 ei
1502 1896 1861 1964 benedicat.
1949 1897 2042 1962 Te
2102 1895 2305 1961 etiam
2347 1916 2461 1961 oro
2498 1902 2574 1960 ut

633 1988 845 2072 ipsum
888 2005 1033 2050 meo
1076 1985 1339 2050 nomine
1381 2004 1575 2068 quam
1622 1982 2135 2067 diligentissime,
2179 2001 2378 2064 quum
2420 2000 2573 2064 pro-

633 2072 811 2139 xime
853 2069 1209 2221 scripfflrjts,
1251 2069 1514 2168 salutes,
1558 2070 1771 2233 eique)
1786 2068 2113 2168 significes
2162 2067 2574 2218 cagissssmum

634 2165 933 2225 nostrum
1168 2175 1339 2239 yram
1422 2177 1478 2221 si
1537 2175 1716 2222 nesci
1829 2174 2146 2238 migrasse
2203 2173 2242 2218 a
2407 2171 2571 2216 omi-

633 2264 803 2396 'iffi
837 2236 2574 2410 ffiinssuffimd3⁰ffiassmffiffiisssi⁸trssffflpsi³ffi

643 2436 723 2482 ea
774 2412 855 2479 de
905 2435 979 2479 re
1018 2414 1389 2497 Augustam
1423 2409 1915 2478 Vindelicorum
1958 2417 2025 2475 et
2067 2408 2357 2476 Ouriam.
2440 2408 2575 2474 Pro

639 2508 814 2568 certo
856 2505 1176 2583 spargunt
1216 2520 1394 2565 nunc
1450 2499 1519 2562 in
1578 2498 1817 2563 vicinia
1860 2503 2116 2562 nostra:
2176 2495 2573 2574 Brissaeum,

637 2605 843 2654 unum
886 2605 967 2650 ex
1006 2584 1356 2669 Guysiacis
1398 2581 1686 2662 ducibus,
1729 2582 1975 2648 fudisse
2016 2581 2260 2667 insigni
2303 2580 2577 2647 victoria

638 2670 909 2821 Anlglos,
965 2669 1170 2737 caesis
1220 2668 1570 2735 minimum
1629 2672 1813 2734 5000.
1834 2671 1892 2748 ²)
1980 2668 2122 2752 Ego
2181 2686 2335 2733 vero
2377 2665 2573 2750 longe

637 2779 745 2824 me
774 2756 911 2822 ‘ora
962 2774 1183 2841 spero:
1251 2755 1537 2821 maxime
1590 2775 1791 2839 quum
1849 2752 1948 2818 illi
2003 2753 2146 2837 ipsi,
2209 2752 2321 2836 qui
2375 2750 2574 2817 huius

637 2842 920 2910 rumoris
964 2850 1222 2908 autores
1264 2847 1436 2920 sunt,
1481 2840 1611 2906 alia
1653 2840 1972 2924 quaedam
2013 2839 2349 2918 misceant,
2407 2857 2573 2921 quae

634 2929 1077 2994 narrationem
1150 2927 1441 3011 ipsorum
1520 2945 1751 3009 parum
1830 2926 2081 2993 faciunt
2151 2921 2571 3008 probabilem.

645 3015 898 3081 'Versor
940 3012 1154 3079 adhuc
1205 3013 1279 3078 in
1322 3011 1662 3079 scribenda
1717 3011 2137 3095 responsione
2179 3029 2327 3076 mea
2369 3008 2453 3075 ad
2496 3008 2576 3073 li-

636 3100 832 3168 brum
889 3097 1148 3166 Brevitii
1204 3097 1282 3164 de
1334 3097 1674 3165 maiestate
1729 3097 2001 3176 Christi,
2058 3102 2286 3164 contra
2331 3094 2574 3178 Marty-

635 3205 772 3252 rem
811 3192 880 3250 et
920 3205 1026 3252 me
1061 3182 1327 3250 editum.
1347 3187 1405 3264 ⁸)
1468 3183 1668 3267 Apud
1701 3204 1820 3250 nos
1863 3182 2030 3249 nihil
2073 3190 2173 3249 est
2206 3185 2574 3247 memoratu

641 3269 935 3357 dignum.
1021 3267 1288 3354 Optime
1351 3269 1562 3336 fecisti
1624 3270 1734 3353 qui
1798 3268 2216 3336 admonueris
2285 3267 2572 3334 Polonos

636 3356 888 3422 fratres.
973 3355 1107 3422 Pro
1148 3354 1260 3423 illo
1302 3361 1415 3423 tuo
1457 3355 1677 3422 labore
1718 3355 1964 3440 gratias
2006 3354 2125 3421 tibi
2167 3374 2289 3438 ago
2344 3360 2412 3419 et
2452 3372 2572 3437 pro

637 3440 969 3509 beneficiis
1041 3441 1245 3508 Trdio
1318 3448 1583 3526 propter
1659 3461 1871 3508 meam
1948 3437 2572 3506 commendationem

638 3528 988 3612 praestitis.
1071 3526 1394 3594 Versatur
1449 3528 1505 3594 is
1556 3527 1687 3593 iam
1761 3527 1832 3592 in
1899 3526 2063 3593 meis
2119 3524 2405 3605 aedibus,
2464 3524 2573 3589 vir

633 3613 847 3688 bonus
884 3618 1077 3680 certe.
1163 3614 1338 3679 Ama
1379 3633 1499 3679 nos
1542 3632 1816 3696 semper,
1860 3632 2028 3680 care‘
2050 3612 2272 3691 frater,
2315 3618 2384 3677 et
2421 3608 2571 3676 vale

634 3710 990 3778 aeternum,
1028 3695 1289 3765 domine
1322 3698 1787 3766 colendissime.
1846 3698 2079 3783 'sigui-i
2115 3703 2171 3762 5.
2194 3697 2352 3764 febr.
2385 3698 2567 3763 1563.

638 3783 949 3852 Salutant
988 3791 1056 3849 te
1097 3784 1350 3850 fratres.

1723 3920 1907 3986 'Puus
1949 3918 2391 4005 Bullingerus.

808 4125 1130 4205 Quamvis
1151 4125 1319 4190 nihil
1340 4125 1766 4209 respondeam
1809 4126 2017 4191 literis
2039 4126 2190 4204 tuis,
2235 4125 2568 4192 carissime

638 4211 955 4291 Iouvillee,
998 4211 1406 4295 gratissimae
1447 4219 1668 4276 tamen
1711 4211 1863 4276 illae
1902 4210 2189 4277 fuerunt.
2270 4211 2568 4295 Negotiis

635 4298 800 4363 meis
843 4304 917 4362 ιιι
961 4303 1028 4361 et
1074 4294 1428 4379 Crispinus,
1494 4317 1687 4379 quem
1728 4317 1874 4363 meo
1926 4297 2193 4363 nomine
2236 4295 2565 4376 salutabis,

634 4381 919 4461 tribuite,
974 4381 1146 4464 quod
1198 4382 1368 4448 nihil
1409 4382 1783 4465 respondeo,
1867 4383 2071 4449 Totus
2127 4404 2275 4450 sum
2330 4393 2565 4449 vester.

638 4466 912 4548 Quaeso,
971 4468 1214 4534 mittite
1267 4468 1350 4533 ad
1403 4489 1510 4534 me
1553 4475 1592 4532 5
1650 4467 1759 4533 vel
1811 4475 1853 4532 4
1907 4470 2211 4554 exempla
2252 4466 2568 4535 Summae

634 4572 820 4618 meae
863 4552 945 4618 de
988 4573 1142 4619 vera
1184 4553 1501 4638 religione
1551 4553 1765 4620 italice
1818 4555 2172 4637 impressae
2212 4554 2385 4639 apud
2428 4574 2564 4620 vos.

636 4638 934 4704 Pretium
976 4638 1256 4706 indicate
1299 4648 1416 4707 etc.
1502 4640 1595 4705 Et
1650 4638 1709 4706 si
1763 4646 1976 4707 exstat
2032 4640 2205 4726 quod
2260 4637 2568 4726 respondi

639 4722 725 4789 ad
767 4723 1074 4789 articulos
1116 4724 1488 4792 Bavaricos.

642 4844 856 4855 ———-

637 4909 825 4967 800⁷.
845 4908 901 4978 1)
936 4909 1014 4966 N.
1050 4909 1202 4965 3900.
1276 4911 1608 4969 Posteriores
1639 4929 1752 4970 non
1784 4916 2014 4971 waiam.

837 4978 900 5044 2)
938 4978 1144 5035 Fazm
1176 4994 1376 5038 rumor.

841 5048 900 5118 3)
933 5048 1005 5117 et.
1042 5046 1119 5103 N.
1151 5046 1304 5105 3899.

1393 5221 1803 5235 m

2126 335 2649 408 EPISTOLAE
2695 341 3116 407 3907-3908

4471 347 4580 410 652

3541 526 3749 598 8⁹⁰8.

2783 696 3187 768 VIRETUS
3231 695 3713 766 MINISTRIS
3757 699 4492 771 GENEVENSIBUS.

2841 869 4593 956 Prolioeescribitdesuoredituadquemfortaoee

2653 958 2946 1041 proximo
3001 956 3499 1026 veresesea‘
3647 956 4198 1041 evalebitquum
4253 961 4593 1027 ammud-

2665 1062 2850 1194 ἕπε
2889 1047 3401 1210 mmmmm
3444 1063 3603 1194 ε...
3662 1093 3893 1195 α...-
3779 1042 4286 1213 mim·
4489 1045 4506 1145 ῑ
4583 1132 4596 1147 -

2666 1213 3889 1297 quiesinhacvitasperandafuoeit.
4293 1151 4597 1215 ww

2669 1402 2781 1466 (Ex
2798 1401 3047 1456 Archivis
3064 1400 3265 1456 Gonev.
3306 1401 3494 1458 Pisces
3511 1401 3862 1472 historiques.
3898 1403 3968 1459 N.
3989 1401 4138 1459 1169.
4173 1403 4600 1474 Autographon.)

2841 1572 3297 1640 ornatissimis
3339 1573 3498 1639 viris
3539 1581 3607 1638 et
3646 1573 3906 1640 eximiis
3946 1572 4199 1641 Ohristi
4241 1574 4453 1640 servis
4484 1574 4598 1640 mi-

2669 1660 2897 1727 nistris
2961 1666 3029 1724 et
3089 1657 3457 1742 pastoribus
3536 1658 3845 1725 ecclesiae
3908 1659 4323 1726 Genevensis
4388 1658 4596 1725 fratri-

2667 1746 2791 1813 bus
2833 1754 2901 1812 et
2943 1745 3327 1830 symmystis
3369 1743 3729 1830 plurimum
3774 1744 4423 1900 observangssnevoe

2840 2001 2911 2069 Β.
2958 2000 3181 2085 Quum
3226 2001 3310 2068 ad
3351 2022 3458 2070 me
3500 2001 3854 2086 scripsistis
3893 2001 3974 2067 de
4016 2023 4215 2069 causa
4249 1999 4529 2081 Mordii,
4554 2005 4599 2081 ¹)

2669 2086 3950 2241 ffiusssqffidtssminfflssftssossssfflffl
3970 2086 4324 2241 ¹153?ss
4355 2086 4454 2238 ‘3:21
4469 2107 4601 2239 ”2:32

2672 2257 2908 2340 reditu,
2951 2280 3142 2344 quem
3169 2224 3313 2325 'sibi
3354 2268 3430 2325 ut
3473 2258 3657 2326 nobis
3702 2259 4051 2326 voluerunt
4091 2259 4211 2325 tibi
4254 2258 4601 2344 significari

2674 2346 2926 2429 patricii
2970 2366 3196 2412 omnes
3236 2346 3373 2411 fore
3417 2344 3882 2430 gratissimum,
3942 2353 4013 2410 tu
4071 2344 4210 2428 ipse
4254 2354 4456 2428 prout
4494 2343 4602 2409 tibi

2676 2431 2893 2498 visum
2957 2430 3154 2497 fuerit
3218 2432 3610 2498 constitues:
3678 2450 3888 2514 neque
3933 2430 4110 2496 enim
4172 2451 4458 2515 aequum
4516 2439 4607 2496 est

2676 2538 2815 2598 nos,
2879 2516 2986 2584 vel
3051 2524 3126 2583 ιιι
3189 2514 3432 2590 diutius
3485 2517 3633 2584 istic
3676 2536 3961 2596 maneas,
4027 2516 4140 2581 vel
4203 2521 4281 2581 ut
4349 2514 4605 2582 ecclesia

2676 2603 2808 2682 illa,
2872 2603 2978 2670 cui
3044 2614 3179 2668 tam
3241 2603 3609 2670 necessaria
3674 2611 3787 2667 tua
3843 2610 3945 2669 est
3986 2621 4200 2685 opera,
4257 2601 4490 2668 relicta
4530 2599 4603 2667 ad

2677 2697 2856 2754 tuam
2879 2687 3190 2772 Spartam
3210 2688 3568 2754 ornandam
3611 2685 3857 2769 redeas,
3902 2687 4022 2754 tibi
4060 2686 4407 2754 consilium
4443 2684 4602 2765 dare,

2677 2774 2792 2841 sed
2856 2773 3077 2839 solerti
3117 2774 3333 2857 potius
3386 2781 3543 2839 tuae
3593 2772 3978 2858 prudentiae
4029 2772 4193 2839 illud
4248 2773 4603 2856 relinquere

2676 2859 3111 2927 iudicandum.
3197 2859 3343 2944 Ego
3406 2880 3565 2926 vero
3628 2880 3832 2943 quum
3896 2859 4062 2924 mihi
4126 2859 4601 2942 persuasissem,

2678 2966 2794 3012 vos
2860 2967 2942 3012 ex
3007 2945 3223 3011 animo
3277 2955 3345 3011 et
3384 2944 3563 3028 loqui
3626 2953 3694 3010 et
3755 2943 4055 3024 scribere,
4119 2965 4254 3010 non
4321 2942 4602 3012 dubitavi

2676 3033 2836 3117 quin
2891 3051 3037 3098 mea
3090 3030 3198 3096 hic
3252 3031 3451 3115 paulo
3502 3030 3759 3116 longior
3806 3050 3993 3096 mora
4047 3028 4243 3097 simul
4296 3038 4371 3095 et
4419 3049 4602 3113 opera

2676 3118 2861 3186 vobis
2917 3127 2985 3184 et
3037 3124 3225 3201 grata
3277 3125 3448 3182 esset
3502 3125 3569 3182 et
3611 3113 3907 3198 iucunda,
3965 3135 4087 3199 pro
4140 3136 4216 3181 eo
4258 3136 4393 3198 quo
4436 3123 4601 3182 tene-

2674 3204 2838 3269 mini
2872 3201 3190 3271 desiderio
3221 3200 3544 3269 iuvandae
3580 3200 3905 3268 eeclesiae.
3987 3200 4452 3284 Quamobrem,
4490 3199 4602 3267 etsi

2672 3289 2890 3373 potius
2932 3309 2972 3355 6
3017 3295 3159 3355 tare
3202 3287 3397 3355 debui
3437 3287 3573 3353 frui
3612 3287 4086 3354 iucundissimo
4139 3294 4404 3355 vestrae
4460 3306 4599 3354 con·

2673 3372 3038 3442 suetudinis
3078 3373 3317 3451 fructu,
3377 3393 3573 3458 quam
3630 3373 3806 3438 inter
3856 3373 3975 3440 hos
4033 3372 4356 3440 bellorum
4396 3379 4598 3439 motus

2671 3460 2955 3545 quotidie
2996 3460 3230 3544 agitari
3272 3466 3340 3525 et
3380 3458 3754 3543 periclitari,
3803 3479 4199 3544 magnopere
4239 3465 4464 3525 tamen
4503 3477 4597 3523 me

2671 3546 3083 3615 confirmavit
3123 3565 3450 3630 propensa
3491 3552 3714 3611 vestra
3771 3545 3842 3609 in
3901 3545 4070 3611 hanc
4112 3543 4455 3612 ecclesiam
4495 3563 4597 3610 vo-

2669 3633 2907 3700 luntas.
2993 3631 3248 3697 Verum
3290 3629 3484 3715 paulo
3538 3639 3687 3714 post
3738 3629 4035 3697 redditae
4089 3636 4245 3698 sunt
4300 3629 4469 3695 mihi
4507 3649 4597 3694 se-

2672 3730 2868 3785 natus
2928 3719 3130 3784 vestri
3195 3717 3441 3795 literae,
3509 3717 3745 3800 quibus
3809 3714 4195 3782 hortabatur
4259 3729 4336 3781 ut
4396 3716 4596 3799 primo

2714 3823 2927 3889 uoque
2981 3815 3274 3955 tetum
3326 3804 3453 3868 iter
3509 3800 3593 3867 ad
3646 3822 3761 3868 vos
3813 3801 4190 3885 arriperem,
4245 3809 4443 3885 atque
4485 3801 4594 3865 hac

2717 3913 2752 3956 6
2806 3911 2880 3955 re
2930 3909 3078 3955 cum
3324 3887 3595 3955 ecclesia
3649 3908 3930 3972 agerem,
3982 3908 4108 3971 quo
4149 3906 4257 3953 me
4297 3885 4595 3952 libentius

2672 3975 3043 4042 dimitteret.
3108 3972 3359 4042 Causas
3400 3973 3675 4040 addebat
3718 3972 3888 4056 quod
3921 3992 4134 4038 meam
4170 3972 4591 4057 praesentiam

2670 4069 2738 4126 et
2778 4081 3040 4144 operam
3081 4060 3190 4127 hic
3232 4061 3366 4126 iam
3407 4062 3627 4125 minus
3691 4058 4127 4125 necessariam
4179 4059 4588 4130 existimaret,

2670 4154 2739 4213 et
2766 4147 3049 4214 vicissim
3092 4166 3239 4211 mea
3280 4145 3382 4211 uti
3424 4144 3626 4212 vellet
3665 4164 3880 4230 opera.
3959 4142 4325 4211 Accedebat
4364 4149 4434 4209 et
4474 4141 4589 4210 alia

2667 4437 2855 4492 8908.
2878 4436 2934 4503 1)
2970 4434 3219 4491 Ioannes
3261 4436 3399 4505 (non
3441 4434 3534 4490 Jo.
3578 4433 3748 4503 Bapt.
3803 4433 3988 4503 Haaq.
4035 4433 4164 4489 vn.
4210 4430 4340 4502 505)
4391 4431 4588 4515 Morely

2671 4505 2913 4560 Parisiis
2956 4505 3023 4560 ob
3069 4505 3175 4560 rel·
3219 4504 3233 4518 ⁶
3420 4503 3692 4559 omnam
3737 4517 3796 4558 ee
3839 4508 4112 4572 receperat
4157 4502 4338 4573 ibique
4383 4501 4588 4571 scripta

2666 4572 3137 4657 libinose-Traicte
3170 4573 3239 4627 de
3268 4575 3327 4655 ‘la
3360 4572 3644 4643 discipline
3679 4577 3736 4626 et
3771 4572 3955 4654 ‘police
3999 4571 4356 4654 chrestieniie,
4402 4572 4463 4626 in
4491 4583 4586 4641 qno

2668 4710 2833 4768 οἰκία
2850 4656 3283 4766 z{inditionemdabat.
3322 4657 3544 4766 &31:⁸2oe
3516 4639 3760 4793 2103&
3760 4654 4176 4792 Ἕῷἳῖιηῗαῖιῗ
4178 4656 4283 4765 ’'fo.
4319 4709 4387 4764 de
4430 4653 4585 4763 Tout-

2667 4795 2766 4862 ..ωε
2801 4777 2939 4861 1562
2967 4779 3104 4848 (noa
3140 4776 3320 4844 1561),
3357 4785 3429 4862 εἰ·
3454 4779 3634 4836 Vereto
3681 4778 3885 4861 6·qu
3917 4779 4056 4861 festo
4218 4848 4231 4860 υ
4331 4819 4344 4830 .
4412 4777 4584 4860 ,Εὕα

2667 4855 2834 4972 ...πθ
2804 4845 4583 4998 “suffixam&maweu

2667 4986 2831 5040 dante
2864 5004 2896 5038 a
2930 4985 2985 5039 la
3017 4985 3336 5054 dissipationi
3372 4991 3428 5039 et
3455 4986 3730 5042 confusion
3748 4986 3816 5040 de
3839 4985 4059 5056 l’Eglise
4093 5025 4367 5043 ......
4400 4985 4442 5039 il
4472 4997 4578 5055 pre·

2667 5054 2800 5109 tend
2834 5054 3154 5109 condamnet
3190 5061 3248 5107 et
3280 5069 3567 5109 reuverser
3597 5053 3793 5110 l'ordre
3826 5054 4139 5111 accontume
4171 5054 4268 5110 des
4295 5054 4500 5124 Eglises
4530 5053 4579 5104 et

2665 5122 2827 5177 fonde
2859 5139 2954 5176 sui·
2986 5123 3041 5175 la
3070 5123 3268 5177 Parole
3304 5122 3371 5177 de
3405 5124 3586 5190 Dieu).
3652 5124 3868 5194 Amnon
3899 5124 3942 5179 Ι.
3976 5123 4065 5180 29.
4146 5122 4392 5180 06106666
4432 5125 4578 5178 nudor

2669 5206 2722 5245 a.
2746 5190 2800 5247 d.
2816 5191 2885 5245 X.
2908 5189 3022 5247 Gal.
3050 5189 3194 5260 Sept.
3217 5189 3353 5247 1563
3373 5191 3664 5249 danum
3696 5197 3748 5248 et
3778 5193 3913 5249 liber
3940 5193 4243 5252 cambum
4274 5199 4355 5250 ent
4384 5193 4577 5263 ipsiquo

2668 5273 2835 5316 coena
2866 5258 3171 5317 interdieta.
3204 5260 3381 5331 (Hice
3416 5261 3536 5317 eccl.
3571 5261 3640 5317 11.
3670 5259 3780 5328 34.)
