4850 6117
671 408 796 471 639

676 611 1112 662 successorem
1169 589 1622 657 Admiraldum
1686 589 2157 656 nominaverat.
2179 589 2236 672 ⁹)
2321 588 2405 653 In
2471 588 2612 654 eius

676 699 915 745 nomen
956 679 1200 743 iterum
1255 676 1557 742 iurarunt
1599 695 1825 741 omnes
1882 675 2123 760 copiae.
2211 674 2320 739 Ex
2374 670 2611 759 pediti-

675 765 799 832 bus
872 763 1116 847 recepit
1191 782 1327 828 non
1406 761 1863 845 poenitendam
1930 760 2200 844 copiam.
2227 762 2315 838 ¹⁰)
2424 758 2614 825 Mille

672 848 1174 934 Lansquenetti,
1220 848 1326 914 vel
1370 848 1647 927 circiter,
1704 845 1772 912 in
1816 848 2094 931 patriam
2138 846 2391 912 reversi
2436 851 2610 911 sunt.

673 936 951 1003 Reitteri
1032 955 1165 1000 non
1242 933 1462 1000 minus
1540 932 1786 1000 alacres
1852 953 2051 1017 quam
2106 932 2326 997 initio:
2393 931 2615 997 nullus

674 1021 1016 1101 tumultus,
1058 1020 1320 1086 nullum
1363 1018 1745 1087 defectionis
1788 1019 2068 1103 signum.
2157 1017 2317 1083 Dux
2360 1018 2501 1100 ipse
2527 1021 2615 1097 ¹¹)

675 1107 759 1173 ad
820 1106 1251 1175 constantiam
1317 1106 1525 1172 socios
1588 1125 1813 1171 omnes
1874 1103 2181 1173 hortatur
2243 1110 2309 1170 et
2372 1103 2615 1189 optime

674 1200 910 1279 sperat.
996 1193 1216 1276 Rogat
1257 1191 1456 1257 etiam
1496 1212 1581 1256 ne
1620 1190 1782 1257 fides
1825 1190 2148 1257 habeatur
2179 1188 2391 1258 literis
2417 1188 2614 1256 Prin-

673 1276 1433 1448 mmm..
1478 1275 2285 1429 amiam..
2319 1273 2614 1429 aa·

674 1450 921 1518 tamem
997 1471 1037 1516 a
1101 1447 1438 1515 duodecim
1502 1454 1764 1513 tantum
1827 1447 2201 1514 hominibus
2265 1446 2616 1513 deductum

673 1536 875 1604 fuisse
920 1534 1256 1601 Aureliam
1314 1554 1537 1617 usque,
1595 1541 1663 1600 et
1718 1532 1978 1617 quidem
2038 1538 2227 1599 tanta
2281 1533 2616 1600 celeritate

674 1629 755 1688 ut
809 1621 1042 1688 urbem
1082 1620 1364 1705 ingressi
1404 1619 1539 1685 sint
1594 1619 1790 1704 paulo
1961 1626 1991 1684 t
2042 1619 2283 1704 viginti
2339 1627 2617 1702 quatuor

675 1708 895 1787 horas,
940 1706 1244 1773 confectis
1287 1706 1562 1790 triginta
1597 1705 1858 1771 milliari
1904 1726 1984 1771 us
2008 1705 2302 1786 Gallicis,
2347 1704 2474 1772 hoc
2517 1711 2617 1771 est

677 1794 911 1859 itinere
933 1791 1300 1877 quindecim
1322 1790 1651 1857 horarum.
1676 1795 1763 1862 ¹²)
1833 1790 2259 1859 Admiraldus
2297 1797 2619 1858 statuerat

680 1877 930 1965 Anglos
987 1877 1109 1945 sibi
1152 1877 1524 1963 adiungere.
1552 1880 1638 1957 ¹⁸)
1725 1876 1921 1960 Quod
1975 1878 2032 1943 si
2088 1897 2195 1943 res
2236 1877 2618 1961 postularet,

678 1983 816 2030 non
893 1962 1355 2030 reformidabat
1423 1963 1784 2030 secundum
1851 1963 2191 2046 proelium.
2308 1961 2386 2030 Si
2451 1964 2621 2028 forte

678 2071 908 2118 versus
951 2047 1360 2134 Lugdunum
1401 2046 1648 2128 tendat,
1708 2070 1793 2115 ne
1831 2049 2078 2133 putetis
2121 2070 2275 2115 eum
2317 2049 2619 2134 fugitare.

678 2136 1033 2222 Spargitur
1073 2133 1337 2218 quidem
1374 2135 1567 2218 fama,
1625 2155 1775 2201 eum
1820 2155 2133 2219 quaerere
2176 2141 2474 2220 pacatam
2516 2153 2622 2201 re-

679 2224 939 2308 gionem
980 2221 1094 2288 ubi
1136 2219 1386 2287 reficiat
1419 2221 1654 2304 copias,
1699 2220 1814 2287 sed
1848 2221 2009 2288 latet
2047 2220 2309 2305 aliquod
2342 2220 2623 2287 interius

678 2308 1042 2375 consilium.
1128 2306 1220 2371 Et
1260 2314 1434 2373 certe
1496 2308 1719 2392 magni
1773 2308 2064 2387 interest,
2108 2304 2440 2392 Lugduno
2482 2327 2621 2373 ma-

679 2402 827 2461 ture
867 2393 1028 2460 ferri
1070 2413 1148 2458 su
1195 2392 1422 2475 petias,
1467 2400 1817 2477 antequam
1880 2393 2123 2458 maiore
2166 2413 2466 2459 annonae
2511 2413 2623 2476 pe-

680 2480 879 2545 nuria
953 2478 1087 2544 illic
1149 2412 1511 2544 laboretur.
1621 2478 1915 2545 Accessit
1976 2478 2259 2546 Baronis
2323 2478 2624 2545 Adressii

683 2563 975 2632 defectiO.
1064 2562 1257 2646 Quod
1300 2566 1357 2630 si
1397 2564 1781 2650 profligatus
1834 2564 2032 2630 fuerit
2074 2562 2208 2630 dux
2257 2564 2619 2643 Nemoreus,

680 2649 1065 2718 latrunculis
1108 2656 1425 2736 purgatus
1467 2650 1594 2716 erit
1633 2656 1809 2716 totus
1848 2658 2094 2717 tractus
2117 2649 2375 2717 Galliae
2414 2671 2622 2735 usque

681 2735 757 2802 in
807 2735 1249 2821 Aquitaniam.
1338 2736 1692 2803 Provincia
1746 2735 2016 2820 linguae
2079 2736 2408 2803 occitanae
2466 2737 2623 2802 vino

683 2829 752 2889 et
791 2823 1119 2888 frumento
1174 2821 1268 2888 sic
1324 2820 1614 2889 abundat
1666 2829 1741 2888 ut
1792 2822 1922 2889 viis
1973 2822 2312 2906 patefactis
2355 2821 2623 2908 Lugdu·

681 2928 921 2976 nenses
975 2907 1182 2974 futuri
1235 2906 1372 2973 sint
1427 2913 1616 2973 extra
1673 2908 1864 2974 famis
1921 2907 2303 2991 periculum.
2390 2906 2499 2974 Ita
2548 2908 2623 2974 in

681 3000 1018 3079 posterum
1096 2991 1389 3059 timenda
1456 3014 1591 3059 non
1655 2993 1780 3059 erit
1843 2992 2108 3060 obsidio.
2219 2994 2310 3059 Et
2372 2994 2432 3061 si
2496 2991 2623 3060 duo

682 3080 972 3163 equitum
1013 3078 1221 3144 millia
1265 3079 1571 3146 venerint
1589 3078 1675 3165 ¹⁴)
1719 3080 1792 3146 in
1834 3078 2220 3162 subsidium,
2262 3100 2484 3148 secum
2518 3101 2623 3146 re-

685 3164 925 3232 ducent
946 3185 1073 3230 non
1112 3184 1355 3248 paucos
1389 3165 1673 3247 comites,
1718 3185 1886 3251 quae
1921 3164 2144 3233 valida
2182 3166 2306 3232 erit
2325 3167 2623 3233 accessio.

857 3248 993 3332 Qui
1035 3248 1245 3317 Besae
1285 3252 1494 3316 nostri
1533 3251 1764 3318 literas
1804 3251 1970 3317 mihi
2013 3251 2324 3320 afferebat
2368 3252 2480 3320 vel
2520 3253 2624 3318 in·

685 3341 1016 3419 terceptus
1049 3334 1176 3400 fuit
1216 3335 1329 3402 vel
1370 3338 1613 3405 erravit
1703 3360 1776 3404 er
1838 3338 2164 3423 ambages.
2253 3336 2627 3422 Scripserat

685 3429 965 3507 quatuor
1007 3419 1234 3487 diebus
1289 3429 1443 3488 ante
1499 3443 1620 3507 pro
1687 3424 1822 3490 ‘um
1872 3423 1948 3489 in
1998 3423 2149 3505 tela,
2176 3427 2263 3502 16)
2308 3424 2422 3492 sed
2456 3446 2626 3490 nun·

683 3507 769 3575 cii
811 3506 1098 3574 stultitia
1149 3505 1382 3573 literae
1440 3507 1840 3593 aliquamdiu
1895 3531 1939 3575 v
2067 3515 2173 3576 tae
2228 3517 2386 3577 sunt
2442 3518 2625 3577 ante·

685 3614 880 3679 quam
957 3591 1125 3659 mihi
1188 3591 1638 3661 redderentur.
1746 3595 2006 3680 Exemp
2033 3615 2108 3662 ar
2168 3595 2378 3662 mitto.
2473 3596 2626 3681 Ipse

887 3882 949 3953 9)
996 3882 1175 3939 Aliter
1215 3882 1365 3939 Hm.
1418 3884 1539 3941 eccl.
1583 3884 1655 3939 IL
1690 3883 1811 3939 245.
1884 3885 1964 3940 Le
2012 3885 2098 3939 21.
2133 3886 2266 3941 Dec.
2309 3903 2378 3940 au
2429 3886 2627 4009 πἸῙἯο

684 3951 963 4009 d'Anneau
1005 3952 1250 4008 l'Amiral
1292 3953 1377 4007 fut
1421 3954 1570 4009 esleu
1615 3953 1745 4008 chef
1782 3954 1852 4008 de
1886 3953 2102 4009 l'armee
2146 3971 2216 4009 en
2248 3954 2512 4010 l’absence
2593 3973 2628 4009 u

682 4021 874 4076 Princo
890 4022 1216 4090 prisonnier,
1250 4022 1497 4077 combien
1531 4022 1660 4093 qn’il
1677 4022 1911 4077 refusast
1941 4024 2069 4077 bien
2103 4023 2216 4078 fort
2231 4029 2377 4080 ceste
2411 4024 2626 4095 charge,

684 4090 926 4146 s'offrant
958 4089 1166 4144 d’obeir
1196 4091 1434 4158 plustost
1466 4091 1501 4145 a
1531 4093 1834 4162 quicunque
1867 4093 2037 4146 seroit
2068 4093 2234 4147 eslen.

857 4158 947 4226 10)
980 4160 1098 4215 scil.
1137 4174 1239 4214 sec.
1277 4160 1501 4215 eunden·
1551 4167 1732 4216 testem
1765 4161 1907 4216 mille
1945 4161 2135 4217 Gallos
2169 4178 2237 4216 ex
2269 4159 2408 4216 2500
2441 4168 2495 4218 et
2524 4161 2630 4216 900

688 4226 995 4284 Germanos
1026 4242 1094 4283 σε
1128 4226 1283 4295 3000,
1578 4227 1716 4284 1400
1746 4231 1898 4301 capti
1926 4232 2165 4293 fuerant·
2205 4229 2378 4294 (Vide
2408 4235 2524 4288 not.
2552 4230 2629 4300 3.)

685 4295 953 4420 mlii)
971 4295 1103 4416 Islei&
1149 4298 1331 4366 σφωιν·
1330 4312 1400 4352 ιη.
1480 4295 1647 4366 Quem
1677 4297 1833 4357 Hm.
1865 4299 1986 4354 eccl.
2033 4299 2067 4355 L
2103 4300 2139 4356 1.
2172 4305 2334 4355 vocat
2361 4299 2415 4354 le
2450 4300 2628 4354 Mare·

906 4381 938 4419 e
1025 4380 1201 4420 essen.
1915 4403 1916 4406 =

862 4433 955 4498 12)
990 4432 1136 4489 Im.
1171 4432 1303 4486 244=
1337 4433 1418 4488 Le
1450 4433 1536 4504 20,
1568 4434 1766 4489 d’asses
1798 4436 1979 4490 bonne
2013 4436 2195 4502 heure,
2232 4436 2511 4491 nouvelles
2544 4454 2629 4491 ar·

689 4502 934 4556 riverent
977 4502 1011 4556 a
1054 4502 1283 4557 Orloans
1330 4502 1495 4572 qn’on
1539 4505 1777 4559 amenoit
1821 4503 1874 4559 le
1908 4504 2270 4560 Gennestable
2343 4506 2628 4574 risonnier,

690 4571 886 4652 auquel
920 4586 990 4624 on
1024 4570 1226 4628 n’avoit
1266 4571 1446 4625 donne
1481 4571 1674 4642 qn’une
1707 4573 1880 4642 petite
1912 4573 2155 4629 relasche
2188 4590 2257 4629 eu
2291 4591 2322 4628 c
2359 4575 2505 4628 emin
2539 4574 2631 4628 de-

690 4655 814 4761 fuis
848 4655 909 4692 sa
940 4639 1103 4708 prise,
1137 4639 1190 4694 le
1235 4638 1437 4696 faisant
1476 4641 1725 4696 marcher
1766 4658 1891 4696 sans
1933 4658 2081 4697 cesse
2113 4647 2268 4698 toute
2301 4643 2356 4697 la
2388 4644 2540 4697 nuict
2574 4647 2633 4697 et

713 4723 744 4761 e
776 4708 899 4760 iour
931 4708 1149 4762 suivant
1179 4709 1401 4778 iusques
1435 4708 1471 4762 a
1503 4726 1565 4763 oe
1599 4710 1727 4779 qu’il
1760 4711 1870 4765 fust
1886 4727 2046 4765 recen
2081 4711 2113 4766 a
2130 4711 2357 4768 Orleans
2392 4719 2450 4767 et
2482 4712 2631 4767 serre'

691 4790 923 4831 mesmes
957 4792 1027 4829 au
1060 4777 1199 4846 logis
1233 4779 1307 4831 du
1340 4777 1551 4832 Princo.

870 4842 955 4909 13)
991 4843 1255 4901 Pluribus
1297 4846 1518 4915 oppidis
1560 4849 1738 4917 captis
1770 4847 2029 4905 Aureliae
2070 4852 2255 4905 casua
2292 4850 2484 4919 posuit
2523 4852 2631 4931 qy'ao

691 4980 937 5064 divp'dere
969 4980 1327 5062 Agame-aldus
1370 4998 1492 5067 σαψ
1537 4985 1806 5055 εφιοῖὥαιε
1842 4924 2407 5067 German-⁸855&
2439 4933 2631 5043 m

690 5056 824 5108 tatus
870 5049 1100 5119 aallwae
1145 5049 1548 5107 Nou-mondum
1593 5069 1782 5109 versus
1844 5056 2117 5112 contenda
2195 5055 2465 5112 Anddoto
2507 5071 2631 5111 cum

690 5120 909 5246 aava
931 5134 1063 5241 ⁶325
1035 5119 1259 5242 Ἥ
1282 5120 2066 5262 sitammam
2100 5099 2217 5180 ‘³⁶²¹-
2254 5124 2414 5182 Μ’·
2453 5125 2632 5192 ‘³⁶⁸‘-

861 5256 957 5321 14)
994 5228 1130 5311 Tv’vo
1166 5256 1435 5312 thousand
1467 5257 1750 5316 horsemcn
1787 5261 1927 5317 have
1961 5277 2111 5318 come
2145 5267 2240 5318 otc.

865 5325 953 5395 15)
992 5323 1119 5382 Sic!
1147 5325 1363 5397 Anqhoe
1393 5327 1605 5384 omittit.

690 4927 810 4968 eum
846 4909 1080 4966 anisius
1111 4919 1372 4983 sequutus
1402 4920 1497 4970 est.
1554 4914 1699 4971 Inde
1732 4922 1794 4972 ut
1825 4917 2002 4972 hostes

2163 397 2688 467 EPISTOLAE
2732 347 2978 465 3960-
2989 401 3154 465 3902

4515 401 4628 469 640

2712 587 2972 672 quidem
3017 586 3324 653 Aureliae
3368 594 3470 655 est
3509 587 3870 666 incolumis,
3934 607 4135 672 quum
4192 585 4277 656 ad
4330 587 4631 671 proelium

2711 674 2968 740 fortiter
3011 673 3386 741 cohortatus
3442 673 3643 740 fuerit
3697 673 3941 740 milites
4004 680 4072 739 et
4120 673 4297 739 inter
4335 674 4633 760 principia

2712 762 2985 840 steterit,
3066 781 3141 827 ac
3184 760 3241 826 si
3282 781 3457 827 unus
3500 766 3676 827 esset
3716 780 3801 825 ex
3843 759 4190 844 signiferis.
4216 762 4300 837 ²⁶)
4384 759 4511 826 Hic
4539 782 4633 827 re-

2711 867 2861 912 rum
2937 855 3311 913 nostrarum
3373 851 3601 913 status.
3711 846 4033 931 Magnum
4108 845 4359 912 scilicet
4419 866 4635 929 operae

2711 932 3002 1015 pretium
3044 932 3169 998 sibi
3210 932 3420 998 facere
3461 932 3587 999 visi
3626 939 3782 997 sunt
3819 932 4058 1011 hostes,
4103 932 4160 997 si
4191 931 4635 999 iactantiarum

2712 1019 2926 1084 fumos
2960 1024 3348 1103 spargerent
3382 1017 3466 1084 ad
3498 1017 4035 1103 perstringendos
4068 1016 4467 1100 simplicium
4499 1036 4636 1085 ocu-

2714 1104 2830 1172 los.
2921 1101 3054 1170 Sed
3100 1102 3445 1170 historiam
3485 1103 3770 1170 fideliter
3815 1102 4148 1187 descripsi.

2882 1189 3110 1257 Unum
3153 1198 3253 1255 est
3295 1188 3468 1273 quod
3512 1189 3628 1256 abs
3669 1197 3738 1254 te
3780 1196 3848 1254 et
3898 1189 4087 1255 bonis
4127 1188 4432 1256 omnibus
4472 1209 4638 1274 mag·

2714 1295 2958 1428 aopaehre
3000 1275 3265 1427 agliae&
3290 1276 3463 1376 utnsi
3505 1295 3634 1360 qua
3676 1275 3767 1341 sit
3782 1275 3993 1427 gamma
4041 1274 4640 1446 flffgnigdventffimi

2784 1384 2832 1427 n
2923 1383 2956 1428 s
3200 1382 3402 1446 rmqw
3487 1381 3562 1427 ro
3646 1382 3720 1429 re
4003 1383 4058 1427 si
4225 1381 4352 1427 ces.
4515 1382 4553 1425 n

2714 1468 2786 1514 se
2827 1448 2958 1513 iter
2998 1448 3209 1514 facere
3274 1447 3357 1514 ad
3413 1381 3659 1514 nzvd’g
3701 1446 4149 1514 Romanorum
4191 1466 4422 1531 regem
4456 1454 4530 1511 ut
4556 1382 4642 1512 {t

2714 1540 3073 1617 proxeneta
3128 1533 3241 1618 qui
3298 1533 3675 1619 coniugium
3736 1534 3912 1619 regis
3954 1532 4213 1599 Galliae
4267 1554 4424 1600 cum
4477 1531 4641 1599 illius

2717 1619 2854 1686 filia
2894 1619 3207 1686 conciliet.
3294 1619 3551 1685 Verum
3606 1617 3784 1685 aliud
3825 1620 4087 1704 cogitat.
4114 1622 4200 1697 ²⁷)
4284 1620 4641 1701 Antequam

2717 1726 2874 1791 ergo
2915 1706 3200 1789 'propius
3245 1704 3534 1772 Galliam
3590 1706 3933 1772 accesserit
3946 1756 3963 1784 ‚
4030 1712 4255 1770 nostra
4315 1703 4517 1770 refert
4572 1703 4641 1770 de

2718 1792 2860 1857 eius
2893 1792 3129 1857 itinere
3149 1811 3555 1876 cognoscere.
3615 1791 3716 1857 mu
3741 1791 4090 1876 diligenter
4113 1789 4472 1874 expiscare,
4504 1796 4566 1856 et
4594 1791 4643 1855 si

2718 1876 2875 1961 quid
2929 1886 3332 1963 compertum
3373 1876 3617 1944 habeas
3657 1877 3875 1961 potius
3917 1897 4034 1960 per
4076 1896 4274 1961 equos
4321 1876 4643 1960 dispoffltos

2718 1984 2825 2029 me
2867 1961 3165 2043 admone,
3205 1972 3282 2028 ut
3325 1963 3616 2030 scelestis
3659 1964 3800 2029 eius
3842 1963 4133 2030 consiliis
4174 1969 4567 2029 occurratur.

2719 2154 2843 2203 m..
2887 2048 3397 2219 Εῗᾛὲρίὲἒο
3440 2050 4001 2202 ἕξέἴᾬξὲἷ
4013 2045 4645 2201 ωῗέθῆἓοοξὲῗὲοΐ

2721 2228 2898 2288 certe
2963 2220 3070 2287 vel
3134 2221 3238 2287 ius
3303 2219 3471 2285 mihi
3533 2220 3767 2286 fuisset
3807 2227 4135 2306 negatum,
4177 2242 4258 2288 ve
4330 2238 4645 2303 nunqnam

2722 2307 3024 2391 laqueum
3051 2307 3404 2391 effugisset.
3462 2305 3686 2389 Quum
3720 2307 3888 2373 mihi
3922 2307 4254 2373 decretum
4291 2314 4466 2372 esset
4497 2325 4643 2371 mor-

2723 2392 2840 2460 bos
2884 2392 3229 2459 Polonicos
3250 2394 3337 2476 ¹⁹)
3382 2392 3508 2459 hoc
3549 2399 3840 2478 tempore
3882 2414 4014 2459 non
4057 2392 4404 2478 attingere,
4460 2391 4643 2475 preci·

2722 2478 2849 2545 bus
2903 2479 3035 2545 tuis
3084 2478 3297 2546 vicisti
3365 2486 3440 2545 ut
3502 2479 3780 2563 impium
3837 2500 4125 2545 errorem
4178 2499 4306 2562 quo
4364 2475 4643 2544 fascinati

2724 2571 2880 2631 sunt
2940 2566 3149 2631 nostri
3166 2567 3256 2640 ²⁰)
3324 2563 3710 2649 detegerem.
3811 2565 4093 2631 Miratus
4147 2585 4297 2631 sum
4363 2561 4641 2630 stolidam

2725 2651 2868 2717 eius
2906 2652 3279 2735 superbiam
3322 2651 3434 2735 qui
3490 2659 3625 2717 tam
3669 2649 4068 2717 confidenter
4123 2650 4318 2717 nobis
4359 2649 4639 2715 minatur.

2726 2735 3119 2820 Quanquam
3164 2743 3459 2803 autorem
3502 2737 3814 2820 epistolae
3863 2737 4158 2821 suspicor
4197 2756 4344 2803 esse
4389 2732 4643 2802 audacu-

2725 2822 2864 2888 lum
2929 2821 3255 2906 quendam
3315 2821 3605 2902 Gallum,
3671 2826 3856 2889 cuius
3910 2823 4249 2908 ingenium
4313 2821 4450 2888 illic
4499 2818 4641 2887 mihi

2724 2907 2954 2974 videor
2997 2915 3308 2994 tanquam
3351 2909 3422 2973 in
3466 2908 3728 2994 speculo
3770 2928 4052 2976 cernere.
4137 2907 4470 2976 Iudicium
4508 2923 4641 3056 61·ξο

2726 3014 2946 3059 meum
3000 3000 3115 3059 tuo
3170 3000 3408 3080 rogatu
3461 2995 3752 3079 exposui,
3817 3001 3884 3060 et
3937 2995 4090 3079 quia
4137 3012 4524 3079 responsum
4611 3011 4640 3057 e

2727 3078 3089 3146 Mediatore
3108 3082 3137 3122 ²
3151 3084 3200 3157 ¹)
3240 3080 3596 3160 intercidit,
3652 3101 3739 3146 ne
3781 3080 3939 3164 quid
3982 3079 4197 3148 simile
4238 3080 4637 3164 contingeret,

2726 3164 3055 3319 ξξῗιιᾶᾳῑη
3100 3166 3223 3235 hcc
3265 3166 3515 3245 curavi,
3571 3166 3723 3249 quia
3778 3167 3981 3233 etiam
4036 3166 4199 3234 utile
4251 3166 4383 3232 erit
4424 3164 4640 3250 passim

2902 3472 2991 3544 16)
3026 3473 3178 3529 Besa
3211 3473 3449 3544 &Apol
3473 3473 3569 3531 alt.
3590 3474 3666 3531 ad
3689 3473 3769 3530 01.
3803 3473 4126 3530 doxaintes
4159 3472 4377 3542 (ib-act.
4408 3472 4475 3529 11.
4505 3469 4638 3536 862).-

2726 3543 2955 3599 Interfui
3006 3543 3215 3624 proelio
3266 3547 3324 3598 et
3372 3543 3649 3598 inchoanti
3701 3548 3759 3599 et
3802 3543 4073 3625 desinenti
4091 3543 4355 3666 ogquiffi·
4385 3542 4522 3624 onim
4555 3540 4638 3622 hpo

2726 3613 2962 3695 facerem
3017 3628 3082 3666 eo
3133 3616 3239 3667 nte
3274 3617 3497 3667 vocatus
3510 3614 3564 3681 1²)
3617 3617 3675 3668 et
3665 3613 3963 3736 mffiidem,
4015 3629 4090 3683 qu
4210 3629 4387 3684 magis
4434 3623 4636 3677 mrem,

2727 3682 2982 3764 palliatus
3025 3697 3133 3735 non
3175 3686 3427 3737 armatus.
3505 3682 3622 3763 Nec
3697 3751 3709 3764 ·
3927 3698 4119 3751 squam
4158 3697 4291 3736 vere
4326 3682 4414 3735 vel
4428 3677 4637 3763 ‘caedem

2727 3767 3042 3820 ⁰¹²¹qu
3089 3750 3192 3872 1323.
3227 3750 3985 3889 fftssmoeamtzss‘sstssff
4013 3750 4637 3873 sffiffiffssffi

2725 3835 3199 3958 ffssgssgfflffiem
3217 3904 3339 3941 enm
3375 3893 3589 3943 constat
3621 3903 3742 3942 cum
3759 3889 3935 3943 altero
3969 3904 4130 3957 quem
4163 3888 4410 3943 nominas
4430 3880 4636 3954 [strok-

2726 3956 2991 4094 mortovq)
3003 3955 3312 4039 proditione
3344 3957 3402 4011 in
3438 3957 3696 4038 oppidulo
3732 3956 3910 4041 vicino
3944 3973 4008 4011 ca
4045 3961 4177 4039 tum.
4224 4027 4236 4040 ·
4529 4023 4539 4035 ι

2889 4025 2928 4109 ,1
3053 4025 3197 4080 Vam
3253 4040 3514 4081 rumores.
3585 4024 3921 4109 ‘Gau-doftaha
3988 3973 4234 4080 iisdem·
4285 4029 4407 4081 erat
4452 4023 4538 4079 ab·
4579 4019 4633 4073 ἆ*

2763 4094 4076 4232 vifflass‘ffmpifflffllfflffifffflx
4103 4087 4635 4228 &awti

2728 4232 2952 4288 eandm
2988 4231 3377 4312 Imperatorem
3431 4246 3552 4314 aava
3602 4246 3791 4288 novem
3921 4235 3930 4245 “
4068 4179 4368 4288 ‘Prouisis
4413 4241 4528 4285 mou
4569 4222 4632 4280 cd

2727 4300 3221 4440 fflifmdfflf·
3245 4301 3593 4451 ww,
3623 4301 3672 4357 ²⁶
3698 4299 3952 4451 ⁰“'‘·‘[¹⁶
4113 4438 4126 4451 ,
4346 4439 4359 4452 ,

2729 4436 3663 4631 ἒζέἑξςέΠέξιέιὲῐᾶ-ὲὲἒῗέξῖαῗῗ
3699 4441 3875 4629 ,Ἑέκ
3893 4456 3978 4561 ιὲκ
3986 4435 4483 4589 Ἡῖτίἓῗίοζιοίἓὲ
4508 4447 4630 4556 effi

2729 4644 3005 4700 Navarrae
3065 4644 3292 4699 concilio
3346 4591 3693 4698 Τνίᾶθιιὲξὲι)Β
3730 4592 4058 4699 οεῗέιῗὲῗτξῖ.
4080 4592 4253 4700 om8²:31
4270 4578 4628 4717 ίῖζαιέοεωέιρᾷ

2730 4713 2976 4796 Tridenti
3009 4717 3369 4795 commoratus
3404 4712 3592 4767 audita
3722 4714 3736 4727 ⁸
3780 4719 3958 4797 morte
3990 4714 4176 4768 atatim
4208 4726 4451 4768 reversus
4480 4712 4556 4763 eet
4580 4719 4627 4758 m

2730 4782 2962 4865 Gauium
2996 4781 3304 4864 (Heuqltnq,
3335 4780 3509 4864 ..Bam
3538 4797 3598 4852 p.
3631 4781 3667 4837 3
3704 4822 3718 4836 .
3752 4782 3902 4853 Baua
3927 4798 3988 4853 p.
4026 4780 4165 4852 191).
4236 4780 4312 4837 In
4343 4781 4437 4838 hoo
4464 4782 4625 4835 &m

2727 4850 3551 5059 ἶῖῗξέδξὲξίξθαᾶῗῗέἓο
3601 4920 3672 4976 ad
3705 4921 3956 4977 Polonos.
4011 4919 4183 4990 (Opp.
4221 4918 4319 4974 11.
4360 4916 4468 4973 629.
4510 4912 4621 4969 Pro-

2730 5056 3726 5196 ...mttsszzqffxxtamffffl
3756 5050 4620 5197 :fflfflffltwffl

2730 5195 2887 5250 dam
2898 5194 3335 5333 εἷ’)οἶῖξὲἷῖἒῗὲ
3368 5281 3439 5318 an
3474 5264 3735 5318 arbiteru
3795 5263 3916 5321 ιιηο
3947 5269 4142 5322 mm
4177 5260 4431 5321 sta-oar&
4456 5256 4618 5325 dom

2732 5330 2800 5386 dc
2836 5330 3054 5388 Christo
3084 5333 3380 5390 mediatore
3412 5333 3691 5402 scriptum.

4121 4248 4631 4370 &samm-a
