4850 6117
232 418 378 483 709

427 603 623 685 Quod
680 603 877 673 simul
934 624 1010 671 ac
1050 605 1204 671 finis
1256 611 1586 690 utcunque
1626 613 1891 674 nostrae
1944 615 2200 693 tragoe-

233 689 399 756 diae
441 691 785 775 impositus
829 691 975 784 fuit,
1034 690 1580 760 reverendissime
1621 700 1826 777 pater,
1885 715 2020 761 non
2065 701 2198 761 sta-

229 776 370 844 tim
418 776 500 842 ad
560 785 626 842 te
684 777 899 861 qualis
953 776 1064 842 ille
1103 778 1302 843 fuerit
1343 780 1732 861 scripserim,
1791 799 1877 845 ne
1917 781 2194 846 mireris.

231 860 478 944 Quum
542 862 721 928 enim
773 863 858 934 ‚in
935 863 1230 929 animum
1293 863 1426 930 iam
1489 864 1746 948 pridem
1822 865 2199 932 induxerim

227 968 490 1029 meum,
543 947 667 1016 hoc
722 957 1031 1033 tempore,
1090 949 1229 1016 sive
1274 946 1612 1016 dissidium
1678 959 1979 1018 nostrum
2022 973 2196 1019 com-

226 1042 618 1117 poneretur,
679 1035 818 1102 sive
871 1056 1001 1102 non
1057 1043 1569 1119 componeretur,
1625 1036 1920 1104 conferre
1963 1059 2070 1104 me
2113 1038 2197 1105 ad

227 1118 368 1188 has
428 1120 740 1201 thermas,
766 1123 818 1205 ¹)
864 1129 933 1187 et
975 1122 1130 1189 hinc
1172 1119 1256 1186 ad
1299 1143 1435 1202 vos,
1493 1122 1728 1189 deinde
1785 1123 1856 1188 in
1916 1124 2198 1208 patriam

227 1206 493 1287 uxoris,
509 1207 568 1288 ²)
624 1206 819 1293 idque
873 1216 1017 1272 tum
1060 1207 1456 1274 valetudinis
1520 1217 1663 1275 tum
1728 1209 1928 1276 etiam
1995 1210 2198 1275 animi

227 1293 407 1359 satis
473 1292 703 1358 afflicti
767 1292 1106 1360 recreandi
1165 1314 1382 1372 causa,
1445 1294 1651 1360 malui
1713 1314 1937 1361 coram
2000 1317 2196 1379 quam

226 1398 362 1462 per
398 1378 625 1445 literas
661 1387 871 1445 totum
908 1379 1244 1464 negotium
1280 1379 1467 1446 vobis
1501 1375 1846 1464 explicare.
1910 1380 1991 1446 Id
2023 1381 2196 1465 quod

226 1464 354 1531 ubi
403 1463 489 1530 ad
532 1485 649 1531 vos
686 1485 928 1531 venero
966 1465 1260 1544 (veniam
1303 1477 1525 1531 autem
1547 1468 1692 1533 Deo
1714 1465 1975 1533 volente
2018 1468 2198 1534 intra

237 1555 324 1616 10
384 1558 504 1616 aut
563 1554 637 1614 12
695 1551 833 1617 dies
928 1551 1280 1635 perficiam.
1373 1551 1570 1618 Nunc
1633 1561 1895 1618 tantum
1962 1553 2196 1621 habeto

225 1635 766 1704 conclusionem:
872 1647 1324 1704 ontroversam
1369 1635 1628 1721 quidem
1673 1637 2036 1705 doctrinam
2078 1660 2193 1706 ne-

227 1743 369 1807 que
417 1743 560 1789 esse
602 1723 958 1790 iudicatam
1002 1722 1274 1807 (diserte
1316 1724 1495 1789 enim
1531 1723 1843 1790 dixerunt
1877 1725 2194 1808 composi·

226 1815 441 1889 tores,
465 1810 520 1893 ³)
565 1830 637 1876 se
681 1831 816 1875 non
859 1809 1119 1876 venisse
1173 1809 1532 1875 iudicatum
1573 1809 1655 1875 de
1700 1808 2015 1889 doctrina,
2071 1810 2195 1877 hoc

229 1895 425 1960 enim
486 1916 629 1962 esse
686 1895 962 1963 alicuius
1025 1894 1263 1980 synodi
1320 1894 1659 1978 officium),
1726 1916 1937 1979 neque
1995 1896 2193 1962 etiam

231 2001 388 2047 esse
447 1983 878 2066 compositam
934 1980 1284 2065 (quomodo
1339 1983 1515 2047 enim
1574 1983 1876 2066 componi
1939 1983 2195 2066 possint

228 2066 749 2134 contradictoria
760 2067 846 2151 ‘?),
881 2067 1396 2135 conciliationem
1433 2076 1653 2133 tamen
1687 2068 2016 2153 quandam
2053 2070 2194 2134 ani-

228 2173 504 2219 morum
539 2173 684 2219 esse
725 2153 984 2232 factam,
1045 2153 1428 2220 condonatis
1470 2156 1776 2237 utrinque
1820 2155 2075 2220 iniuriis
2118 2175 2194 2220 ac

228 2237 643 2305 maledictis:
687 2238 925 2305 deinde
966 2240 1038 2305 in
1082 2240 1410 2323 quandam
1453 2239 1785 2305 doctrinae
1827 2240 2194 2319 formulam,

231 2331 388 2390 tum
456 2322 538 2390 de
601 2345 822 2406 coena,
883 2335 1025 2390 tum
1091 2325 1174 2391 de
1237 2324 1862 2409 praedestinatione,
1929 2347 2059 2409 qua
2121 2327 2193 2392 in

226 2420 578 2493 posterum
636 2418 947 2477 caveatur
1001 2433 1085 2477 ne
1146 2409 1595 2477 huiuscemodi
1638 2413 2024 2496 contingant
2058 2411 2191 2479 dis-

226 2494 429 2576 sidia,
488 2518 631 2564 esse
674 2517 1083 2572 consensum,
1142 2497 1225 2562 ab
1284 2498 1430 2564 aliis
1482 2496 1749 2580 quidem
1805 2498 2192 2581 simpliciter

227 2602 269 2646 a
327 2603 444 2648 me
502 2604 661 2649 vero
719 2605 868 2650 cum
935 2582 1404 2668 protestatione
1471 2593 1540 2649 et
1602 2593 1796 2651 cauta
1859 2585 2188 2669 subscrip·

226 2669 435 2735 tione.
528 2667 615 2733 In
680 2690 969 2736 summa:
1036 2670 1166 2735 huc
1221 2670 1442 2735 omnia
1505 2670 1704 2736 fuisse
1767 2672 2069 2736 instituta
2113 2677 2191 2736 ut

225 2753 640 2833 scandalum,
699 2755 873 2839 quod
915 2776 1049 2821 non
1095 2776 1377 2839 parvum
1419 2762 1562 2822 erat
1603 2756 1672 2820 in
1717 2757 1880 2823 urbe
1921 2763 2190 2841 propter

227 2841 361 2909 hoc
423 2841 789 2921 dissidium,
858 2841 1076 2926 aliqua
1140 2842 1394 2908 ratione
1460 2842 1824 2921 tolleretur,
1888 2841 2188 2925 publicae

225 2927 384 3012 paci
427 2927 876 2994 consuleretur
910 2927 1261 3011 scholaque
1294 2928 1365 2992 in
1409 2929 1746 3013 integrum
1792 2934 2038 2994 statum
2083 2950 2187 2994 re·

226 3014 642 3094 stitueretur,
686 3021 754 3080 et
794 3036 951 3082 vero
995 3015 1196 3080 etiam
1240 3014 1676 3080 ministerium
1721 3014 1912 3080 tectis
1954 3022 2189 3081 utcun-

229 3120 366 3182 que
422 3099 894 3166 nonnullorum
953 3098 1286 3166 erroribus
1341 3100 1412 3165 in
1471 3122 1591 3166 sua
1650 3099 1714 3165 di
1764 3101 1969 3166 nitate
2014 3100 2189 3184 apud

226 3183 496 3269 plebem
528 3195 1047 3336 clonservaretur.
1107 3186 1389 3270 Reliqua
1421 3207 1658 3253 coram.
1786 3188 1905 3252 ale.
1964 3185 2189 3253 Badae

236 3275 338 3338 16.
388 3272 555 3356 Apri
585 3319 600 3336 .
650 3275 834 3339 1563.

1009 3567 1414 3578 -——-.——-

1109 3817 1312 3888 3985.

626 3988 1297 4058 BULLINGERUS
1354 3988 1789 4057 OALVINO.

408 4160 738 4228 Percurrit
787 4162 1024 4243 raptim
1085 4166 1276 4228 totam
1330 4163 1557 4228 seriem
1612 4182 1916 4229 novarum
1970 4185 2184 4231 remm

228 4254 364 4314 tam
403 4247 484 4313 ab
526 4248 666 4330 ipso
702 4246 958 4314 Calvino
1010 4252 1409 4330 acceptarum
1448 4268 1640 4331 qaam
1680 4250 1881 4316 eidem
1923 4252 2181 4318 aliwtde

227 4334 699 4400 vadendam.

228 4505 347 4573 (Ex
393 4505 731 4576 autographo
767 4504 929 4558 Arch-
966 4503 1148 4559 Turic.
1184 4505 1333 4562 Plut.
1369 4506 1469 4562 VI.
1504 4508 1630 4562 Vol.
1667 4507 1791 4576 129,
1839 4509 1970 4563 olim
2007 4510 2177 4566 Scrin.

456 4574 516 4628 B.
552 4575 692 4644 Epp.
728 4573 879 4628 Tem.
913 4571 998 4640 30,
1034 4574 1127 4629 fol.
1159 4572 1280 4628 455.
1320 4603 1386 4616 -
1422 4576 1634 4633 Simler.
1671 4577 1796 4633 Vol.
1829 4577 1973 4643 107.)

406 4744 785 4812 Clarissimo
837 4745 980 4812 viro
1026 4744 1111 4811 D.
1157 4744 1392 4811 Ioanni
1447 4747 1722 4814 Calvino
1767 4749 2178 4819 Genevensis

227 5001 496 5067 8984.1)
530 5001 824 5058 Badenam
859 5017 1036 5059 aecum
1070 5002 1232 5057 duxit
1262 5003 1531 5070 famulum
1566 5021 1729 5062 suum
1750 5006 1913 5064 md.
1953 5006 2178 5078 Syzbur-

223 5072 555 5195 ⁹‘.'“”²38“0{
575 5070 1272 5210 waitf'ffffla‘eff
1306 5087 1440 5128 ”⁶⁰⁶
1473 5076 1671 5131 mm
1704 5075 1986 5132 ‘'mm“
2061 5075 2176 5146 “³²“

226 5139 285 5191 Ν
329 5139 400 5195 39
433 5207 490 5276 2)
531 5209 735 5265 Vallem
779 5157 1056 5265 Teu-'nait

433 5276 492 5348 3)
529 5277 803 5345 Saltem,
846 5277 1122 5349 Andreae,
1169 5279 1561 5337 Flo‘mbacho‘us
1604 5287 1657 5338 et
1721 5281 1834 5339 Ulr.
1907 5282 2177 5340 Koechlin

226 5345 581 5404 Rucuma.
647 5346 755 5414 (N.
787 5346 970 5414 8919.)

2001 421 2163 485 1563
2205 420 2519 492 APBIL.

4126 430 4256 495 710

2301 609 2613 677 ecclesiae
2670 607 3047 677 fidelissimo
3103 611 3348 694 pastori
3409 610 3671 680 domino
3736 611 4118 681 honorando
4176 622 4251 682 et

2300 695 2491 761 fratri
2534 695 2727 781 longe
2768 695 3128 763 carissimo.
3855 782 4075 852 θεώ.

2470 951 2540 1019 S.
2577 954 2661 1019 D.
2742 951 2953 1046 Vald‘p
2997 951 3181 1020 doleo
3194 1005 3212 1034 ,
3269 953 3537 1020 colende
3604 953 3864 1022 domine
3916 963 3986 1021 et
4043 956 4249 1024 frater

2298 1037 2651 1118 carissime,
2689 1046 3101 1123 praereptam
3120 1038 3311 1105 nobis
3344 1060 3488 1106 esse
3521 1041 3715 1107 istius
3748 1044 3799 1121 ι)
3833 1041 4247 1109 festinatione

2296 1125 2766 1210 intempestiva
2806 1133 3059 1190 tantam
3094 1125 3497 1192 occasionem
3529 1127 3710 1210 pacis
3753 1126 3999 1194 solidae
4042 1128 4245 1195 stabi-

2295 1209 2507 1294 lisque
2542 1208 3052 1278 constituendae.
3109 1210 3359 1276 Vereor
3393 1212 3569 1277 enim
3602 1212 3963 1295 plurimum
3997 1234 4082 1280 ne
4113 1214 4245 1281 ista

2298 1294 2614 1363 durabilis
2671 1297 2759 1363 sit
2814 1297 3050 1380 futura.
3134 1296 3417 1378 Quando
3459 1318 3617 1364 vero
3672 1298 3864 1364 aliter
3918 1300 4063 1366 fieri
4106 1318 4244 1366 non

2295 1389 2526 1464 potest,
2588 1380 2875 1448 orandus
2926 1390 3029 1448 est
3082 1382 3271 1449 nobis
3314 1383 3659 1466 Dominus,
3714 1392 3794 1450 ut
3842 1384 3957 1451 ille
4000 1386 4245 1452 morbis

2295 1467 2443 1534 istis
2506 1468 2849 1534 hominum
2923 1468 3064 1535 sive
3125 1468 3368 1535 inertia
3430 1469 3570 1536 sive
3635 1470 3886 1535 malitia
3956 1469 4243 1538 inductis

2293 1552 2655 1620 medeatur.
2714 1553 2931 1619 Oausa
2962 1554 3127 1620 haec
3160 1554 3433 1620 Domini
3466 1563 3585 1621 est.
3644 1555 3808 1622 Sine
3840 1555 4039 1623 huius
4072 1563 4243 1624 nutu

2294 1639 2466 1705 nihil
2518 1641 2613 1706 fit.
2686 1639 2848 1704 Vult
2899 1639 3013 1706 ille
3054 1638 3232 1706 haud
3293 1639 3489 1706 dubie
3543 1641 3640 1707 ita
3691 1662 3999 1709 exercere
4041 1642 4243 1709 fidem

2294 1733 2360 1790 et
2411 1725 2799 1810 patientiam
2857 1732 3170 1793 nostram.
3253 1727 3344 1791 Ac
3386 1726 3689 1795 videmus
3742 1729 3876 1793 iam
3919 1728 4004 1794 ab
4045 1728 4241 1795 annis

2294 1816 2378 1877 40
2423 1819 2491 1877 et
2532 1811 2810 1894 amplius
2851 1811 3126 1878 mirifice
3160 1813 3380 1877 Deum
3411 1821 3711 1878 nostrum
3750 1833 4013 1880 causam
4054 1813 4243 1880 illam

2294 1896 2632 1982 religionis
2697 1906 2765 1963 et
2820 1897 3223 1981 promovisse
3287 1898 3359 1962 in
3417 1897 3661 1964 mundo
3718 1907 3788 1964 et
3851 1899 4239 1967 defendisse.

2294 1982 2446 2048 Non
2490 1982 2698 2049 deerit
2739 1982 2924 2049 nobis
2965 1982 3425 2049 invocantibus
3468 2005 3711 2050 nomen
3752 1985 3915 2052 eius.
3989 1986 4241 2051 Mirum

2294 2088 2451 2135 vero
2492 2069 2660 2135 illud
2700 2078 2819 2147 est,
2876 2067 3048 2152 quod
3104 2076 3173 2134 et
3218 2069 3612 2136 Nummius
3631 2074 3667 2110 ⁴·
3693 2075 3747 2144 ²)
3792 2079 4084 2137 mortuos
4128 2069 4241 2138 de-

2294 2176 2512 2221 serere
2569 2176 2701 2220 non
2754 2154 2916 2233 vult,
2969 2154 3205 2237 quibus
3247 2154 3574 2221 indivulse
3618 2155 3917 2223 adhaesit
3958 2156 4240 2224 viventi-

2296 2239 2434 2306 bus.
2506 2239 2569 2306 Ο
2616 2248 2857 2325 quanto
2910 2240 3311 2307 nebulonum
3353 2240 3641 2324 pondere
3697 2241 3957 2310 levatur
3999 2242 4235 2310 Gallia.

2294 2326 2694 2392 Miraculum
2757 2337 2857 2392 est
2918 2325 3154 2410 ingens
3170 2377 3187 2407 ,
3266 2326 3438 2411 quod
3515 2334 3808 2411 tempore
3885 2327 4242 2395 admodum

2297 2411 2483 2478 brevi
2526 2420 2624 2478 tot
2667 2412 2905 2479 sublati
2948 2419 3104 2479 sunt
3135 2412 3359 2478 hostes
3401 2414 3726 2498 evangelii
3763 2435 4018 2499 graves.
4085 2415 4240 2481 Non

2293 2498 2537 2565 frustra
2593 2519 2871 2566 evenere
2926 2498 3107 2565 haec.
3177 2499 3392 2566 Favet
3448 2498 3662 2567 adhuc
3706 2499 3965 2566 Galliae
4006 2499 4240 2567 Domi-

2295 2605 2422 2652 nus
2456 2584 2567 2668 qui
2599 2584 2973 2651 huiusmodi
3016 2605 3162 2650 eam
3204 2584 3443 2650 liberat
3484 2587 3812 2653 monstris.
3882 2586 4241 2655 Benedicet

2294 2670 2355 2735 ei
2415 2672 2612 2736 etiam
2668 2691 2788 2736 suo
2843 2679 3135 2752 tempore
3175 2670 3450 2754 plenius.
3518 2670 3659 2755 Ipsi
3703 2673 3933 2757 gloria.
4003 2673 4240 2740 Caete-

2292 2777 2443 2821 rum
2499 2777 2644 2822 meo
2700 2765 2769 2822 et
2826 2757 3119 2822 omnium
3177 2757 3458 2822 fratrum
3498 2758 3767 2823 nomine
3821 2757 3938 2823 tibi
3992 2762 4238 2844 gratias

2293 2863 2434 2993 {⁸53
2475 2841 4237 3013 3¹3.ssss&5⁰321fflff⁰³32..3t.{⁰.33.¹¹281?5.⁰225:

2290 3014 2505 3080 fecisti
2561 3013 3024 3099 gratissimam.
3106 3013 3383 3080 Utinam
3447 3015 3632 3080 brevi
3694 3014 3979 3082 scribere
4044 3015 4236 3082 detur

2291 3097 2626 3170 faustiora.
2693 3099 2828 3166 Sed
2872 3109 2938 3165 et
2979 3121 3099 3165 nos
3142 3108 3210 3165 et
3252 3121 3357 3166 res
3391 3109 3655 3167 nostrae
3694 3121 3921 3169 omnes
3965 3111 4120 3168 sunt
4160 3103 4232 3170 in

2292 3206 2497 3250 manu
2541 3185 2811 3252 Domini
2852 3184 2983 3250 Dei
3026 3186 3249 3250 nostri.

2464 3271 2643 3353 Quid
2684 3270 2924 3337 factum
2969 3271 3056 3337 sit
3099 3273 3170 3337 in
3215 3291 3411 3337 causa
3454 3272 3698 3338 Zancki
3727 3276 3782 3356 ⁸)
3828 3276 4234 3359 Argentinae

2289 3356 2616 3441 intelliges
2657 3358 2901 3424 rectius
2944 3377 3028 3422 ex
3069 3357 3279 3441 ipsius
3318 3358 3545 3424 literis.
3615 3359 3790 3425 Mihi
3832 3359 4091 3427 videtur
4126 3362 4232 3428 vir

2291 3442 2499 3509 bonus
2534 3443 2729 3526 paulo
2765 3440 3248 3526 imprudentius
3282 3444 3512 3528 egisse,
3555 3451 3623 3510 et
3656 3445 3938 3511 nimium
3974 3445 4230 3514 dedisse

2290 3536 2356 3593 et
2395 3528 2689 3595 hostibus
2731 3536 2799 3594 et
2840 3529 3378 3613 compositoribus
3422 3539 3541 3596 etc.
3613 3531 3720 3595 Ex
3765 3530 3961 3596 Italia
4001 3533 4232 3599 scribi-

2288 3621 2400 3680 tur
2441 3621 2736 3680 mortuos
2778 3636 2922 3680 esse
2956 3615 3341 3699 praecipuos
3376 3615 3624 3700 legatos
3666 3617 3923 3682 concilii
3958 3618 4232 3684 Triden-

2287 3700 2414 3765 tini
2477 3700 2953 3779 Mantuanum,
3032 3700 3492 3766 Tridentinum
3559 3711 3625 3767 et
3685 3700 4143 3785 Seripandum.
4172 3706 4233 3785 ⁴)

2285 3787 2521 3853 Patres
2555 3787 2811 3854 concilii
2845 3787 3268 3852 vehementer
3303 3786 3632 3864 dissidere,
3678 3786 3835 3853 dum
3877 3788 3947 3852 hi
3989 3811 4230 3874 papam

2285 3873 2519 3939 volunt
2560 3871 2876 3939 subiicere
2919 3872 3208 3951 concilio,
3261 3873 3374 3938 alii
3415 3874 3761 3956 praeferre,
3819 3883 3895 3940 ut
3936 3876 4049 3959 qui
4092 3898 4226 3942 non

2286 3957 2375 4023 sit
2408 3957 2490 4023 ab
2526 3958 2660 4023 ullo
2694 3957 3101 4024 iudicandus.
3167 3957 3542 4024 Sessionem
3578 3960 3726 4026 illos
3761 3961 3832 4025 in
3859 3964 3958 4026 22.
3987 3962 4226 4046 Aprilis

2285 4042 2618 4110 distulisse
2693 4042 2921 4111 scribit
2995 4044 3211 4109 Iulius
3270 4042 3800 4111 Mediolanensis.
3834 4047 3888 4129 ⁵)
3992 4046 4229 4115 Comes

2282 4317 2469 4373 8935.
2489 4318 2546 4383 1)
2583 4315 2840 4372 Gondaet'.

2487 4386 2551 4453 2)
2582 4388 2746 4456 pravi
2777 4386 2962 4440 morbo
2995 4386 3224 4454 affectus
3258 4386 3336 4443 N.
3368 4385 3523 4440 3929.

2485 4454 2547 4593 ἓξ
2580 4453 3379 4606 ἔηέιῖῑσῗῃὲοξὲἒξθὸανά.
3430 4524 3485 4578 S.
3534 4524 3761 4581 Mariae
3816 4543 4006 4610 nouae,
4059 4529 4227 4585 Man-

2280 4599 2500 4657 manus,
2605 4608 2755 4648 aesca
2787 4593 3004 4647 concil-t
3037 4593 3171 4647 obtat
3201 4609 3255 4647 a.
3292 4593 3347 4649 d.
3382 4593 3474 4647 VI.
3520 4609 3699 4650 nonae
3736 4595 3997 4652 Martias.
4066 4599 4227 4658 Hier.

2283 4661 2518 4732 Seripan
2559 4677 2627 4717 us
2661 4661 2826 4717 Gara.
2861 4676 2906 4716 ε.
2928 4660 3234 4729 Simoni-ae,
3258 4661 3652 4729 Neapolitanus
3701 4667 3802 4734 qui
3833 4671 3882 4721 ct
3914 4668 4034 4736 ipse
4064 4683 4226 4736 prae-

2280 4745 2366 4786 m
2395 4731 2525 4798 fuit,
2558 4732 2698 4787 obiit
2728 4747 2783 4785 a.
2821 4730 2874 4784 a.
2912 4729 3063 4785 xw.
3113 4731 3214 4785 σαι.
3258 4730 3497 4799 Apo-aes.
3586 4707 3706 4794 (150
3760 4733 3915 4789 Thou
3960 4736 4061 4793 111.
4101 4735 4223 4800 43⁷,

2416 4800 2617 4855 ualdus
2659 4798 2795 4854 1563
2838 4816 2892 4853 n.
2940 4797 3025 4853 58.
3067 4797 3180 4867 59.)
3269 4800 3483 4856 Ladon.
3542 4801 3894 4865 Madv-aeine,
3945 4804 4109 4860 Gara.
4165 4806 4223 4860 S.

2283 4869 2382 4925 Gal
2403 4870 2513 4932 isti,
2547 4885 2628 4939 ep.
2664 4868 3019 4924 molentium
3050 4883 3219 4939 neque
3250 4869 3462 4938 leyatas
3494 4876 3627 4935 orat,
3663 4886 3835 4940 neque
3860 4880 4112 4929 mortuus
4146 4881 4227 4930 m

2277 4955 2339 4993 eo
2374 4946 2477 4994 tem
2515 4953 2624 5004 ore,
2660 4938 2758 4992 sed
2790 4939 2932 4992 vixit
2964 4936 3043 4992 ad
3074 4954 3129 4992 0.
3163 4937 3316 4991 1567.
3387 4939 3442 4991 Α
3476 4938 3654 4993 medio
3686 4957 3756 4993 m.
3795 4940 3941 5011 Sept.
3980 4942 4115 4998 1562
4147 4943 4226 4999 ad

2279 5006 2420 5063 Idus
2491 5008 2564 5061 ul.
2601 5006 2737 5062 1563
2768 5006 2923 5061 nulla
2955 5007 3125 5061 sessio
3155 5006 3424 5063 celebrata
3451 5006 3577 5073 fuit.

2482 5074 2546 5144 5)
2588 5075 2778 5130 Giulio
2823 5075 3110 5141 Milanese,
3158 5075 3243 5130 Io.
3306 5075 3547 5130 Valdesii
3597 5076 3917 5148 discipulus,
3978 5080 4227 5136 Vemac’t‘

2275 5145 2638 5201 collaborator
2670 5158 2761 5213 ap.
2788 5144 3205 5213 Neapolitanos,
3244 5143 3451 5199 Ochino
3467 5145 3852 5212 familiaritate
3883 5150 4221 5213 coniunctus,

2276 5230 2305 5269 e
2338 5227 2555 5269 carcere
2600 5212 2898 5269 Venetiam
2941 5213 3215 5282 profugus
3278 5213 3406 5267 inde
3451 5215 3523 5269 ab
3556 5229 3609 5268 a.
3645 5213 3782 5268 1547
3832 5216 4128 5273 Paeoniam·
4156 5219 4223 5275 ⁸⁹0⁸

2291 5282 2440 5338 Valle
2468 5280 2679 5337 Tollina
2710 5283 3012 5339 ministerio
3042 5256 3374 5352 sumebatur
3390 5282 3537 5339 unde
3547 5283 3821 5352 plumbeae
3848 5284 4001 5341 dedit
4033 5287 4223 5345 literas

2276 5352 2352 5407 ad
2386 5350 2783 5422 Buttmann.

3701 5435 3812 5493 450
