4850 6117
617 412 698 477 79
2130 404 2657 475 EPIS'POLAB
2700 405 3126 470 3587—3590
4555 403 4635 467 80

617 615 901 665 sommes
966 594 1117 679 plus
1182 600 1420 661 atenus
1485 615 1610 679 que
1688 616 1728 660 a
1805 615 1971 660 nous
2026 616 2299 679 propres
2375 616 2567 679 peres

615 681 915 749 naturelz
948 680 1292 766 aulxquelz
1330 703 1451 765 par
1483 680 1547 745 le
1582 680 2084 747 comandement
2118 681 2204 746 du
2235 680 2569 766 Seigneur

614 770 795 836 Dieu
829 766 1120 835 debvous
1155 768 1408 833 honour
1443 774 1511 833 et
1543 767 1951 852 obyssansse‚
1997 767 2163 834 mais
2198 787 2360 834 vous
2394 775 2568 835 estes

663 875 774 921 ere
831 853 912 918 de
955 862 1104 919 tous
1161 854 1257 918 les
1311 861 1644 939 crestyens
1697 874 1942 938 organo
2000 859 2067 917 et
2124 853 2427 920 ministre
2485 854 2568 920 de

614 877 769 1008 Rieu
845 941 1078 1006 vivant
1163 959 1281 1022 par
1358 938 1427 1003 la
1504 939 1833 1005 Influxion
1917 937 2006 1005 du
2083 940 2292 1006 sainct
2363 942 2569 1023 sperit

617 1034 685 1093 et
748 1047 870 1111 par
934 1032 1192 1092 vostres
1256 1024 1520 1090 labeurs
1585 1032 1652 1090 et
1723 1032 2076 1091 noteurnes
2120 1025 2566 1093 lucubratione

616 1133 775 1179 aves
839 1131 1157 1196 regenero
1199 1130 1318 1177 nos
1384 1110 1591 1193 speris
1634 1109 1966 1178 ensamble
2003 1132 2170 1177 nous
2213 1133 2369 1178 aves
2404 1112 2566 1178 tires

619 1198 701 1266 de
742 1197 811 1264 la
865 1197 1192 1264 maudicte
1236 1205 1302 1262 et
1346 1195 1692 1262 damnable
1735 1196 2110 1282 Idolatryee
2153 1204 2221 1263 et
2276 1200 2567 1283 superis-

614 1285 812 1350 tition
868 1282 1103 1366 papale
1146 1304 1230 1348 en
1271 1282 1552 1365 laquelle
1596 1304 1758 1348 nous
1802 1289 1868 1348 et
1910 1305 2078 1349 nous
2120 1304 2312 1366 peres
2357 1304 2565 1350 avons

614 1370 775 1456 long
827 1375 1039 1452 temps
1094 1368 1401 1434 domeure
1459 1375 1522 1433 et
1579 1389 1697 1451 par
1751 1369 1820 1434 la
1874 1390 2068 1453 graee
2127 1370 2213 1436 du
2259 1370 2567 1456 seigneur

618 1456 770 1522 dieu
826 1476 991 1522 vous
1049 1474 1216 1520 nous
1260 1476 1417 1521 aves
1460 1454 1754 1541 conduys
1798 1476 1838 1520 a
1879 1456 1946 1520 la
1991 1455 2223 1540 droyte
2263 1457 2565 1541 bergerie

617 1542 707 1609 du
763 1542 1070 1625 seigneur
1124 1539 1278 1606 dieu
1333 1547 1399 1606 et
1454 1549 1846 1607 mantenant
1899 1561 2062 1607 vous
2119 1562 2395 1609 asurons
2438 1563 2564 1626 que

615 1648 831 1695 eomes
875 1646 1127 1692 comme
1168 1646 1407 1710 povres
1452 1627 1694 1693 evelles
1737 1648 2035 1712 esgarees
2080 1647 2232 1693 sans
2273 1635 2562 1711 pasteur.

610 1713 708 1780 les
749 1712 983 1780 enfans
1038 1712 1436 1778 demandent
1488 1713 1550 1779 le
1595 1714 1749 1797 pain
1794 1715 1898 1779 vif
1934 1713 2100 1779 mais
2142 1735 2232 1799 ny
2278 1734 2318 1779 a
2361 1735 2564 1799 guere

612 1820 891 1884 persone
937 1819 1065 1883 que
1108 1798 1253 1863 leur
1296 1820 1381 1864 en
1425 1819 1653 1882 coupe.
1740 1799 1807 1864 la
1849 1821 2123 1884 moysen
2167 1808 2271 1866 est
2311 1801 2565 1885 grande

614 1894 681 1950 et
714 1906 940 1951 meurs
993 1883 1378 1967 Depardesa
1421 1893 1486 1951 et
1546 1906 1714 1968 pour
1756 1904 1829 1950 ce
1874 1905 2037 1951 vous
2079 1884 2441 1971 subplyons
2483 1886 2565 1954 de

612 1970 744 2038 bon
800 1991 1006 2038 eueur
1070 1991 1197 2054 que
1259 1977 1412 2056 soyt
1475 1980 1698 2037 vostre
1763 1970 1897 2036 bon
1952 1971 2201 2058 playsir
2260 1972 2339 2037 de
2398 1993 2565 2040 nous

613 2057 933 2143 vouloyer
997 2076 1290 2141 envoyer
1353 2077 1495 2141 ung
1556 2057 1687 2121 bon
1752 2063 2020 2140 pasteur
2080 2070 2148 2123 et
2227 2080 2352 2141 que
2417 2067 2567 2145 soyt

616 2164 765 2210 aces
818 2145 948 2210 fort
1001 2164 1168 2225 pour
1225 2163 1394 2207 nous
1452 2161 1693 2226 couper
1749 2165 1821 2209 ce
1876 2165 2002 2211 vra
2102 2144 2259 2227 pain
2306 2145 2403 2212 vif
2441 2166 2567 2230 que

614 2237 763 2296 nest
827 2229 1042 2295 aultre
1100 2227 1294 2295 chose
1358 2249 1483 2311 que
1546 2229 1612 2293 la
1668 2229 1913 2312 parolle
2023 2250 2060 2295 e
2104 2231 2280 2296 Dieu
2335 2240 2403 2295 et
2460 2252 2567 2297 ses

614 2317 858 2382 saincte
893 2334 1267 2381 sacremens
1301 2322 1368 2379 et
1405 2313 1486 2379 de
1521 2336 1595 2381 ce
1629 2315 1962 2382 derechief
2000 2335 2168 2383 vous
2205 2317 2566 2402 subplyons

614 2422 655 2466 a
697 2401 972 2467 lonneur
1016 2399 1096 2465 de
1139 2406 1364 2466 nostre
1406 2401 1535 2467 bon
1579 2399 1728 2467 dieu
1771 2408 1840 2466 et
1880 2423 2038 2485 pere
2079 2403 2292 2487 lequel
2337 2404 2566 2486 prions

614 2494 762 2553 tous
797 2487 881 2551 de
920 2487 1048 2551 bon
1091 2506 1296 2552 cueur
1330 2492 1398 2551 et
1431 2487 1647 2553 bonne
1681 2488 1988 2553 affection
2020 2510 2146 2573 que
2181 2507 2348 2556 vous
2385 2489 2570 2555 doint

615 2594 691 2638 sa
731 2591 926 2671 grace
968 2581 1034 2637 et
1069 2572 1637 2656 acomplissement
1670 2571 1751 2638 de
1787 2595 1947 2640 vous
1982 2585 2251 2641 souvetz
2291 2585 2358 2640 et
2398 2576 2563 2643 bons

615 2657 826 2724 des1rs
864 2678 1030 2723 nous
1073 2657 1615 2725 recommandant
1655 2659 2102 2726 homblement
2143 2683 2183 2727 a
2218 2681 2381 2727 vous
2416 2670 2491 2728 et·
2527 2683 2568 2728 a

619 2763 783 2810 vous
826 2743 1069 2809 bonnes
1105 2744 1353 2827 prieres
1396 2751 1464 2811 et
1504 2764 1788 2812 oresons.
1869 2744 1974 2812 De
2010 2747 2231 2813 Mezin
2274 2769 2356 2813 en
2394 2748 2566 2816 Gas-

618 2848 828 2916 conye
844 2832 902 2910 2)
947 2850 1019 2896 ce
1062 2833 1172 2894 26θ
1209 2833 1363 2915 jour
1403 2829 1493 2896 du
1535 2831 1732 2918 Moys
1774 2831 1856 2900 de
1899 2830 2232 2899 Octoubre
2275 2837 2457 2901 15⁶1.

978 2968 1115 3034 Par
1153 2977 1408 3034 vostros
1452 2969 1857 3055 hobeyssans
1899 2972 2005 3036 filz
2049 2969 2138 3037 du
2182 2973 2566 3040 consistoire

1382 3053 1464 3120 de
1505 3054 1573 3120 la
1614 3055 1941 3123 seurdicte
1981 3056 2158 3124 ville.

878 3171 1128 3240 Michel
1162 3171 1484 3259 lesgiradz
1522 3174 1740 3242 diacre
1867 3176 2226 3244 Delabalut
2257 3180 2570 3248 survelan

1031 3259 1136 3326 De
1178 3259 1472 3327 maidrus
1517 3261 1734 3328 diacre

1611 3348 1953 3436 Francoys
1996 3350 2366 3436 gennardes

1993 3436 2374 3504 surveillan.

1493 4099 1698 4174 3588.

760 4251 1230 4322 OOLONIUS
1273 4255 1393 4320 ΕΤ
1437 4256 1903 4325 'PAFFINUS
1946 4258 2429 4328 MINIS'PRIS

1224 4356 1969 4429 GENEVENSIBUS.

796 4525 926 4592 Res
1002 4526 1312 4595 Meton-ses
1388 4531 1533 4597 bene
1585 4531 1823 4599 habeta.
1930 4531 2220 4619 Theoloqi
2282 4537 2568 4604 nonnulli

615 4613 959 4700 ymnanici
991 4633 1035 4678 a
1072 4613 1411 4684 Navarrae
1443 4637 1585 4703 reqe
1617 4618 1902 4685 arcessiti
1938 4617 2129 4687 Motis
2159 4623 2563 4689 transierant.

622 4698 870 4783 Royant
920 4699 1077 4781 quid
1130 4700 1297 4766 circa
1350 4703 1725 4787 baptismam
1767 4726 1809 4771 a
1849 4705 2106 4787 privato
2161 4705 2406 4775 homine
2455 4709 2568 4775 ad-

619 4785 1048 4851 ministratum
1079 4785 1437 4868 faciendam
1468 4791 1569 4855 sit.
1595 4789 1643 4875 ¹)

926 4955 1039 5024 (Ex
1074 4957 1412 5028 autographo
1447 4958 1578 5015 Ood.
1610 4960 1810 5017 Genev.
1849 4960 1967 5027 196,
2002 4962 2093 5018 fol.
2127 4961 2280 5033 218.)

2849 587 3189 659 Fidelibus
3231 593 3487 660 Christi
3531 595 3743 662 servis
3785 594 4160 679 pastoribus
4205 599 4272 659 et
4303 592 4633 660 ministris

2671 679 2979 746 ecclesiae
3032 678 3463 746 Genevensis.

4111 767 4455 834 Genevae.

2841 935 2990 1001 Etsi
3067 936 3236 1019 quod
3309 937 3436 1004 hoc
3499 947 3794 1022 tempore
3860 936 3942 1002 ad
4008 959 4125 1004 vos
4191 938 4631 1004 scriberemus

2672 1020 3010 1106 singulare
3054 1022 3224 1087 nihil
3283 1033 3445 1103 erat,
3524 1023 3924 1090 ornatissimi
3989 1024 4136 1102 viri,
4215 1023 4632 1090 occasionem

2669 1116 2892 1173 tamen
2957 1109 3133 1172 nacti
3198 1129 3344 1174 eam
3382 1112 3908 1195 praetermittere
3973 1109 4322 1175 noluimus.
4416 1108 4631 1174 Intel-

2668 1193 2908 1259 lexisse
2967 1212 3083 1259 vos
3139 1195 3271 1259 iam
3330 1197 3747 1275 arbitramur,
3811 1195 4029 1262 locum
4087 1195 4278 1262 nobis
4335 1197 4410 1260 in
4467 1196 4630 1262 urbe

2668 1278 2986 1345 habendis
3026 1281 3446 1346 concionibus
3488 1281 3903 1366 designatum
3945 1290 4011 1346 et
4053 1301 4464 1362 concessum,
4522 1282 4632 1364 qui

2668 1365 3027 1449 parietibus
3105 1367 3396 1449 undique
3474 1369 3727 1433 cinctus
3803 1375 3976 1433 tecto
4054 1386 4173 1434 suo
4243 1366 4632 1450 propediem

2668 1453 3003 1516 vestietur.
3082 1451 3223 1517 Iter
3263 1453 3388 1520 hac
3431 1455 3726 1519 fecerunt
3768 1452 4061 1520 Dillerus
4101 1464 4170 1519 et
4211 1453 4559 1537 Boquinus
4578 1456 4631 1526 ²)

2668 1558 2708 1601 a
2771 1537 3094 1615 Palatino,
3160 1538 3439 1606 Iacobus
3504 1541 3799 1606 Andreae
3855 1560 4007 1606 oum
4064 1538 4318 1606 duobus
4375 1538 4533 1604 aliis
4591 1558 4631 1603 a

2666 1622 3220 1707 Wirtembergico
3254 1624 3458 1706 missi,
3493 1647 3699 1709 quum
3736 1626 3860 1692 hac
3896 1624 3977 1691 de
4011 1647 4085 1691 re
4110 1622 4456 1691 Navarrae
4490 1646 4629 1702 rex,

2667 1716 2744 1773 ut
2778 1708 3243 1788 intelleximus,
3289 1731 3408 1794 per
3452 1712 3670 1777 virum
3704 1711 3989 1777 nobilem
4024 1731 4137 1777 eos
4185 1711 4627 1778 sollicitasset.

2839 1795 3306 1877 Superioribus
3364 1797 3572 1864 literis
3630 1798 3973 1864 consilium
4017 1803 4314 1863 vestrum
4370 1797 4630 1881 expeti·

2668 1900 2975 1946 veramus
3033 1902 3233 1964 super
3298 1882 3621 1967 baptismo
3685 1883 4143 1949 administrato
4207 1884 4288 1949 ab
4355 1883 4631 1948 homine

2664 1966 2942 2050 privato.
3054 1967 3206 2032 Non
3291 1968 3666 2035 dubitamus
3751 1970 4154 2053 baptismum
4240 1965 4630 2035 huiusmodi

2667 2074 2785 2135 pro
2821 2052 3025 2118 nihilo
3057 2052 3444 2120 habendum'
3478 2074 3651 2121 esse:
3699 2054 3816 2121 sed
3856 2055 4424 2123 circumstantiam
4467 2063 4630 2119 tem-

2672 2158 2905 2221 porum
2964 2139 3423 2223 ponderamus.
3523 2140 3854 2207 Veremur
3911 2142 4090 2206 enim
4132 2162 4236 2220 ne,
4280 2142 4339 2208 si
4381 2151 4505 2207 aut
4549 2138 4629 2206 ab

2667 2223 3020 2290 obstetrice
3084 2235 3203 2291 aut
3265 2227 3523 2309 privato
3586 2227 3822 2310 quovis
3885 2228 4153 2293 homine
4216 2228 4629 2310 baptizatum

2667 2310 2994 2375 infantem
3029 2311 3111 2376 ad
3148 2311 3511 2395 legitimam
3548 2311 4186 2379 administrationem
4219 2333 4626 2390 revocemus,

2668 2396 3029 2462 multorum
3073 2397 3196 2463 hoc
3240 2406 3464 2464 nostro
3507 2399 3674 2465 facto
3712 2400 4136 2466 vulneremus
4169 2400 4627 2474 conscientias,

2671 2484 2783 2565 qui
2832 2503 3036 2565 quum
3093 2503 3226 2549 non
3287 2484 3480 2550 aliter
3539 2484 3852 2568 baptizati
3908 2485 4157 2553 fuerint
4213 2487 4279 2551 in
4340 2484 4624 2551 dubium

2672 2569 3000 2635 vocabunt
3059 2590 3253 2634 suum
3318 2570 3737 2653 baptismum.
3860 2572 4129 2638 Etenim
4201 2572 4273 2637 in
4349 2579 4620 2656 papatu.

2671 2654 2930 2720 etiamsi
2972 2655 3257 2722 infantes
3310 2656 3436 2722 hoc
3491 2656 3682 2723 modo
3736 2658 4044 2741 baptizati
4089 2656 4174 2723 ad
4217 2657 4624 2741 baptismum

2670 2740 3062 2819 deferantur,
3102 2761 3233 2806 non
3255 2750 3478 2807 tamen
3501 2764 3730 2808 rursus
3752 2764 3861 2809 eos
3884 2744 4170 2828 baptizat
4190 2743 4620 2819 sacrificulus,

2671 2825 2787 2893 sed
2851 2834 3110 2891 tantum
3186 2826 3484 2893 sordibus
3563 2831 3700 2894 suis
3777 2839 4181 2914 conspurcat.
4289 2828 4623 2895 Iudicium

2673 2921 2962 2979 vestrum
3013 2922 3487 2996 exspectamus.

2842 2999 3271 3083 Magistratus
3313 3019 3469 3083 pars
3513 2999 3722 3066 altera
3753 3000 4063 3068 ecclesiae
4097 3010 4358 3068 nostrae
4391 3002 4623 3067 iuncta

2674 3092 2793 3161 est,
2840 3105 2916 3149 ac
2956 3085 3336 3168 propediem
3380 3094 3772 3170 sequuturos
3823 3086 4168 3171 plerosque
4209 3108 4292 3153 ex
4347 3085 4621 3171 reliquis

2673 3190 3031 3253 speramus.
3120 3170 3197 3238 Si
3243 3171 3399 3255 quid
3442 3171 3523 3238 de
3566 3172 3708 3240 eius
3763 3175 4226 3240 reformatione
4278 3193 4354 3239 ac
4410 3173 4621 3240 chris-

2672 3257 2854 3320 tiana
2897 3258 3364 3322 constitutione
3406 3257 3488 3324 ad
3533 3279 3652 3324 nos
3688 3259 4095 3343 perscribere
4136 3280 4273 3325 non
4306 3276 4620 3344 gravare-

2671 3342 2852 3419 mini,
2933 3344 3381 3427 gratissimum
3459 3345 3647 3410 nobis
3709 3344 3781 3410 id
3844 3353 4034 3412 esset.
4144 3345 4375 3430 Neque
4443 3346 4623 3410 enim

2672 3447 2910 3512 urgere
2952 3427 3271 3494 audemus
3330 3428 3502 3513 quod
3546 3430 3748 3497 variis
3790 3432 4318 3515 occupationibus
4359 3429 4621 3496 distric-

2674 3523 2775 3577 tos
2816 3534 2937 3579 vos
2991 3535 3135 3581 esse
3175 3534 3312 3581 non
3353 3516 3750 3599 ignoremus,
3834 3517 4166 3584 Dominus
4223 3537 4339 3583 vos
4382 3515 4620 3599 spiritu

2672 3619 2793 3663 suo
2827 3607 3133 3684 protegat
3165 3600 3602 3686 ecclesiaeque
3637 3622 3796 3668 suae
3830 3602 3946 3669 diu
3981 3613 4202 3670 servet
4234 3601 4617 3669 incolumes.

2671 3684 2870 3751 Motis
2914 3688 3015 3751 26.
3063 3683 3289 3752 Octob.
3339 3691 3521 3753 1561.
4604 3699 4608 3703 ’

3768 3824 3975 3893 Vobis
4023 3825 4453 3894 addictissimi

3816 3912 4063 3979 Petrus
4098 3911 4408 3980 Oolonius

3802 3997 4084 4065 Ioannes
4118 3999 4429 4065 Taffinus.

3440 4289 3850 4306 ..ι-ι*

3541 4527 3748 4605 358⁹.
4403 4606 4407 4610 .

2991 4680 3741 4751 VENDROGOVIUS
3778 4686 3826 4761 ¹)
3871 4682 4306 4753 OALVINO.

2849 4850 3315 4919 Gratimdinem
3381 4859 3439 4920 et
3499 4853 3953 4923 observantiam
4030 4878 4182 4942 crya
4243 4858 4610 4943 magristrum

2671 4938 2863 5020 effuse
2896 4943 3171 5005 testatur.

2672 5195 2915 5320 8589}
2973 5192 3247 5322 xm
3293 5265 3739 5336 wando-oquae&
3783 5266 4133 5324 Onoenowic&
4174 5268 4375 5340 cauma
4419 5268 4480 5323 ἂι
4530 5280 4606 5322 oo·

2672 5330 2841 5388 alesia
2954 5334 4144 5405 Wfoeddudfisuueoaloinimo‘
4185 5335 4599 5406 liutmun-'tn
