4850 6117
298 419 387 484 73
2049 418 2211 484 1561
2253 414 2584 487 OO'POB.
4223 430 4306 492 74

296 607 518 692 egerit
555 605 924 675 Blandrata
965 615 1033 673 et
1072 627 1271 690 quam
1325 607 1611 690 turpiter
1653 612 1880 673 eontra
1920 626 2028 672 me
2068 627 2252 672 men—

296 694 469 760 titus
527 693 619 760 sit
674 693 849 778 apud
891 694 1273 778 principem.
1348 691 1571 774 Quum
1617 699 1838 759 autem
1882 692 2254 759 existimem

296 777 727 859 Rammium,
785 779 939 846 licet
993 778 1240 845 librum
1284 778 1428 845 eius
1459 782 1513 858 ⁵)
1555 799 1686 844 non
1731 777 2035 859 viderim,
2092 778 2252 843 arti·

295 867 492 931 ficem
547 886 691 933 esse
741 865 1079 950 religionis
1121 875 1239 930 aut
1288 862 1445 930 fidei
1488 862 1963 943 Samaritanae,
2017 883 2254 949 operae

294 950 587 1035 pretium
645 952 877 1017 fecisse
935 961 999 1017 te
1055 949 1294 1016 indicio
1350 949 1464 1035 qui
1508 949 1833 1017 detexeris
1891 950 2033 1017 eius
2077 957 2254 1015 artes

456 1038 471 1052 ⁶
548 1056 639 1104 as.
708 1037 1040 1103 Fortassis
1095 1042 1378 1102 utuntur
1420 1036 1544 1102 hoc
1586 1036 1855 1102 homine
1906 1036 1981 1102 in
2023 1033 2252 1103 obtru-

348 1124 518 1189 enda
560 1145 683 1190 sua
725 1124 1130 1190 confessione
1162 1125 1576 1207 Augustana.
1646 1121 1974 1188 Dominus
2015 1123 2252 1188 confir-

293 1217 438 1275 met
477 1208 680 1276 robur
720 1218 932 1290 tuum,
972 1216 1047 1275 ut
1089 1207 1202 1274 din
1244 1208 1517 1275 utilibus
1555 1208 2012 1292 scriptionibus
2055 1205 2252 1291 prod-

295 1315 445 1363 esse
573 1296 701 1362 ssis
741 1294 1071 1362 ecclesiae.
1164 1293 1453 1361 Oremus
1511 1292 1737 1360 sedulo
1771 1294 2134 1360 Dominum
2174 1300 2253 1357 ut

294 1380 431 1448 ben
515 1382 646 1448 icat
686 1382 883 1448 rebus
928 1379 1191 1449 Galliae
1233 1391 1300 1447 et
1341 1380 1662 1465 infringat
1702 1379 2049 1446 consilium
2085 1379 2251 1445 Ahi-

293 1465 600 1552 tophelis.
631 1554 645 1569 .
671 1466 893 1534 Datus
948 1475 1050 1567 est
1090 1466 1281 1533 nobis
1328 1464 1779 1567 superioribus
1822 1464 2050 1565 diebus
2089 1465 2252 1532 vici-

292 1551 2251 1738 ffissffissssssiffissssassussfffflfflzffimlffiff

290 1724 653 1792 Foederati
709 1735 919 1792 nostri
976 1725 1123 1791 hen
1177 1723 1442 1790 demum
1494 1726 1780 1809 ingressi
1821 1731 1980 1790 sunt
2020 1721 2249 1789 iuridi-

293 1832 447 1879 oam
504 1812 828 1877 actionem
883 1830 1034 1876 cum
1080 1809 1610 1877 Olaronensibus.
1630 1813 1690 1894 ⁷)
1758 1809 2092 1875 Fortassis
2133 1830 2250 1874 ex-

290 1904 367 1963 to
448 1896 701 1963 nebunt
751 1918 823 1964 se
867 1919 955 1963 ex
1009 1896 1125 1962 illa
1168 1904 1285 1963 aut
1340 1897 1734 1980 abrumpent
1776 1916 1923 1962 eam
1964 1916 2085 1980 pro
2129 1915 2250 1961 sua

289 1983 413 2050 libi
465 1984 478 1997 '
533 2004 588 2049 e.
675 1982 755 2050 Si
796 1982 1188 2048 intellexero
1230 1983 1480 2067 legatos
1521 1982 1836 2064 principis
1879 1979 2249 2049 Sabaudiae

290 2069 404 2136 vel
447 2071 523 2134 in
563 2069 697 2135 illis
732 2069 1009 2135 comitiis
1046 2067 1152 2135 vel
1183 2068 1293 2133 hic
1326 2068 1571 2151 aliquid
1606 2068 1839 2146 moliri,
1883 2088 2019 2133 non
2060 2068 2249 2151 igno-

293 2152 561 2221 rabitis:
629 2163 889 2220 mature
950 2154 1349 2238 significabo.
1430 2154 1615 2220 Bene
1676 2154 1843 2219 vale.
1914 2151 2250 2219 Dominus

291 2251 522 2310 servet
562 2250 631 2306 te
673 2240 859 2308 nobis
899 2239 1012 2306 diu
1053 2240 1469 2307 incolumem.
1557 2238 1793 2306 Saluta
1845 2247 2249 2324 symmystas

292 2334 368 2393 ot
429 2326 690 2408 fratres,
752 2327 824 2392 in
871 2327 1060 2392 rimis
1123 2324 1211 2391 D.
1256 2326 1573 2405 Rosetum,
1633 2324 1721 2391 D.
1778 2324 2116 2392 Budaeum
2181 2332 2251 2390 et

292 2412 752 2493 Ione-illam,
885 2412 1137 2490 adium,
1207 2412 1680 2479 Normandiwm
1744 2421 1811 2477 et
1858 2409 2247 2494 Crispinum.

290 2500 533 2584 'l'iguri
585 2502 686 2564 23.
729 2497 1035 2565 Octobris
1086 2502 1267 2563 1561.
1353 2495 1665 2564 Salutant
1719 2507 1788 2563 te
1844 2505 2250 2583 symmystae

292 2592 368 2651 et
409 2586 642 2653 fratres
687 2585 834 2650 mei.

1504 2721 1686 2788 Tuus
1731 2743 1816 2787 ex
1859 2721 2078 2786 animo

1563 2807 2010 2892 Bullingerus.

1068 3100 1467 3109 —————-———---

1162 3353 1363 3424 3584.

832 3509 1220 3579 KNOXUS
1268 3508 1706 3578 GALVINO.

464 3681 577 3748 Em
611 3683 877 3749 adventu
915 3684 1168 3767 reginae
1200 3685 1399 3749 missa
1431 3684 1723 3748 restium
1755 3683 1920 3765 quod
1950 3701 2240 3764 proceres

272 3769 709 3854 indulyentiae
734 3774 1071 3853 praetecta
1092 3770 1481 3853 permittunt.
1547 3767 1807 3850 Quaerit
1823 3788 1911 3834 an
1936 3768 2239 3836 00an

272 3855 474 3922 takm
504 3854 726 3938 probet
766 3855 1238 3939 indulyentaeiam.
1727 3886 1730 3890 ’

274 4027 706 4097 (Autographon
762 4026 1006 4097 possidet
1048 4027 1114 4081 V.
1160 4026 1240 4080 01.
1288 4027 1524 4081 Feuillet
1574 4026 1643 4081 de
1695 4026 1939 4082 conches
1990 4027 2235 4095 Parisiis,

276 4095 441 4151 edita
485 4102 572 4150 est
614 4099 673 4150 in
707 4096 899 4151 'l'eulet
963 4093 1151 4150 Pisces
1197 4100 1256 4149 et
1300 4095 1617 4151 documents
1661 4096 1870 4150 relatifs
1904 4096 1938 4149 a
1972 4096 2236 4152 l’histoire

277 4164 545 4220 d’Ecosse
597 4183 666 4219 au
721 4163 814 4219 17ο
850 4165 1027 4219 siecle.
1100 4165 1161 4218 T.
1199 4164 1267 4221 11.
1311 4182 1364 4234 p.
1404 4164 1473 4218 12
1505 4181 1587 4233 sq.
1641 4172 1698 4218 et
1750 4166 1807 4218 in
1855 4164 1992 4235 Opp.
2028 4166 2238 4220 Knoxii

274 4235 385 4286 lat.
424 4239 482 4286 et
530 4236 670 4305 angl.
720 4233 804 4288 ed.
843 4234 1018 4304 Laing
1053 4232 1116 4287 Τ.
1153 4232 1247 4289 VI.
1281 4250 1337 4302 p.
1376 4233 1492 4287 133.
1564 4234 1707 4287 Satis
1753 4234 1971 4304 quidem
2016 4234 2237 4288 humilis

278 4307 379 4356 est
410 4303 617 4357 Knoxii
672 4303 916 4357 latinitas
967 4303 1064 4356 sed
1110 4303 1313 4372 passim
1356 4304 1515 4357 nobis
1565 4302 1802 4357 editores
1848 4307 2059 4357 textum
2093 4305 2238 4358 male

277 4371 487 4442 legisse
521 4372 790 4439 videntur,
838 4374 918 4427 ita
951 4371 1171 4441 quidem
1205 4380 1270 4425 ut
1314 4389 1413 4426 nos
1449 4371 1735 4428 emendare
1776 4387 1900 4426 enm
1944 4373 2001 4427 in
2036 4389 2144 4428 uno
2180 4381 2239 4427 et

899 4440 1072 4494 altero
1107 4441 1224 4495 loco
1260 4442 1377 4495 ausi
1412 4441 1623 4508 simus.)

494 4661 556 4796 ἓξ
595 4662 1051 4788 ηΝηοΒξξέεαηᾶή
1078 4663 1167 4732 (Ν.
1205 4661 1360 4718 3555.
1394 4661 1575 4729 3579).

499 4799 557 4869 7)
598 4800 819 4856 Ruchat
852 4801 952 4858 VI.
985 4800 1115 4856 3812
1163 4803 1212 4856 A
1247 4803 1302 4856 la
1336 4802 1483 4858 dieto
1528 4801 1598 4855 do
1634 4799 1688 4854 S.
1723 4801 1864 4854 Jean
1901 4815 1971 4854 on
2007 4817 2076 4855 ne
2111 4816 2237 4856 oon-

277 4873 412 4927 vint
463 4871 531 4925 de
583 4871 701 4926 rien
753 4871 911 4927 sinon
999 4871 1121 4926 u’on
1174 4888 1232 4925 se
1286 4870 1694 4924 rassembleroit
1743 4868 1777 4922 a
1820 4869 2135 4924 Eiusiedlen
2184 4871 2238 4924 le

276 4940 372 4997 28.
420 4939 728 5004 d'Ootobre,
773 4955 914 5009 pour
954 4888 1175 4994 dlecider
1221 4942 1275 4994 la
1318 4940 1571 5010 question
1617 4939 1665 4991 si
1709 4939 1790 4992 les
1837 4938 1964 5007 cinq
2010 4945 2237 4995 cantone

279 5009 499 5066 etaient
542 5008 750 5078 obliges
794 5008 865 5063 de
909 5008 1182 5079 re'pondre
1228 5025 1297 5063 en
1341 5009 1487 5064 droit
1521 5011 1556 5065 a
1597 5023 1733 5063 ceux
1768 5007 1838 5061 de
1873 5006 2054 5062 Glaris
2099 5025 2238 5079 pour

278 5099 359 5134 nn
394 5078 497 5132 fait
530 5094 708 5132 connu
740 5117 1015 5133 ......
1051 5096 1085 5131 a
1112 5078 1428 5132 Einsiedlen
1464 5079 1520 5131 la
1554 5077 1809 5147 question
1842 5076 1929 5131 fut
1961 5078 2238 5131 vivement

278 5150 547 5204 debattue
579 5146 649 5200 de
722 5156 809 5204 art
855 5151 913 5201 et
956 5146 1180 5211 d’autre,
1234 5148 1369 5200 mais
1421 5148 1502 5200 les
1554 5153 1779 5200 cantone
1832 5145 2236 5210 desinteresses,

277 5218 508 5289 n'ayant
550 5232 651 5297 pas
716 5232 747 5269 e
794 5217 1024 5287 pouvoir
1059 5215 1325 5285 d’obliger
1369 5216 1450 5270 les
1492 5217 1665 5284 partis
1700 5216 1735 5270 a
1769 5228 1828 5268 se
1871 5220 2168 5269 soumettre
2203 5214 2237 5267 a

279 5289 407 5342 leur
451 5286 696 5340 decision
738 5301 799 5338 se
841 5285 1136 5340 bornerent
1170 5284 1204 5337 a
1237 5286 1356 5339 leur
1401 5300 1666 5353 proposer
1706 5300 1781 5342 un
1825 5300 2071 5346 nouveau
2106 5284 2236 5354 plan

278 5354 835 5412 d'accommodement
869 5355 964 5424 qui
996 5353 1081 5407 fut
1114 5355 1229 5424 pris
1264 5353 1343 5409 ad
1372 5352 1732 5419 referendum.
2040 5409 2047 5415 ,

2530 605 3042 674 Servantissimo
3083 609 3227 675 viro
3270 617 3340 674 et
3380 608 3643 676 domino
3692 630 3812 676 suo
3855 609 4307 680 colendissimo

2354 692 2442 843 P.
2466 692 2724 845 m
2738 691 3019 759 Calvino
3062 694 3372 761 ecclesiae
3408 695 3816 762 Genevensis
3854 698 4097 780 pastori
4133 699 4307 784 vigi-

2381 800 2470 845 m
3489 864 3753 933 Dentur
3797 868 4128 936 Genevae.

2733 1036 3141 1118 Perpetuum
3186 1035 3256 1103 S.
3302 1037 3382 1103 F.
3425 1037 3923 1106 incrementum.

2526 1208 3100 1293 Tranquillitatem
3142 1229 3366 1275 rerum
3409 1219 3788 1277 nostrarum
3840 1213 4306 1282 interturbavit

2353 1294 2678 1362 adventus
2712 1295 3030 1379 Reginae.
3101 1294 3274 1360 Nam
3320 1294 3534 1361 triduo
3569 1305 3913 1448 msffiuam
3946 1297 4060 1363 illa
4096 1320 4304 1383 appu-

2351 1380 2523 1446 lerat
2557 1384 2604 1465 ¹)
2652 1391 2942 1449 erectum
2976 1388 3078 1446 est
3120 1402 3352 1446 rursus
3392 1379 3645 1448 idolum
3684 1383 3697 1397 '
3754 1381 3848 1449 ud
3881 1383 4300 1453 missalicum.

2353 1464 2757 1550 Semetipsos
2802 1474 3249 1550 opposuerunt
3281 1467 3427 1547 viri,
3443 1469 3498 1547 ²)
3544 1468 3668 1535 etsi
3710 1469 3920 1552 pauci,
3963 1491 4201 1554 graves
4234 1478 4301 1538 et

2352 1554 2705 1619 autoritate
2769 1552 2958 1631 clari,
3024 1553 3487 1619 ratiocinantes
3552 1574 3623 1620 se
3687 1575 3821 1620 non
3884 1576 4073 1638 posse
4139 1577 4302 1623 sana

2352 1639 2753 1706 conscientia
2793 1638 3172 1722 permittere
3215 1646 3294 1703 ut
3335 1646 3514 1704 terra
3552 1638 3689 1718 illa,
3733 1661 3930 1724 quam
3974 1642 4302 1710 Dominus

2350 1722 2538 1791 verbi
2600 1725 2706 1791 sui
2767 1724 3055 1790 efficacia
3120 1724 3200 1789 ab
3264 1731 3538 1789 externa
3602 1723 3903 1792 idolatria
3965 1736 4300 1812 purgarat,

2350 1831 2581 1876 rursus
2658 1811 2818 1895 ipsis
2895 1808 3401 1893 adspicientibus
3462 1807 3709 1876 eisdem
3785 1812 4302 1895 inquinamentis

2349 1895 2740 1963 foedaretur.
2813 1896 3065 1961 Verum
3122 1897 3276 1979 quia
3330 1895 3539 1962 maior
3591 1917 3762 1979 pars,
3818 1898 4019 1964 etiam
4075 1920 4302 1966 eorum

2350 1983 2464 2066 qui
2508 1982 2848 2050 nobiscum
2893 1981 3108 2049 adhuc
3149 1982 3220 2047 in
3257 1981 3555 2048 doctrina
3597 1984 4033 2065 consentiunt,
4081 1983 4302 2052 diver-

2350 2089 2501 2134 sum
2546 2070 2772 2147 suasit,
2831 2069 2992 2136 vicit
3035 2076 3193 2135 tnnc
3235 2068 3559 2151 impietas,
3617 2088 3783 2151 quae
3827 2077 3894 2133 et
3935 2069 4132 2135 hodie
4175 2071 4300 2137 sibi

2351 2155 2525 2221 vires
2583 2154 2875 2237 acquirit.
2957 2152 3231 2220 Habent
3288 2154 3678 2237 posteriores
3721 2152 3894 2237 quod
3948 2154 4301 2240 indulgen-

2349 2240 2479 2305 tiae
2522 2261 2679 2306 suae
2722 2246 3127 2322 praetexant,
3195 2240 3523 2306 affirmare
3563 2239 3924 2307 secundum
3971 2241 4299 2326 Reginam

2351 2346 2579 2391 omnes
2623 2326 2805 2391 verbi
2862 2324 3200 2391 ministros
3258 2335 3358 2401 (et
3401 2334 3465 2391 te
3509 2331 3790 2409 quoque)
3847 2327 3916 2392 in
3973 2326 4100 2392 hac
4154 2348 4298 2393 esse

2350 2410 2698 2490 sententia,
2743 2409 2918 2494 quod
2960 2410 3145 2477 nobis
3188 2432 3320 2477 non
3361 2410 3517 2476 licet
3558 2412 3907 2494 prohibere
3950 2413 4298 2495 quominus

2349 2496 2467 2562 illa
2508 2518 2694 2564 suam
2750 2495 3136 2580 religionem
3180 2506 3407 2581 aperte
3447 2499 3850 2580 profiteatur.
3924 2497 4142 2579 Quem
4186 2520 4297 2563 ru-

2355 2604 2600 2649 morem
2660 2583 2928 2649 tametsi
2985 2602 3107 2666 ego
3158 2592 3233 2649 ut
3290 2583 3712 2650 falsissimum
3756 2582 4031 2649 subinde
4075 2604 4300 2668 repre-

2350 2668 2588 2747 hendo,
2635 2667 2885 2735 radices
2926 2676 3148 2734 tamen
3184 2669 3257 2733 in
3297 2669 3653 2735 multorum
3687 2668 3990 2736 cordibus
4030 2671 4123 2736 sic
4166 2670 4303 2755 egit

2354 2764 2428 2821 ut
2484 2775 2605 2840 ego
2662 2754 2979 2824 revellere
3024 2776 3152 2821 non
3205 2756 3468 2839 possim,
3535 2755 3664 2819 nisi
3709 2777 3791 2820 ex
3844 2765 3913 2821 te
3967 2757 4168 2822 sciam
4211 2776 4299 2821 an

2350 2838 2725 2906 huiusmodi
2768 2841 3062 2923 quaestio
3119 2838 3202 2906 ad
3246 2848 3535 2906 vestram
3582 2839 3922 2907 ecclesiam
3964 2841 4301 2925 proposita

2267 2964 2275 2972 ·
2350 2928 2455 3004 sit,
2518 2933 2585 2991 et
2641 2925 2724 2991 ad
2780 2926 2962 2992 illam
3016 2946 3271 3010 quoque
3315 2924 3471 3010 quid
3525 2925 3984 3010 responderint
4039 2927 4294 2994 fratres.

2349 3011 2502 3081 'fibi
2543 3019 2860 3097 perpetuo
2898 3009 3211 3079 molestus
3253 3033 3419 3093 sum,
3465 3019 3533 3078 et
3574 3013 3774 3079 alium
3809 3033 3943 3079 non
3977 3011 4186 3079 habeo
4225 3014 4295 3078 in

2349 3099 2532 3165 cuius
2586 3098 2807 3165 sinum
2861 3118 3054 3165 curas
3108 3120 3287 3164 meas
3340 3099 3647 3166 reiiciam.
3718 3099 4016 3185 Ingenuo
4066 3099 4295 3180 fateor,

2347 3185 2442 3250 mi
2485 3191 2689 3268 pater,
2746 3204 2854 3249 me
2896 3205 3033 3250 nun
3079 3204 3231 3250 uam
3276 3193 3472 3250 antea
3526 3186 3807 3252 sensisse
3850 3207 4048 3269 quam
4090 3206 4296 3270 grave

2326 3278 2414 3354 ¹et
2458 3269 2722 3338 difficile
2763 3270 2964 3336 fuerit
3005 3291 3045 3336 a
3090 3290 3324 3337 versus
3364 3271 3794 3354 hipochrisim
3839 3272 4081 3355 pietate
4122 3271 4295 3338 fuca-

2345 3363 2483 3422 tam
2540 3377 2853 3440 pugnare.
2920 3357 3206 3440 Apertos
3262 3357 3483 3423 hostes
3527 3377 3870 3442 nunquam
3928 3358 4021 3425 sic
4081 3356 4294 3438 timui,

2342 3464 2544 3525 quum
2602 3443 2674 3507 in
2732 3440 2963 3507 mediis
3021 3443 3354 3509 aerumnis
3396 3444 3741 3510 victoriam
3799 3463 4165 3525 sperarem:
4226 3451 4296 3508 at

2339 3528 2438 3594 ita
2493 3550 2672 3596 nunc
2726 3549 2834 3592 me
2890 3527 3194 3594 vulnerat
3248 3528 3412 3594 haec
3466 3528 3719 3612 perfida
3771 3549 3813 3593 a
3855 3527 4123 3595 Obristo
4181 3527 4296 3594 de-

2339 3614 2535 3680 fectio
2582 3618 2775 3700 (quae
2819 3614 2901 3679 ab
2945 3613 3080 3680 illis
3128 3613 3540 3700 indulgentia
3580 3622 3840 3681 tantum
3881 3616 4293 3692 nominatur)

2340 3708 2416 3766 ut
2457 3698 2669 3766 indies
2712 3700 2879 3766 mihi
2921 3702 3097 3767 vires
3141 3700 3469 3768 deficiant.

2512 3786 2721 3853 Multa
2797 3786 2907 3854 hic
2985 3787 3289 3852 feruntur
3353 3788 3436 3854 de
3503 3785 3845 3854 oranstono
3876 3788 3930 3869 8)
4010 3784 4292 3869 quodam

2338 3880 2630 3938 nostrate
2674 3893 2872 3955 quem
2924 3873 3341 3938 mentiuntur
3397 3875 3692 3958 papistae
3751 3880 4291 3956 argumentorum

2338 3958 2755 4026 vehementia
2803 3958 3099 4043 adegisse
3143 3969 3210 4024 te
3253 3959 3334 4024 ad
3379 3961 3737 4024 multarum
3782 3978 4002 4021 rerum
4039 3955 4290 4039 palino-

2339 4044 2515 4110 diam
2559 4064 2721 4130 quas
2765 4044 2948 4129 prius
2989 4046 3060 4109 in
3114 4045 3375 4128 scriptis
3419 4046 3551 4110 tuis
3597 4045 4063 4109 affirmaveras.
4153 4040 4290 4108 Sed

2336 4129 2501 4198 haec
2544 4138 2857 4214 tanquam
2901 4129 3172 4197 ridicula
3224 4137 3577 4215 praetereo.
3663 4127 4054 4210 Scripsisset
4096 4127 4181 4194 ad
4223 4134 4290 4194 te

2338 4235 2554 4283 comes
2593 4218 2947 4298 Amanus,
2964 4220 3022 4295 ⁴)
3081 4216 3196 4283 sed
3253 4218 3494 4283 aberat.
3575 4215 3840 4281 Salutat
3897 4225 3963 4278 te
4019 4213 4291 4281 Iacobus

2338 4523 2605 4593 3584.1)
2647 4522 2806 4593 Quod
2835 4524 3045 4591 factum
3080 4530 3159 4579 est
3193 4523 3246 4577 d.
3284 4522 3369 4576 20.
3395 4521 3640 4592 Auqusti
3673 4519 3808 4574 1561
3853 4522 3915 4575 in
3958 4526 4126 4589 portu
4162 4521 4291 4576 Lei·

2339 4595 2518 4649 menei
2592 4601 2835 4676 ostquam
2868 4609 2968 4662 per
3003 4593 3254 4675 tredecim
3290 4605 3467 4672 annos
3501 4591 3699 4671 wreus
3726 4588 3932 4670 fuerat.
4025 4661 4034 4671 ι
4239 4660 4250 4673 ⁸

2423 4733 2437 4746 ι
2580 4665 2606 4728 )
2642 4668 2787 4717 mter
2829 4678 2964 4733 quos
3005 4677 3124 4730 tpss
3168 4674 3469 4715 ammas
3510 4660 3638 4725 fuat,
3688 4675 3785 4729 qm
3825 4659 3910 4712 vel
3955 4673 4178 4712 massan·
4224 4674 4287 4741 ιρι

2333 4725 4286 4868 memsam&‘fiktzmffzmmvffffs‘fflfl‘ffls2

2406 4816 2435 4855 e
2469 4817 2500 4855 ο
2606 4818 2664 4856 n.
2785 4841 2798 4854 .
2916 4839 2930 4853 .
3200 4838 3214 4851 .
3592 4836 3607 4862 ,
3908 4835 3919 4848 .
4261 4837 4288 4857 ,

2543 4872 2603 5006 33
2636 4938 2731 4992 Mr.
2769 4937 3006 4993 William
3041 4936 3337 4991 Granstons
3382 4935 3507 4990 that
3590 4934 3745 4988 assed
3790 4932 3943 4988 latlie
3986 4932 4059 5003 by
4095 4950 4217 5002 you,
4251 4950 4287 4988 a

2336 5012 2494 5077 great
2527 5008 2747 5061 favorer
2781 5007 2842 5059 of
2910 5011 3144 5075 apysteffi
3179 5005 3226 5057 is
3260 5004 3332 5058 ha
3371 5005 3513 5072 pelis
3580 5004 3649 5058 ed
3682 5005 3741 5057 in
3778 5004 3905 5072 thys
3931 5002 4284 5072 myschevous

2335 5076 2565 5201 {cz-1201.
2603 5073 2861 5196 Ιὲῗαηᾶο
2921 5075 2957 5129 h
2989 5081 3046 5130 to
3066 5072 3161 5128 Sir
3189 5072 3272 5127 W.
3301 5021 3465 5130 (ipen-21
3495 5072 3582 5128 24.
3601 5071 3745 5141 Sept.
3784 5069 3936 5139 1562,
3970 5085 4061 5139 ap.
4082 5071 4283 5140 Lainq.

2540 5211 2601 5281 4)
2633 5142 2824 5268 Jazoes
2872 5210 3085 5280 Arrun,
3121 5212 3280 5282 filius
3329 5210 3488 5266 ducis
3541 5210 3609 5264 de
3648 5207 4080 5288 Chamnsrattlt,
4128 5207 4290 5288 reone·

2340 5282 2554 5338 Scotino
2576 5298 2751 5351 nuper
2781 5284 3177 5350 procuratoris.
3230 5281 3399 5336 Illum
3416 5279 3838 5336 Hamilconiana
3868 5276 4041 5344 saeuo
4063 5291 4285 5345 nomae

2333 5355 2591 5408 meritum
2625 5351 2950 5420 destinabat,
2984 5351 3159 5409 alteru
3192 5348 3497 5407 seuam.
