4850 6117
337 446 421 514 18
2074 446 2232 510 1561
2283 439 2609 514 ΟΟΤΟΒ.
4250 451 4331 519 14

333 632 542 719 igitur
588 632 858 716 quintae
914 641 984 698 et
1032 637 1258 699 sextae
1296 631 1575 699 actionis
1617 632 1853 700 exitus.
1941 631 2008 698 N
2008 653 2082 698 os
2123 652 2282 699 vero

334 724 794 803 exspectamus
836 717 994 803 quid
1036 715 1304 784 tandem
1349 718 1484 784 sint
1524 719 1699 783 inter
1741 737 1812 784 se
1845 717 2281 797 constituturi,

333 812 414 871 ut
454 812 523 871 et
563 804 696 890 ipsi
736 812 963 890 postea
1009 802 1357 871 consilium
1398 804 1751 887 capiamus.
1840 802 2124 885 Quaeris
2166 824 2283 869 au-

333 897 472 957 tem
513 890 672 975 quid
915 890 1111 957 mus?
1165 889 1334 955 nihil
1393 890 1549 956 boni
1604 890 1686 956 ab
1731 887 2123 968 hominibus,
2168 886 2284 954 sed

330 977 558 1043 omnia
621 995 663 1041 a
793 996 889 1044 ee.
983 978 1080 1063 Τῇ
1140 978 1472 1062 βασιλίσσῃ
1534 974 1702 1042 nihil
1761 975 2159 1054 mutabilius,
2218 984 2286 1039 et

328 1060 504 1128 nihil
546 1061 656 1130 hic
697 1062 835 1129 fere
877 1061 1335 1129 animadverto
1367 1068 1630 1145 praeter
1660 1060 1966 1145 ἀναρχίαν.
2055 1062 2281 1137 Acres,

332 1146 703 1248 diligentes,
744 1149 835 1215 im
920 1148 1168 1215 rterriti
1202 1154 1358 1214 sunt
1399 1147 1638 1215 hostes.
1710 1148 1796 1213 In
1829 1149 2071 1213 nostris
2116 1146 2282 1212 nihil

330 1233 565 1301 simile.
655 1234 793 1302 Sed
903 1257 1022 1302 eus
1064 1234 1260 1320 plane
1303 1233 1448 1318 quis
1509 1234 1600 1299 sit
1633 1231 1933 1300 ostendet
1969 1233 2041 1297 in
2084 1232 2281 1298 rebus

328 1319 891 1405 deploratissimis.
994 1320 1092 1399 Si,
1159 1318 1330 1405 quod
1398 1319 1695 1386 futurum
1759 1319 2060 1399 arbitror,
2123 1338 2282 1384 mox

328 1406 626 1475 solvatur
680 1405 1089 1491 colloquium,
1154 1406 1458 1490 protinus
1503 1426 1613 1472 me
1657 1406 1729 1471 in
1795 1406 1969 1472 viam
2006 1404 2171 1470 dabo
2215 1410 2283 1469 et

325 1493 470 1577 ipse
508 1492 631 1558 tibi
671 1514 895 1560 eoram
928 1492 1253 1559 nunciabo
1293 1491 1558 1558 infinita
1599 1512 1764 1575 quae
1830 1492 2114 1558 scribere
2157 1511 2282 1557 nec

323 1597 601 1663 possum
653 1599 778 1646 nec
837 1577 1000 1646 volo.
1087 1577 1214 1646 Sin
1270 1579 1510 1660 minus,
1564 1576 1933 1663 perdurabo
1980 1577 2103 1643 sub
2156 1576 2283 1642 hac

324 1683 522 1731 cruce
628 1662 896 1731 uamdiu
960 1663 1181 1732 visum
1246 1664 1374 1729 erit
1427 1663 1736 1730 Domino.
1822 1663 2021 1728 Mitto
2073 1659 2155 1728 ad
2211 1669 2279 1728 te

327 1748 494 1816 duas
615 1760 791 1816 teras
847 1760 1105 1818 nostras
1160 1749 1492 1816 orationes
1544 1750 1615 1815 in
1682 1748 1881 1815 tertia
1936 1756 2004 1815 et
2047 1757 2279 1831 quarta

324 1835 581 1903 actione
624 1834 900 1902 habitas.
983 1834 1163 1918 Quid
1214 1835 1314 1901 illi
1359 1856 1443 1901 ex
1486 1834 1761 1901 adverso
1817 1832 2281 1918 responderint

323 1928 395 1986 et
438 1921 736 1987 omnium
775 1921 950 1989 ultro
994 1922 1284 2007 citroque
1319 1920 1644 1987 dictorum
1686 1942 1948 1988 summa
1989 1941 2075 1984 ex
2116 1920 2278 2003 ipsis

323 2008 489 2074 actis
532 2027 904 2093 cognosces,
948 2007 1343 2092 simulatque
1387 2006 1729 2074 absolvere
1771 2015 2057 2091 potuero.

234 2099 237 2104 ⁴
506 2092 731 2175 Quum
774 2093 939 2162 haec
993 2094 1139 2159 heri
1192 2093 1599 2178 scripsissem
1642 2092 1962 2160 nuncium
2012 2111 2280 2174 exspec-

327 2185 499 2259 tans,
557 2200 706 2247 ecce
760 2181 949 2247 nobis
991 2179 1406 2266 gratissimae
1459 2188 1613 2245 tuae
1668 2179 1898 2245 literae
1958 2176 2149 2244 datae
2193 2180 2278 2242 24

327 2262 757 2349 Septembris.
859 2266 1186 2333 Redditae
1251 2273 1409 2332 sunt
1474 2264 1759 2348 reliquae
1832 2265 1914 2330 iis
1976 2262 2279 2329 omnibus

327 2351 566 2434 quibus
640 2351 1053 2436 inscripsisti,
1072 2353 1128 2432 θ)
1214 2351 1301 2417 D.
1391 2352 1773 2418 Amiraldus
1846 2349 2146 2433 promisit
2208 2370 2279 2415 se

326 2436 506 2503 intra
568 2435 731 2505 duos
796 2436 935 2539 dies
995 2436 1343 2504 Merlinum
1396 2447 1693 2538 nostrum
1750 2435 2205 2538 absoluturum
2221 2437 2278 2516 ⁷)

328 2544 706 2677 ωξῑεὲἓέῑῗ
735 2521 2277 2694 ,mbzffpsfflffg'sstffi.⁶³“wffizsssstzptff

329 2715 469 2761 rem
509 2717 768 2762 mecum
803 2695 1147 2776 abducere,
1192 2695 1309 2762 sed
1352 2705 1457 2763 est
1499 2694 1688 2763 valde
1726 2696 1990 2761 infirma
2023 2693 2275 2762 valetu-

327 2780 499 2848 dine.
586 2783 692 2848 De
755 2790 982 2849 nostro
1042 2780 1324 2848 Ghandio
1382 2781 1618 2849 melius
1682 2780 1990 2866 quiddam
2061 2801 2271 2864 spero,

321 2888 525 2953 quam
567 2887 771 2952 quum
813 2867 898 2935 ad
942 2874 1008 2934 te
1061 2867 1431 2935 scriberem.
1517 2869 1723 2934 Pater
1763 2889 1871 2934 me
1910 2865 2104 2933 valde
2146 2866 2273 2933 sol-

318 2951 538 3021 licitat
577 2960 658 3019 ut
708 2974 780 3020 se
819 2956 894 3020 in
935 2954 1152 3023 reditu
1193 2955 1475 3022 invisam
1520 2953 1693 3040 quod
1735 2956 1795 3021 ei
1838 2974 2083 3039 negare
2136 2974 2270 3018 non

316 3059 608 3124 possum.
698 3038 834 3108 Sed
892 3042 1156 3108 omnino
1213 3039 1295 3106 ad
1352 3061 1592 3125 paucos
1634 3040 1774 3107 dies
1814 3061 1922 3106 me
1962 3038 2271 3106 retinebit

318 3126 478 3210 quia
531 3127 738 3194 vestri
801 3126 1195 3195 desiderium
1249 3128 1422 3193 ferre
1475 3127 1756 3212 amplius
1806 3149 1941 3193 non
1954 3119 1969 3132 ’
1982 3147 2266 3212 possum,

317 3231 528 3296 quum
590 3216 975 3296 praesertim
1038 3234 1159 3281 vos
1221 3233 1259 3279 o
1303 3213 1501 3297 primi
1564 3212 1825 3280 videam
1889 3222 1957 3280 et
2011 3212 2268 3279 interea

316 3297 492 3364 nihil
553 3297 662 3365 hic
714 3300 840 3386 agi.
926 3300 1218 3385 Legatus
1327 3301 1382 3365 'c
1440 3297 1631 3367 valde
1691 3300 1889 3386 friget
1946 3305 2014 3365 et
2067 3318 2268 3382 supra

319 3403 521 3469 quam
574 3385 787 3469 possis
835 3385 1118 3453 credere.
1202 3387 1495 3452 Tantum
1536 3407 1769 3452 vereor
1810 3407 1896 3451 ne
1938 3385 2108 3450 clam
2149 3384 2266 3450 ali·

316 3469 504 3554 quid.
524 3473 580 3549 ⁸)
659 3471 953 3538 Uxorem
997 3493 1214 3540 meam
1266 3492 1425 3558 rogo
1466 3481 1546 3538 ut
1596 3473 1786 3539 sicuti
1829 3471 1990 3538 facis
2034 3491 2267 3556 pergas

316 3554 565 3622 habere
626 3557 1167 3625 commendatam.
1254 3558 1508 3623 Vinum
1564 3558 1825 3643 quando
1870 3557 2092 3623 uidem
2149 3566 2267 3623 tuo

315 3641 592 3708 consilio
636 3642 950 3723 vendidit,
1016 3652 1108 3725 tu,
1169 3652 1249 3710 ut
1290 3664 1499 3728 spero,
1543 3645 1801 3729 culpam
1873 3665 2007 3711 ues.
2098 3643 2266 3711 Nor-

314 3728 649 3796 mandium
690 3741 991 3796 nostrum
1038 3745 1106 3796 et
1154 3750 1382 3797 omnes
1425 3730 1709 3816 collegas
1752 3740 1819 3797 et
1861 3730 2102 3797 amicos
2144 3750 2265 3815 ego

315 3821 387 3880 et
429 3816 638 3882 nostri
680 3836 907 3882 omnes
951 3816 1248 3901 cupimus
1304 3815 1666 3900 plurimum
1721 3818 1992 3884 salvere.
2080 3815 2266 3881 Bene

313 3899 487 3981 vale,
551 3901 649 3967 mi
710 3901 1068 3986 plurimum
1131 3901 1534 3969 observande
1611 3909 1814 3987 pater.
1900 3900 1986 3969 D.
2074 3902 2264 3968 Iesus

312 3985 440 4051 tibi
493 3987 705 4073 magis
760 4009 836 4056 ac
890 3989 1102 4074 magis
1157 3987 1497 4055 benedicat
1549 3996 1615 4054 et
1670 3997 1816 4055 tuas
1866 4008 2094 4072 preces
2147 4009 2261 4055 ex-

315 4070 562 4140 audiat.
650 4073 760 4140 Ex
803 4072 1260 4159 Sangermano
1303 4081 1538 4159 quarto
1579 4094 1784 4142 nonas
1827 4072 2148 4141 Octobris.

1665 4212 1849 4278 Tuus
1890 4211 2086 4278 Beza.

519 4416 555 4471 6
614 4416 692 4474 Ν.
728 4414 870 4473 8530
901 4424 953 4473 ct
985 4432 1126 4490 seqq.

610 4486 739 4543 vide
772 4486 847 4543 N.
882 4484 1037 4542 affl.

457 4626 472 4639 .
612 4555 794 4612 Aliter
829 4555 1086 4627 Lanquet
1127 4556 1200 4612 11.
1245 4552 1381 4611 145:
1432 4554 1617 4609 Audio
1641 4554 1820 4637 perd.
1850 4554 2260 4639 Ferret-’lennem

312 4623 565 4682 habuisse
615 4625 933 4680 mandatum
976 4643 1013 4680 a
1060 4624 1324 4681 Pontifice
1375 4624 1445 4679 de
1496 4624 1686 4679 multis
1733 4626 2004 4680 eonceden
2161 4624 2260 4679 sed

311 4693 444 4749 haee
465 4693 728 4831 '³⁸⁸⁶ss
747 4711 778 4749 e
817 4695 1171 4818 hfflssnfflo
1188 4695 1352 4750 modo
1378 4694 1669 4749 voluerunt
1695 4692 1996 4749 admittere.
2221 4710 2257 4749 a

315 4761 541 4836 Har-tyr
573 4779 636 4818 m
698 4778 735 4817 a
834 4805 846 4817 .

3270 634 3460 707 8547.

2856 804 3381 875 VERMILIUS
3426 805 3851 877 OALVINO.

2556 973 2662 1041 De
2702 975 2997 1059 colloquio
3036 979 3172 1044 iam
3210 977 3379 1045 nihil
3419 978 3562 1044 boni
3602 983 4093 1062 exspectandum.

2387 1146 2499 1211 (Ex
2534 1146 2689 1201 Petri
2721 1148 2983 1271 um&
3013 1148 3061 1203 Ε
3102 1166 3154 1219 p.
3191 1149 3471 1220 impressis
3504 1151 3575 1204 ad
3610 1152 3809 1206 calcem
3844 1153 3999 1210 Loco.
4039 1155 4203 1210 theol.
4240 1157 4324 1212 ed.

2827 1215 2858 1269 1
2965 1258 2979 1285 ,
3015 1217 3070 1273 so
3092 1258 3108 1273 .
3143 1216 3260 1286 581,
3297 1220 3382 1274 ed.
3424 1216 3575 1289 1587,
3611 1237 3665 1290 p.
3701 1218 3880 1288 1141.)

2556 1384 2844 1455 Verebar
2898 1410 3008 1455 eas
3066 1390 3292 1457 literas
3318 1396 3367 1471 ¹)
3420 1391 3829 1460 intercidisse
3886 1416 4047 1478 quas
4112 1395 4196 1463 ad
4258 1404 4324 1465 te
4374 1445 4380 1460 .

2382 1470 2534 1537 dedi
2575 1493 2777 1556 quum
2821 1476 3106 1559 primum
3152 1476 3283 1542 huc
3327 1477 3578 1562 appuli:
3626 1477 3743 1544 sed
3785 1478 3975 1548 video
4016 1480 4137 1548 tibi
4175 1481 4323 1549 red·

2381 1556 2553 1624 ditas
2614 1579 2813 1642 quum
2867 1559 3332 1628 humanissime
3387 1563 3813 1647 responderis.
3837 1568 3895 1646 ²)
3982 1565 4324 1648 Quomodo

2380 1664 2487 1709 res
2552 1652 2813 1712 nostrae
2875 1646 2983 1711 hic
3041 1646 3344 1727 habeant,
3401 1649 3627 1717 multis
3678 1671 3810 1717 non
3863 1652 4145 1720 arbitror
4200 1655 4325 1721 tibi

2380 1729 2902 1815 significandum,
2946 1731 3118 1815 quod
3162 1732 3342 1800 Bam
3396 1736 3533 1802 suis
3590 1736 3673 1802 ad
3730 1745 3796 1803 te
3852 1737 4062 1805 literis
4100 1742 4323 1808 omnia

2379 1816 2895 1901 comprehendat
2934 1839 3100 1902 quae
3142 1830 3300 1885 sunt
3355 1822 3522 1887 scitu
3564 1819 3783 1907 digna.
3869 1823 3976 1890 De
4018 1844 4321 1894 successu

2380 1911 2601 1968 autem
2654 1903 2726 1969 in
2783 1910 3124 1988 posterum
3179 1905 3336 1989 quid
3393 1906 3548 1972 boni
3602 1907 3767 1973 mihi
3823 1908 4130 1991 pollicear
4185 1932 4319 1978 non

2378 1986 2606 2068 habeo,
2630 1993 2688 2066 8)
2731 1990 2844 2057 sed
2885 2011 3154 2076 prorsus
3198 1992 3470 2076 despero
3502 1992 3920 2061 scholasticos
3952 2004 4020 2062 et
4052 1997 4323 2079 pseudo·

2377 2074 2847 2142 ecclesiasticos
2906 2075 3245 2143 nobiscum
3306 2099 3448 2144 esse
3518 2099 3967 2147 consensuros.
4065 2082 4322 2151 Habui-

2377 2181 2529 2227 mus
2570 2161 3043 2246 colloquutores
3084 2162 3436 2230 admodum
3480 2163 3768 2248 placidos
3810 2174 3895 2248 et,
3929 2173 4008 2232 ut
4048 2187 4206 2252 prae
4248 2189 4320 2237 se

2376 2246 2618 2324 ferunt,
2681 2267 2722 2313 a
2772 2248 2963 2315 nobis
3013 2249 3288 2316 minime
3345 2249 3789 2318 abhorrentes.
3878 2253 4132 2319 Verum
4174 2273 4319 2322 car-

2378 2331 2725 2412 dinalibus,
2770 2335 3086 2419 episcopis
3131 2347 3198 2401 et
3241 2335 3616 2403 doctoribus
3657 2339 3724 2403 in
3850 2338 3903 2404 ti
3936 2346 4094 2405 sunt
4135 2347 4203 2405 et
4238 2349 4320 2406 ut

2376 2418 2660 2502 suspecti
2713 2418 3056 2487 haereseos
3113 2430 3517 2489 accusantur.
3606 2423 3716 2488 Ho
3765 2424 3824 2491 ie
3879 2425 3947 2490 in
4007 2433 4316 2493 cornuto-

2375 2524 2526 2569 rum
2588 2525 2897 2572 consessu
2921 2506 2982 2589 ⁴)
3047 2506 3377 2593 Poyssiaci
3445 2529 3519 2575 se
3582 2517 3873 2595 purgant
3926 2520 3994 2576 et
4048 2532 4319 2578 oausam

2377 2587 2619 2656 dicunt.
2704 2591 3019 2658 Fratrum
3062 2594 3402 2660 consilium
3446 2603 3547 2660 est
3589 2603 3665 2660 ut
3721 2616 3869 2661 cum
3922 2597 4318 2665 adversariis

2376 2683 2517 2742 tam
2557 2675 2796 2742 leniter
2837 2688 2906 2744 et
2938 2688 3279 2746 mansuete
3334 2701 3611 2766 agamus
3666 2688 3741 2748 ut
3795 2681 4047 2748 nullam
4088 2683 4316 2750 videa-

2374 2783 2527 2827 mur
2585 2783 2849 2829 causam
2911 2765 3342 2849 abrumpendi
3416 2766 3720 2851 colloquii
3784 2767 4059 2835 dedisse.
4085 2771 4140 2852 ⁸)
4224 2772 4319 2835 At

2378 2847 2739 2916 verendum
2782 2857 2884 2915 est
2926 2872 3010 2917 ne
3055 2852 3371 2936 patientia
3411 2874 3495 2919 ex
3538 2853 3809 2919 lenitate
3847 2865 4070 2921 nostra
4102 2855 4319 2940 impu-

2375 2933 2607 3000 denter
2668 2933 3047 3004 abutantur.
3137 2936 3271 3019 Qui
3345 2939 3542 3005 rebus
3605 2949 3919 3023 praesunt
3941 2944 3992 3018 θ)
4053 2940 4317 3026 aliquod

2371 3029 2691 3087 INTERIM
2732 3021 3042 3089 videntur
3082 3021 3406 3103 meditari,
3452 3044 3526 3090 ac
3564 3025 3945 3110 religionem
3988 3047 4190 3110 quum
4233 3048 4317 3094 ex

2371 3107 2692 3191 papistica
2732 3116 2879 3174 tum
2936 3129 3021 3174 ex
3077 3109 3466 3177 Lutherana
3521 3111 3692 3177 velle
3742 3114 4043 3178 conflare.
4129 3112 4317 3179 Faex

2371 3194 2779 3277 papistarum
2822 3194 3028 3261 nollet
3068 3194 3236 3261 illud
3279 3197 3498 3263 subire
3541 3218 3740 3264 onus:
3785 3197 3856 3262 id
3897 3199 4075 3264 enim
4125 3199 4318 3266 unice

2370 3278 2640 3345 student
2680 3302 2763 3346 ne
2808 3280 2889 3346 de
2930 3301 3049 3348 suo
3091 3282 3394 3365 pestifero
3439 3283 3740 3349 instituto
3786 3281 4143 3368 quidquam
4177 3306 4315 3352 mu-

2369 3372 2565 3446 tetur,
2602 3364 2716 3433 sed
2752 3376 3011 3434 nostras
3046 3368 3350 3435 ecclesias
3393 3388 3471 3435 eo
3503 3367 3750 3437 vellent
3790 3372 4075 3455 gravari,
4120 3372 4176 3439 si
4220 3371 4317 3440 eis

2368 3451 2584 3537 aliqua
2616 3452 2884 3520 libertas
2920 3452 3325 3519 concedatur.
3397 3456 3492 3520 At
3524 3455 3754 3540 regina
3787 3463 4128 3540 utramque
4163 3477 4315 3541 par·

2367 3545 2520 3617 tem,
2565 3559 2683 3606 nos
2726 3538 2994 3623 inquam
3016 3546 3085 3605 et
3125 3539 3293 3620 illos,
3328 3539 3563 3606 iisdem
3584 3549 3652 3607 et
3672 3541 3952 3609 decretis
3987 3553 4053 3608 et
4086 3541 4312 3610 edictis

2364 3624 2684 3692 involvet.
2771 3625 2936 3711 Ego,
2980 3646 3185 3710 quum
3228 3627 3573 3693 sinceriter
3614 3648 3691 3695 ac
3732 3648 3897 3712 pure
3936 3629 4312 3694 instauran-

2367 3708 2490 3776 dae
2529 3710 2867 3795 religionis
2908 3711 3180 3778 consilia
3234 3710 3547 3792 dederim,
3604 3714 3885 3798 amplius
3923 3734 4057 3780 non
4099 3733 4310 3780 accer-

2362 3817 2489 3947 ffilr,
2513 3800 2570 3872 ⁷)
2614 3796 2918 3949 noctussllflt.
2931 3797 3088 3949 vell11
3086 3798 3430 3865 consilium
3432 3799 3576 3951 Dvel
3617 3799 4094 3950 instit‘iitionem
4130 3820 4170 3865 a
4202 3818 4310 3949 me³

2362 3987 2446 4118 {3¹
2461 3902 2924 4121 ²253&ss
2968 3904 3564 4120 ...ragffimff
3598 3893 4175 4121 ξὶἶξξὲῖὲἴ
4195 3905 4309 4122 {t

2404 4073 2781 4138 racopo
2925 4074 3672 4140 umauparumau
3981 4075 4304 4139 exspec.

2357 4344 2547 4402 8547.
2573 4344 2603 4398 1
2663 4344 2744 4402 N.
2777 4343 2934 4400 3516.

2564 4344 2631 4552 ἐξ
2657 4414 3378 4608 &ffiffiawfw
3387 4484 3412 4549 (
3427 4481 3561 4537 Viae
3586 4479 4038 4551 praecedentem.)

2471 4689 2483 4703 ⁶
2555 4551 3187 4745 §mm
3216 4621 3482 4677 cavebant
3511 4635 3675 4691 quun
3709 4620 3956 4691 praelo&
3985 4634 4305 4678 comem

2354 4690 2482 4757 βω
2514 4706 2630 4824 ⁸6)
2670 4695 2889 4828 Ιιὶσρύισ
2911 4764 3083 4813 mater
3114 4762 3166 4813 a
3183 4756 3552 4813 Novas-renus
3581 4758 3823 4827 politicis
3845 4758 4153 4815 mesonma
4178 4773 4304 4829 per-

2356 4830 2507 4912 mpts'·
2551 4828 2835 4911 Longae:
2869 4826 3017 4949 Exp-
3064 4826 3139 4881 11.
3175 4824 3307 4907 143..-
3358 4827 3500 4892 Quid
3550 4827 3620 4881 de
3665 4828 3874 4898 Regina
3918 4828 4093 4909 vidua·
4129 4827 4304 4910 dicam

2357 4915 2455 4951 ux
2487 4913 2620 4960 scio,
2663 4912 2771 4950 nm
2806 4912 2913 4965 que
2983 4911 3094 4950 non
3126 4895 3335 4961 dubito,
3382 4912 3704 4967 quocunque
3735 4913 3795 4951 se
3827 4896 4046 4951 fortuna
4075 4898 4305 4951 inclinet

2357 4966 2464 5022 hoc
2498 4966 2550 5019 ei
2623 4966 2873 5035 raecipue
2908 4980 3028 5019 esse
3062 4979 3224 5019 curae
3257 4972 3321 5018 ut
3353 4971 3560 5036 regnet,
3607 4982 3709 5020 nec
3748 4970 3884 5035 puto
3918 4981 4038 5020 eam
4073 4970 4303 5035 propter

2357 5034 2666 5117 pontificios
2700 5039 2798 5088 aut
2832 5038 3062 5104 propter
3095 5032 3438 5089 Lutheranos
3483 5035 3728 5090 fortunas
3762 5050 3887 5088 suas
3920 5034 3980 5088 in
4013 5033 4302 5089 discrimen

2357 5109 2806 5239 oemwtgmssff‘de
2825 5184 3095 5240 nuperum
3116 5170 3394 5243 Hau-tyr&
3393 5241 3407 5254 ⁹
3420 5170 3498 5227 ad
3516 5171 3894 5240 Bulbum·
3779 5241 3791 5254 ·
3913 5184 4105 5226 versu

2360 5239 3476 5381 fflqufiissgmffixaffiozfflg
3503 5257 3632 5364 αἰξὶ
3682 5310 3802 5379 ipsa
3843 5245 4009 5362 affin
4028 5254 4142 5362 οεοῦ
4208 5255 4302 5362 αἴ

2360 5378 2596 5436 rentina.
