4850 6117
339 420 473 483 153

1229 603 1425 676 8⁶4⁰.

798 775 1367 845 HOLBRAOUS
1411 775 1849 844 OALVINO.

520 947 805 1017 Ecclesia
874 948 1080 1016 Vallis
1136 948 1483 1017 Marianae
1536 949 1802 1016 dimisso
1853 953 2107 1031 pastore
2163 947 2298 1013 iam

336 1034 741 1114 benehabet,
798 1034 2300 1119 hioRaneofurbumseoonmlitquovocatus

337 1125 452 1188 est.
542 1121 948 1207 Arymtomti
986 1122 1135 1188 odia
1175 1128 1234 1188 et
1273 1123 1485 1188 minae
1525 1125 1740 1188 eontra
1787 1119 2023 1186 Gallos.

644 1292 754 1357 (Ex
790 1293 1132 1362 autographo
1168 1293 1302 1349 Cod.
1339 1293 1544 1348 Gener.
1581 1292 1699 1363 196,
1731 1293 1823 1348 fol.
1862 1289 2011 1359 231.)

520 1462 779 1528 Pietate
824 1468 893 1527 et
935 1460 1231 1529 doctrina
1272 1463 1418 1529 viro
1476 1461 1838 1529 clarissimo
1880 1461 1966 1526 D.
2012 1459 2297 1526 Iohanni

343 1547 630 1615 Calvino
674 1547 1088 1615 Genevensis
1130 1548 1442 1616 ecclesiae
1483 1548 1747 1632 pastori.
1793 1633 2107 1699 Gemma

520 1804 593 1871 S.
664 1799 947 1872 Gratum
1012 1805 1135 1872 tibi
1196 1806 1334 1872 fore
1399 1805 1771 1871 existimavi
1835 1804 1894 1870 si
1959 1803 2039 1868 de
2101 1802 2298 1868 rebus

339 1892 654 1959 ecclesiae
705 1890 913 1956 Vallis
956 1892 1299 1957 Marianae
1332 1893 1381 1970 ¹)
1436 1900 1504 1955 et
1555 1911 1686 1974 quo
1728 1910 1906 1956 nunc
1962 1889 2099 1955 sint
2153 1888 2295 1953 loco

338 1978 651 2045 nonnihil
694 1977 1062 2044 scriberem.
1153 1976 1496 2043 Meliorem
1556 1986 1732 2042 certe
1789 1975 2044 2046 exitum
2098 1994 2296 2056 quam

340 2063 697 2148 aliquando
773 2064 1186 2146 speravimus
1265 2062 1495 2129 habuit
1571 2062 1902 2127 contentio
1979 2059 2296 2126 adversus

338 2150 619 2215 statrem
684 2158 985 2215 nostrum
1037 2149 1465 2233 Arnulphum
1529 2148 1820 2214 Banoum
1846 2147 1907 2231 2)
1973 2153 2293 2228 suscepta.

342 2234 635 2302 Oordate
699 2236 873 2301 enim
942 2242 1010 2300 et
1072 2235 1327 2301 fortiter
1392 2254 1467 2300 se
1529 2233 1738 2318 gessit
1802 2229 2108 2298 dominus
2172 2230 2296 2296 loci

340 2321 545 2400 illius,
567 2324 623 2397 ⁸)
669 2329 737 2387 et
778 2327 1037 2385 tantum
1095 2341 1217 2387 sua
1270 2320 1619 2387 autoritate
1661 2318 1877 2384 effecit
1919 2327 1994 2382 ut
2035 2336 2295 2383 conser-

339 2415 507 2473 vata
570 2407 658 2472 sit
721 2407 993 2473 ecclesia
1035 2406 1271 2492 gallica
1322 2407 1395 2471 in
1459 2406 1743 2488 puritate
1806 2403 2162 2482 doctrinae,
2228 2412 2297 2467 et

387 2492 522 2558 uod
572 2492 655 2558 ad
708 2494 880 2558 ritus
935 2494 1171 2558 attinet
1226 2513 1297 2559 se
1339 2493 1771 2559 conformaret
1814 2489 1969 2556 huic
2013 2497 2292 2555 nostrae.

414 2598 604 2645 erum
663 2599 748 2644 ne
811 2576 1168 2645 adversarii
1226 2579 1438 2662 magis
1499 2578 1923 2642 irritarentur
1978 2583 2292 2659 tanquam

338 2685 617 2750 prorsus
650 2664 831 2744 victi,
873 2666 945 2728 in
981 2664 1107 2731 hoc
1140 2664 1301 2749 ipsis
1335 2664 1773 2748 gratificatum
1807 2669 1912 2726 est
1945 2670 2019 2726 ut
2050 2668 2291 2743 pastor,

341 2751 464 2835 qui
507 2750 935 2816 intolerabilis
975 2750 1107 2815 iuis
1147 2748 1513 2829 videbatur,
1555 2749 1697 2814 loco
1740 2746 2014 2825 cederet,
2057 2745 2292 2812 saltem

338 2837 433 2902 ad
490 2845 767 2920 tempus,
824 2836 1029 2901 donec
1083 2836 1562 2903 deverserveret
1582 2837 1644 2914 ⁴)
1696 2833 1937 2911 odium,
1991 2831 2164 2916 quod
2222 2832 2291 2896 in

386 2923 627 2989 astoris
658 2942 937 3005 persona
970 2923 1316 3007 praecipue
1349 2921 1507 2986 ferri
1542 2918 1908 2996 videbatur,
1953 2938 2033 2984 ea
2066 2926 2290 2983 tamen

333 2944 493 3094 fege
525 3016 603 3073 ut
634 3006 802 3074 alius
835 3009 908 3072 in
940 3008 1146 3092 ipsius
1178 3009 1393 3074 locum
1426 3006 1951 3075 substitueretur.
2008 3002 2089 3069 Id
2117 2999 2292 3087 quod

333 3115 482 3161 non
518 3092 868 3159 admodum
907 3113 1111 3178 grave
1146 3093 1300 3159 tulit
1331 3091 1742 3176 Amulphus:
1777 3090 1968 3157 facile
2008 3107 2291 3173 namque

333 3200 579 3266 passus
621 3187 725 3246 est
765 3200 836 3245 se
874 3180 1048 3245 vinci
1096 3177 1221 3267 [ut]
1267 3178 1564 3246 vinceret
1596 3176 1904 3244 Christus
1946 3183 2012 3241 et
2046 3175 2290 3242 veritas

335 3287 498 3333 cum
544 3264 815 3332 ecclesia
856 3264 1042 3331 salva
1083 3262 1445 3352 man[eret].
1531 3264 1616 3329 In
1669 3264 1876 3346 ipsius
1928 3262 2151 3345 itaque
2191 3259 2291 3325 lo·

335 3373 502 3421 cnm
544 3350 934 3436 subrogatus
976 3358 1077 3417 est
1112 3350 1440 3436 FiyoniuS,
1466 3353 1520 3428 ⁶)
1563 3348 1678 3433 qui
1718 3368 1896 3414 nunc
1937 3347 2030 3414 ibi
2072 3353 2290 3431 pasto-

335 3458 491 3505 rem
547 3436 685 3522 agit
738 3447 822 3516 et,
878 3443 955 3502 ut
997 3435 1210 3516 audio,
1263 3443 1492 3521 gratus
1542 3441 1644 3501 est
1685 3454 1819 3500 non
1873 3440 2134 3499 tantum
2178 3431 2291 3497 do·

332 3523 530 3590 mino
572 3523 694 3590 loci
738 3530 806 3588 et
844 3522 1044 3606 plebi,
1092 3543 1328 3591 verum
1370 3522 1570 3587 etiam
1613 3518 1940 3602 Arnulphi
1982 3516 2293 3584 adversa-

333 3611 484 3688 riis,
545 3616 660 3675 aut
702 3608 939 3675 saltem
981 3608 1051 3674 id
1107 3607 1438 3675 simulant.
1512 3606 1779 3671 Interea
1823 3605 2081 3670 veniam
2124 3602 2293 3670 obti-

333 3696 498 3761 nuit
530 3693 908 3776 Amulphus
940 3714 1012 3760 se
1047 3693 1421 3761 conferendi
1453 3711 1841 3776 quocunque
1874 3691 2091 3756 visum
2121 3696 2296 3755 esset

336 3780 435 3848 ad
477 3787 750 3864 tempus.
827 3778 1025 3861 Quod
1059 3801 1263 3865 quum
1303 3779 1869 3855 intellexissemus,
1915 3777 2128 3876 ipsum
2166 3776 2295 3840 huc

338 3864 436 3934 ad
478 3886 597 3932 nos
639 3865 867 3932 venire
910 3866 1309 3951 rogavimus,
1353 3873 1420 3931 et
1462 3862 1809 3931 consilium
1853 3862 1953 3927 ilh
1996 3859 2295 3928 dedimus

334 3961 430 4019 ut
449 3950 900 4019 Francfortum
934 3952 1064 4017 iret
1080 3955 1136 4036 θ)
1177 3960 1245 4019 et
1277 3952 1495 4017 omnia
1528 3956 1818 4016 tentaret
1850 3950 1908 4014 si
1943 3968 2070 4030 quo
2104 3944 2296 4012 modo

335 4243 545 4300 3040.
555 4242 625 4380 ἐξ
650 4241 1013 4379 &W
1045 4244 1108 4298 in
1142 4241 1370 4379 ‘¹²⁸gff‘}
1422 4239 1716 4377 Νὲξὲῧε).

553 4379 620 4503 Ξ)
641 4379 968 4504 &mmm
1002 4379 1127 4434 111.
1164 4380 1230 4435 ae
1264 4377 1669 4449 Rappozum

554 4516 617 4582 ὅ)
655 4518 914 4587 Ioannes,
948 4534 989 4572 a
1008 4517 1334 4573 Metensiun
1368 4517 1695 4572 consistorio
1727 4514 1929 4569 missus
1962 4530 2031 4569 n.
2057 4513 2291 4570 Octobri.

332 4590 425 4644 Ge
447 4587 694 4641 ministre
727 4586 863 4642 e'tait
895 4585 1104 4641 tres-lie
1139 4602 1271 4640 avec
1305 4585 1495 4639 Pierre
1529 4584 1599 4637 de
1617 4584 1748 4639 Colo
1823 4600 1854 4637 e
1886 4583 2035 4637 alors
2070 4589 2292 4653 pestem·

330 4655 587 4780 ἑέὶὶοτέἑ
623 4657 810 4778 ’130ᾳῖ1
852 4654 1206 4789 1’ἰιιιτέ<ἰᾱῑιίείί;
1248 4657 1283 4711 a
1314 4653 1425 4709 Ste.
1462 4653 1651 4707 Mario.
1722 4654 1747 4718 (
1843 4655 1955 4721 ion,
1987 4651 2161 4707 notice
2196 4666 2295 4706 sur

413 4741 451 4795 ⁹
556 4792 590 4847 6
646 4740 1034 4847 Drionpmale:
1075 4791 1417 4847 Nenausum.
1462 4790 1682 4845 Franks.
1715 4789 1836 4845 Bel.
1868 4788 1994 4843 Hdl.
2030 4789 2077 4843 1.
2156 4827 2171 4842 .
2206 4786 2291 4841 22.

334 4860 528 4932 (Vas
559 4876 618 4916 es
660 4863 759 4915 mit
792 4861 846 4916 d.
887 4861 1013 4928 Res.
1062 4864 1320 4916 exercitio
1357 4860 1476 4916 Bel.
1512 4874 1613 4915 vor
1645 4862 1766 4914 eine
1796 4858 2009 4913 Beseha
2054 4872 2119 4912 en
2204 4873 2292 4926 qe—

332 4932 482 4988 habt
517 4928 681 4984 1735:
733 4930 810 4984 Es
841 4929 1022 4984 haben
1056 4929 1144 4984 die
1178 4928 1448 4983 Fremden
1492 4946 1561 4982 zu
1591 4929 1682 4983 Fr.
1716 4928 1774 4981 in
1808 4927 1965 4982 ihren
2000 4926 2023 4992 (
2059 4966 2073 4980 .
2098 4924 2292 4981 Mon·—

335 4999 437 5055 27.
471 4999 606 5055 Nou.
642 4996 798 5054 1561.
843 4998 982 5053 Beil.
1027 5014 1083 5051 n.
1131 4996 1321 5065 3541)
1365 4999 1742 5068 ubergebenen
1790 4995 2161 5050 Memorialien
2202 4994 2294 5048 die

330 5067 851 5135 wiederert’iffnung
896 5067 996 5120 der
1028 5067 1239 5121 Kirche
1277 5066 1431 5120 nicht
1472 5068 1592 5120 inre
1637 5066 1770 5135 ipsis
1815 5070 2157 5133 competente
2205 5063 2294 5117 vel

332 5145 511 5212 pacto
566 5137 699 5192 oder
752 5137 834 5188 als
890 5137 1011 5189 eine
1068 5135 1443 5205 Schuldigkeit
1492 5135 1730 5189 sondern
1786 5134 1867 5188 als
1916 5133 2039 5187 eine
2090 5148 2294 5187 meram

331 5208 579 5332 {radam
711 5204 888 5270 uchet,
923 5204 1062 5260 auch
1108 5205 1302 5258 weiter
1336 5204 1513 5257 nichts
1549 5202 1798 5258 erhalten
1832 5203 1914 5256 als
1949 5202 2076 5256 dass
2111 5201 2189 5254 sie
2224 5217 2294 5253 an

385 5293 455 5331 en
490 5221 709 5345 beytfeen?
737 5273 1083 5357 Ohristtfigen
1121 5273 1395 5328 offentlich
1428 5272 1693 5396 gredigen
1726 5272 1906 5325 lasseu
1938 5273 2146 5340 mogon.
2198 5269 2296 5323 Bei

330 5347 528 5401 dieser
582 5343 940 5412 Gelegenheit
990 5351 1064 5397 ist
1115 5359 1220 5397 von
1273 5342 1372 5396 der
1472 5341 1740 5396 onfession
1806 5339 1903 5394 dee
1954 5355 2074 5393 zum
2127 5339 2295 5393 fram.

2049 419 2207 484 1561
2251 415 2659 485 DEOEMB.

4223 422 4344 484 154

2399 604 2789 706 peroffinae
2830 603 3138 671 ecclesiae
3178 604 3436 671 restitui
3474 611 3763 691 possent.
3841 606 4192 691 Aequievit
4231 606 4342 674 ille

2401 691 2695 770 consilio,
2754 688 2952 775 idque
2994 712 3070 756 eo
3124 690 3458 758 lubentius
3501 691 3675 775 quod
3729 692 3926 760 seiret
3964 713 4035 758 se
4076 702 4342 778 gratum

2399 796 2544 842 esse
2606 777 2867 860 utrique
2931 777 3122 859 parti,
3174 777 3550 860 quercetano
3604 776 3920 844 nimirum
3962 789 4030 843 et
4080 779 4239 858 suis,
4302 801 4343 846 a

2399 863 2637 946 quibus
2680 862 2876 928 etiam
2911 869 3165 941 (nostro
3199 868 3430 939 suasu)
3463 883 3583 947 per
3614 863 3930 929 nuncium
3963 864 4340 944 vocabatur,

2399 948 2610 1014 altera
2641 955 2830 1032 parte
2872 969 3006 1013 non
3049 950 3326 1014 conscia.
3399 947 3655 1014 Deinde
3689 947 3936 1032 aliquot
3975 950 4341 1033 praecipuis

2396 1033 2867 1101 mercatoribus
2923 1035 3036 1117 qui
3079 1032 3411 1101 Raneisci
3465 1043 3686 1119 partes
3740 1036 4005 1118 sequuti
4060 1035 4338 1116 fuerant,

2398 1117 2765 1185 confidebat
2827 1140 3021 1185 suum
3089 1119 3450 1186 adventum
3520 1117 3875 1186 iucundum
3936 1121 4103 1186 fore:
4182 1141 4340 1187 nam

2396 1205 2557 1287 ipsis
2591 1206 2758 1271 bene
2793 1215 2987 1270 notus
3020 1214 3163 1271 erat
3196 1226 3398 1288 quum
3420 1206 3824 1289 Antverpiae
3861 1227 4085 1272 eorum
4119 1214 4336 1290 pastor

2396 1291 2648 1357 fuisset.
2714 1291 2944 1375 Itaque
2985 1288 3108 1357 hac
3142 1311 3260 1375 spe
3300 1291 3507 1359 fretus
3539 1294 3669 1358 iter
3701 1294 4035 1377 ingressus
4074 1303 4175 1358 est
4206 1292 4340 1375 pri-

2398 1376 2505 1443 die
2580 1376 2884 1443 oalendas
2947 1375 3355 1443 Novembris.
3464 1375 3740 1444 Salvum
3808 1397 3886 1443 eo
3963 1382 4339 1461 pervenisse

2396 1462 2657 1528 scimus.
2749 1460 2929 1543 Quid
2993 1472 3215 1528 autem
3281 1463 3589 1542 effecerit,
3652 1471 3768 1529 aut
3818 1484 3985 1547 quae
4049 1465 4135 1531 sit
4189 1484 4340 1547 spes

2395 1547 2727 1632 profectus
2773 1546 2986 1613 adhuc
3025 1548 3421 1633 ignoramus.
3489 1548 3818 1615 Dominus
3850 1550 4056 1633 ipsius
4089 1556 4156 1614 et
4189 1568 4340 1615 nos·

2396 1635 2521 1699 tris
2566 1635 2736 1700 votis
2788 1632 3039 1699 faveat:
3098 1653 3253 1698 nam
3295 1635 3351 1700 si
3394 1633 3576 1699 volet
3615 1633 3803 1700 Deus
3845 1635 4148 1701 ecclesias
4188 1634 4340 1701 illas

2397 1721 2734 1786 restitutas
2777 1739 2920 1785 esse
2960 1720 3185 1804 magni
3220 1719 3515 1788 beneficii
3556 1719 3697 1785 loco
3740 1719 4114 1786 habendum
4150 1728 4342 1805 puta-

2395 1825 2578 1888 mus,
2651 1826 2874 1872 eorum
2941 1805 3325 1887 praesertim
3388 1814 3689 1889 respectu
3754 1807 3865 1890 qui
3932 1807 4005 1871 in
4068 1806 4339 1891 Belgioo

2395 1892 2585 1975 gravi
2629 1893 2827 1958 etiam
2874 1911 3052 1957 nunc
3091 1892 3595 1974 persequutione
3638 1891 3989 1976 agit-antur.

2568 1977 2674 2043 De
2716 1977 2822 2043 his
2864 1997 3031 2059 quae
3071 1976 3178 2043 hio
3222 1985 3513 2061 aguntur
3555 1996 3688 2042 non
3723 1975 3931 2043 habeo
3966 1977 4136 2059 quod
4179 1977 4340 2044 scri·

2395 2062 2551 2128 bere
2593 2064 2856 2147 possim,
2917 2063 3044 2129 nisi
3085 2061 3258 2145 quod
3301 2062 3510 2127 nostri
3562 2061 3922 2130 adversarii
3964 2069 4149 2127 tanto
4192 2061 4341 2128 odio

2395 2148 2469 2212 in
2523 2170 2642 2214 nos
2698 2148 2934 2214 ardent
2984 2155 3061 2213 ut
3110 2149 3240 2213 nisi
3297 2148 3623 2213 Dominus
3687 2167 3806 2213 suo
3863 2148 4099 2232 spiritu
4155 2154 4342 2232 regat

2396 2242 2714 2312 senatum,
2773 2234 2962 2300 nobis
3021 2242 3166 2309 (aut
3222 2234 3454 2299 saltem
3510 2233 3703 2313 mihi)
3759 2233 3917 2299 hino
3971 2233 4157 2298 brevi
4214 2233 4338 2297 mi-

2397 2320 2724 2404 grandum
2771 2321 2914 2386 erit.
2988 2319 3201 2403 Spero
3234 2329 3453 2385 autem
3487 2340 3619 2384 non
3654 2319 3841 2387 facile
3877 2326 4338 2402 assequuturos

2397 2404 2574 2488 quod
2615 2406 2906 2491 cupiunt.
2991 2405 3288 2484 Interim,
3346 2406 3450 2471 vir
3490 2404 3849 2472 clarissime
3890 2413 3958 2469 et
3997 2413 4185 2488 pater
4224 2404 4340 2470 ob-

2397 2491 2742 2574 servande,
2794 2492 2967 2561 hanc
3010 2513 3146 2558 una
3186 2512 3335 2558 cum
3378 2491 3646 2574 reliquis
3688 2491 3975 2558 ecclesiis
4016 2491 4149 2556 tuis
4191 2511 4338 2573 pre-

2396 2577 2581 2644 cibus
2623 2578 2766 2644 Deo
2808 2586 2876 2644 et
2916 2577 3087 2661 patri
3124 2577 3395 2643 Domini
3436 2578 3644 2643 nostri
3680 2577 3831 2644 Iesu
3869 2574 4120 2643 Ohristi
4163 2596 4339 2642 com-

2396 2663 2653 2729 menda.
2726 2664 3054 2730 Dominus
3094 2671 3161 2728 te
3204 2660 3319 2728 diu
3361 2662 3750 2729 incolumem
3785 2671 4049 2729 nostrae
4082 2660 4341 2728 Galliae

2396 2759 2463 2815 et
2526 2751 2728 2817 totius
2802 2749 3197 2816 christianae
3261 2748 3570 2815 wclesiae
3635 2748 3802 2815 bono
3864 2757 4210 2815 conservet
4273 2756 4340 2811 et

2394 2840 2676 2902 tueatur.
2750 2836 3152 2921 Argentinae
3197 2838 3256 2899 9.
3302 2834 3688 2901 Decembris
3738 2838 3918 2899 1561.

3113 2987 3488 3054 Gulielmus
3530 2987 3950 3055 Holbrachus
3993 2998 4163 3053 tuus.

3278 3601 3466 3673 3641.

2845 3774 3409 3843 BLAURERUS
3456 3771 3894 3842 OALVINO.

2571 3944 2966 4014 Commendat
3004 3948 3064 4013 ei
3103 3950 3387 4013 iuvenem
3426 3946 3699 4032 aliquem
3739 3945 4087 4011 studiosum
4127 3949 4182 4009 et
4221 3943 4338 4012 hac

2395 4033 2706 4099 occasione
2743 4034 2883 4099 eius
2920 4034 3391 4100 commentarios
3430 4035 3502 4099 in
3550 4031 3745 4098 libros
3784 4048 3997 4096 saeros
4036 4030 4337 4095 maximis

2393 4118 2626 4186 extollit
2665 4118 2977 4186 laudibus.
3899 4165 3910 4176 .

2689 4288 2803 4358 (Ex
2839 4290 3177 4360 autographo
3210 4288 3343 4345 Ood.
3378 4288 3581 4344 Gener.
3619 4285 3736 4358 196,
3769 4286 3862 4341 fol.
3897 4284 4043 4354 234.)

2566 4460 2949 4529 Clarissimo
2981 4459 3601 4545 incomparabilique
3640 4458 3942 4544 theologo
3974 4457 4061 4525 D.
4099 4458 4338 4526 Ioanni

2393 4547 2669 4615 Calvino
2704 4547 2915 4615 amico
2950 4555 3019 4615 et
3058 4548 3246 4613 fratri
3289 4555 3425 4611 tam
3460 4542 3867 4611 observando
3903 4565 4096 4629 quam
4142 4543 4338 4630 longe

2390 4633 2747 4701 carissimo.

3914 4716 4246 4783 Genevae.

2391 4993 2690 5062 Predigern
2725 4991 3215 5062 vorgeschlagenen
3239 4989 3468 5044 Arnoldi
3491 4989 3660 5044 Banci
3696 4989 3808 5044 und
3841 4989 4009 5044 deren
4033 4988 4337 5060 Probirung

2392 5062 2571 5116 nichts
2604 5061 2837 5143 gedacht
2871 5059 3090 5142 worden
3125 5059 3236 5113 und
3258 5059 3370 5143 ”hat
3401 5059 3499 5113 das
3520 5059 3883 5113 Ministerium
3906 5058 4117 5140 Franci.
4152 5059 4338 5140 solche

2393 5129 2903 5269 fflafeffiaziisst
2925 5130 2987 5253 ἐξ
3033 5129 3743 5280 'mkognessffl—ssnff.
3773 5126 4163 5251 gaminae&
4200 5127 4336 5251 gaal..

2396 5266 2487 5321 11.
2522 5268 2664 5322 Beil.
2705 5265 2792 5334 37,
2832 5284 2890 5336 p.
2938 5265 3059 5321 327.
3131 5264 3249 5322 Des
3284 5267 3590 5322 Minister-ii
3633 5264 3956 5321 Bedencken
3987 5266 4119 5321 uber
4152 5264 4337 5320 Bane·

2401 5335 2488 5392 Gt.
2524 5336 2656 5392 Bek.
2692 5353 2741 5391 v.
2785 5337 2830 5389 1.
2867 5335 3000 5392 Jan.
3038 5335 3186 5391 1562.
3223 5337 3294 5393 ὦ.
3333 5353 3389 5392 n.
3422 5334 3506 5401 38,
3541 5350 3596 5403 p.
3632 5332 3751 5388 330.
4273 5367 4290 5392 .
