4850 6117
646 393 765 455 171

639 597 857 645 essem
897 576 1161 660 iniquus
1201 574 1309 642 vel
1351 576 1658 645 ecclesiae
1700 576 1830 643 Dei
1868 575 2169 643 iniurius.
2248 577 2393 643 Imo
2436 586 2590 643 tuae

644 662 1015 730 autoritatis
1092 668 1162 728 et
1236 662 1655 729 ecclesiarum
1844 664 1857 677 '
1959 662 2211 730 habens
2272 663 2589 729 maiorem

645 748 965 816 rationem
1009 769 1207 833 quam
1247 755 1514 815 centum
1557 748 1729 815 Blau
1849 756 2087 815 tarum.
2163 747 2590 816 Blandratam

644 835 834 901 miris
875 832 1087 899 modis
1147 835 1220 899 in
1264 834 1476 900 officio
1515 836 1839 902 continui:
1892 855 2026 900 non
2069 855 2224 919 ergo
2267 834 2592 902 Blandra-

643 925 744 987 tae
787 939 969 986 amor
1010 940 1118 985 me
1151 920 1545 999 excaecavit,
1591 931 1665 987 ut
1704 920 1955 999 scribis,
2001 919 2114 986 sed
2150 941 2283 986 non
2318 920 2590 1005 puerilis

644 1006 843 1087 zelus,
882 1026 1010 1089 quo
1052 1014 1119 1071 et
1158 1012 1226 1072 te
1266 1015 1333 1072 et
1376 1006 1715 1073 ecclesiam
1759 1006 1886 1072 Dei
1926 1005 2176 1073 sincere
2216 1027 2596 1090 prosequor,

643 1091 812 1158 mihi
886 1091 1211 1176 persuasit
1238 1107 1241 1110 ·
1284 1113 1369 1157 ne
1433 1113 1582 1159 cum
1651 1091 2015 1159 Blandrata
2078 1113 2265 1160 secus
2327 1113 2591 1178 agerem

689 1199 844 1245 uam
886 1178 1011 1262 egi.
1099 1176 1177 1244 Si
1221 1198 1479 1260 possem
1520 1199 1741 1245 coram
1780 1179 1855 1244 in
1895 1178 2118 1244 sinum
2154 1185 2343 1244 tuum
2377 1178 2589 1244 effun-

690 1284 801 1330 ere
863 1284 1031 1348 quac
1094 1263 1377 1330 scribere
1429 1271 1650 1330 tutum
1706 1285 1840 1334 non
1895 1270 2015 1343 est,
2079 1264 2286 1348 pluris
2340 1263 2590 1331 faceres

644 1371 857 1417 unum
899 1348 1250 1415 verbulum
1294 1348 1661 1416 Lismanini
1703 1369 1899 1434 quam
1942 1350 2139 1434 longa
2172 1350 2413 1433 scripta
2446 1371 2590 1417 nes-

645 1437 747 1504 cio
810 1435 1000 1503 cuius
1022 1438 1076 1514 ⁸)
1137 1435 1251 1519 qui
1313 1435 1436 1502 sub
1500 1436 1693 1502 titulo
1752 1437 2071 1503 ementito
2135 1433 2590 1503 Oracoviensis

693 1522 925 1588 asteris
963 1542 1081 1605 per
1121 1521 1487 1588 Martinam
1532 1520 1928 1590 Onochovium
1970 1521 2054 1588 ad
2096 1530 2162 1587 te
2205 1531 2275 1588 et
2305 1522 2392 1589 D.
2428 1522 2592 1590 Buz-

649 1609 734 1759 {a
768 1627 837 1759 ..⁶¹
853 1626 985 1758 ‘1320'
986 1608 1377 1759 ssfiffissi
1409 1607 2589 1779 ffffitxssssitfffflzssfftfftss

648 1778 1105 1845 Circumvenit
1194 1781 1297 1845 vir
1382 1779 1593 1846 bonus
1670 1780 1752 1846 D.
1831 1778 2122 1847 Felicem
2363 1781 2377 1796 ‘
2415 1802 2592 1847 erum

649 1864 1298 1948 superintendentem
1340 1865 1732 1951 generalem,
1792 1873 1858 1931 et
1902 1864 2183 1932 alterum
2225 1867 2591 1933 Martinam

652 1949 994 2017 Grovitium
1012 1954 1068 2028 Β)
1105 1951 1750 2035 superintendentem
1782 1949 2090 2020 dioecesis
2131 1952 2590 2034 Xionsnensis,

650 2037 828 2102 viros
869 2037 1165 2120 optimos,
1209 2045 1276 2103 et
1315 2057 1466 2103 cum
1510 2038 1638 2103 alio
1681 2038 1983 2105 ministro
2017 2036 2307 2105 eiusdem
2340 2037 2592 2105 farinae

650 2124 836 2189 cuius
893 2135 960 2189 et
1000 2125 1138 2207 ipse
1182 2131 1298 2189 est.
1387 2121 1666 2207 Scripsit
1707 2122 1791 2189 ad
1831 2145 1952 2191 vos
1993 2124 2221 2191 literas
2261 2125 2591 2209 quandam

650 2208 1114 2275 confessionem
1137 2209 1544 2276 conduentes
1565 2210 1830 2277 nomine
1863 2208 2285 2277 ecclesiarum
2317 2211 2594 2277 minoris

649 2293 987 2375 Poloniae,
1018 2314 1184 2378 quae
1217 2314 1325 2360 res
1347 2317 1389 2360 a
1421 2303 1559 2361 tota
1591 2295 1845 2380 synodo
1879 2298 2230 2377 seniorum,
2272 2296 2591 2363 nobilium

649 2386 720 2446 et
760 2380 1208 2446 ministrorum
1242 2379 1490 2464 primae
1523 2390 1733 2461 notae,
1776 2403 1937 2466 quos
1972 2381 2328 2449 distinctim
2362 2403 2592 2467 super-

650 2463 1068 2531 intendentes
1099 2473 1351 2545 vocant,
1388 2466 1808 2534 vehementer
1830 2475 1930 2534 est
1949 2468 2332 2553 improbata.
2397 2468 2592 2535 Unde

652 2550 933 2636 permoti
973 2549 1059 2615 ad
1100 2572 1221 2617 vos
1262 2573 1439 2617 nunc
1481 2552 1776 2619 scribunt
1816 2574 1902 2619 ne
1945 2553 2097 2620 ullis
2130 2553 2409 2621 credatis
2445 2553 2592 2620 lite·

652 2637 764 2713 ris,
824 2643 1132 2719 tanquam
1191 2637 1272 2702 ab
1328 2637 1615 2706 ecclesiis
1670 2640 1941 2707 minoris
1999 2638 2310 2706 Poloniae
2351 2642 2588 2718 missis,

651 2721 782 2788 nisi
824 2720 1188 2804 subscripta
1220 2724 1485 2788 nomina
1518 2723 1866 2804 seniorum,
1902 2726 2017 2810 qui
2048 2747 2225 2793 nunc
2259 2726 2591 2811 subscrip·

652 2815 901 2886 serunt,
956 2816 1071 2872 aut
1123 2807 1394 2873 totidem
1447 2808 1742 2876 aliorum.
1762 2809 1819 2896 ⁷)
1905 2814 2188 2878 Autores
2249 2811 2590 2879 literarum

737 2915 773 2959 r
803 2893 1174 2959 Martinum
1211 2890 1606 2961 onachovium
1647 2895 1730 2961 ad
1772 2916 1894 2962 vos
1934 2898 2287 2964 missarum
2328 2898 2592 2964 fuerant

707 2978 1042 3045 ennislaus
1071 2980 1125 3062 ⁸)
1174 2977 1513 3059 Sarnitius,
1570 2981 1871 3049 minister
1913 2983 2217 3050 ecclesiae
2251 2981 2590 3050 Aulorzis-

651 3064 997 3143 lawiensis,
1041 3085 1175 3129 non
1207 3072 1431 3148 pastor
1462 3065 1771 3133 ecclesiae
1797 3067 2268 3151 Oracoviensis,
2310 3078 2382 3136 et
2423 3069 2592 3136 alter

653 3150 929 3216 Iacobus
989 3147 1249 3234 Sylvius
1300 3149 1602 3218 minister
1645 3151 2203 3222 Krczczieczeusis
2258 3154 2587 3223 ecclesiae.

654 3235 915 3302 Horum
959 3233 1241 3301 duorum
1284 3256 1482 3320 opera
1525 3235 1777 3304 inducti
1817 3240 1903 3305 D.
1947 3240 2143 3306 Felix
2186 3239 2483 3324 &umber
2524 3249 2591 3306 et

654 3320 988 3388 Martinus
1022 3319 1341 3387 Grovibius
1382 3323 1913 3407 subscripserant,
1949 3345 2194 3409 vosque
2226 3326 2592 3395 credidistis

653 3408 920 3474 nomine
957 3406 1254 3472 omnium
1297 3408 1719 3475 ecclesiarum
1752 3409 2027 3476 minoris
2047 3412 2353 3479 Poloniae
2386 3412 2591 3497 scrip·

656 3503 760 3561 tas
802 3494 1017 3559 fuisse.
1100 3492 1199 3557 Hi
1234 3492 1381 3572 duo,
1423 3492 1505 3559 ab
1547 3516 1624 3560 eo
1668 3500 1959 3582 tempore
1997 3516 2128 3580 quo
2169 3496 2434 3565 fuerant
2475 3520 2592 3565 ex·

657 3578 944 3646 autorati
986 3576 1230 3656 (officio
1265 3578 1630 3646 senioratus
1663 3581 1842 3647 enim
1875 3589 2070 3648 antea
2105 3582 2594 3668 fungebantur),

655 3665 862 3733 variis
914 3663 1123 3730 modis
1173 3664 1440 3731 turbare
1494 3673 1852 3749 coeperunt
1890 3666 2213 3748 ecclesias,
2270 3668 2383 3735 sed
2424 3670 2597 3739 mira

655 3760 799 3816 arte
841 3748 1051 3815 zelum
1096 3749 1583 3832 praetexebant.
1655 3751 1852 3819 Nunc
1872 3752 1987 3819 ubi
2021 3752 2276 3820 detecta
2307 3763 2409 3821 est
2448 3756 2594 3821 illo-

655 3856 807 3901 rum
859 3835 1129 3901 ambitio
1184 3844 1253 3902 et
1302 3835 1570 3915 invidia,
1635 3859 1808 3904 unus
1863 3838 2096 3906 relicta
2149 3860 2272 3907 sua
2327 3840 2597 3908 ecclesia

657 3920 876 3988 latitat
892 3919 1179 4000 Paduae,
1217 3942 1258 3986 a
1289 3942 1417 4007 quo
1450 3922 1638 3989 vobis
1673 3922 2033 3990 cavendum
2069 3932 2174 3991 est
2205 3948 2340 3992 non
2372 3928 2596 3994 minus

656 4026 854 4159 m
886 4026 927 4071 a
950 4005 1272 4087 &anem-o,
1317 4008 1525 4075 donec
1558 4006 1640 4074 de
1683 4009 1827 4076 eius
1867 4010 2316 4094 resipiscentia
2354 4013 2437 4078 ab
2469 4013 2599 4080 ista

794 4093 808 4108 ⁹
854 4092 1112 4159 fueritis
1154 4094 1336 4174 certi,
1379 4102 1726 4178 postquam
1769 4103 1837 4160 et
1868 4097 2059 4162 vobis
2100 4097 2428 4181 imwsuit,
2473 4098 2600 4164 im-

656 4178 960 4262 ponendo
1024 4177 1149 4245 sibi
1224 4178 1494 4245 titulum
1569 4179 1879 4247 ecclesiae
1942 4180 2167 4250 Oarco.
2182 4186 2241 4265 ⁹)
2316 4184 2601 4267 pastoris

658 4266 817 4347 (quo
874 4263 1067 4329 titulo
1122 4264 1481 4350 insignitus
1522 4273 1624 4331 est
1657 4265 1735 4332 D.
1772 4265 2140 4352 Gregorius
2186 4268 2452 4348 Paulus,
2497 4271 2604 4339 vir

659 4348 890 4415 doctus
951 4357 1020 4414 et
1071 4350 1225 4432 pius
1288 4357 1359 4417 et
1419 4351 1521 4417 tui
1578 4350 2121 4439 studiosissimus)
2174 4363 2244 4419 et
2296 4356 2603 4422 omnibus

658 4434 847 4501 nobis
911 4433 1148 4518 quibus
1210 4435 1381 4502 dixit
1436 4458 1509 4504 se
1562 4438 1638 4503 in
1690 4438 2005 4505 Bussiam
2069 4459 2257 4506 suam
2320 4442 2603 4525 patriam

658 4519 861 4599 abire,
912 4540 1118 4603 quum
1168 4541 1289 4606 per
1328 4523 1700 4590 Moraviam
1750 4525 2107 4591 eructando
2149 4525 2390 4594 multas
2434 4526 2603 4594 blas-

839 4756 929 4840 fi)
966 4758 1337 4828 Sm'ou'cie'oef.
1382 4761 1448 4844 N:
1499 4761 1864 4847 Ulmum·
1905 4765 2155 4821 δῡοὰιίιιι
2201 4767 2267 4821 ὅσα
2313 4765 2467 4836 Epic.
2507 4783 2605 4851 pp.

667 4825 941 4950 Q
968 4827 2608 4979 wgmamwmmffl

660 4968 855 5034 postea
1041 4979 1246 5021 occasu
1435 4983 1464 5022 e
1507 4967 1806 5025 Lauinum
1847 4971 1948 5027 ubi
1984 4972 2124 5028 obiit
2167 4968 2320 5027 15⁷3.
2399 4972 2604 5042 (Sana.

657 5031 1231 5171 {uoffmfsm‘p‘
1265 5032 1301 5088 9
1337 5034 1377 5104 .)
1445 5035 1929 5171 Δηεᾱνῖιαὲἶνίιοηι
1971 5039 2146 5107 Μαι
2189 5042 2408 5112 coan'qes
2441 5057 2510 5097 σε
2544 5057 2607 5099 eo

870 5168 937 5376 ἐξ
965 5169 1575 5365 ffmwt
1606 5173 1890 5246 addantur,
1925 5184 2026 5235 aut
2056 5178 2272 5250 aliquid
2301 5178 2495 5235 mas.

2302 366 2776 456 nmmum
2806 390 2975 456 3649

4504 387 4610 453 1¹12

2687 576 2987 662 phemias
3028 574 3379 644 Patavium
3435 574 3525 640 sit
3578 574 3924 658 profectus.
4007 574 4199 642 Alter
4241 585 4414 641 vero·
4448 572 4612 642 illius

2685 662 2956 751 collega,
3012 661 3288 730 Iacobus
3344 657 3621 745 sylvium,
3685 680 3891 744 quum
3953 668 4129 727 esset
4190 660 4273 728 ab
4334 659 4613 728 ecclesiis

2687 751 2928 817 nostris
2979 750 3219 816 missus
3274 745 3555 813 nuncius
3611 745 3695 812 ad
3751 746 4180 832 magnificum
4221 747 4306 815 D.
4349 746 4614 814 Petrum

2690 833 3074 916 Sborovimn,
3099 837 3185 915 ¹⁰)
3228 832 3608 899 Palatinum
3648 831 4164 900 Posnaniensem
4220 839 4377 917 (quo
4438 830 4612 900 Stau-

2684 940 2877 988 cams
2915 941 3065 989 cum
3108 920 3244 988 suis
3296 927 3364 985 et
3415 916 3777 984 fautoribus
3824 927 3890 984 et
3932 916 4266 1003 discipulis
4305 917 4612 1004 venerat),

2688 1009 2926 1074 missus
2969 1009 3236 1092 inquam
3282 1012 3357 1070 ut
3410 1004 3580 1071 serio
3622 1004 3703 1071 ab
3744 1004 4037 1071 ecclesiis
4089 1002 4473 1071 admoneret
4508 1025 4614 1070 no-

3731 1090 3863 1155 Hic
3904 1089 4116 1157 fidelis
4163 1091 4443 1157 nuncius
4482 1097 4617 1175 post

2689 1178 3085 1246 clancularia
3126 1198 3273 1245 cum
3322 1176 3624 1243 Summo
3665 1176 3986 1259 colloquia
4025 1184 4301 1244 conatus
4341 1184 4445 1242 est
4481 1197 4615 1260 per·

2689 1265 2962 1366 suadere
3024 1286 3142 1332 suo
3203 1263 3490 1365 collegae
3551 1260 3637 1363 D..
3693 1261 4024 1363 Stauislao
4063 1262 4512 1364 ,Luissomo'nic
4541 1259 4615 1347 ¹¹)

2687 1346 4331 1535 ffississffissssiossgssuffssffidfflssffl
4358 1347 4617 1500 ἷΐὲῗεῗ

2689 1523 2915 1606 Quum
2961 1522 3308 1590 Statuam-us
3364 1520 3601 1587 habeat
3646 1520 4068 1604 purissimam
4126 1519 4493 1588 doctrinam
4545 1518 4618 1587 de

2689 1611 3003 1690 trinitate,
3063 1628 3416 1693 sequamur
3458 1626 3629 1673 eum.
3712 1605 3793 1670 Id
3849 1605 4023 1691 quod
4064 1607 4172 1672 vir
4221 1605 4509 1689 optimus
4557 1611 4619 1670 et

2688 1696 3108 1763 fidelissimus
3159 1692 3470 1761 ecclesiae
3525 1692 3828 1757 minister
3890 1693 3961 1757 in
4018 1691 4321 1776 proxima
4382 1689 4620 1776 synodo

2690 1783 3025 1852 seniorum
3058 1779 3276 1866 palam
3311 1778 3646 1845 confessus
3680 1790 3797 1843 est.
3867 1777 4132 1844 Pariter
4164 1778 4395 1844 literas
4427 1777 4618 1861 ipsius

2688 1868 2911 1935 Iacchi
2956 1866 3162 1951 Sylvii
3202 1863 3505 1942 ostendit,
3563 1863 3799 1947 quibus
3850 1863 3950 1929 illi
4007 1861 4240 1931 suadet
4279 1872 4358 1930 ut
4399 1881 4440 1927 a
4483 1861 4619 1929 doc-

2688 1956 2868 2021 trina
2919 1975 3088 2037 qnae
3140 1952 3331 2018 nobis
3386 1950 3721 2018 vobiscum
3774 1952 4141 2016 communis
4195 1956 4297 2016 est
4352 1948 4440 2016 ad
4481 1969 4622 2015 con·

2689 2041 3039 2107 sessionem
3062 2041 3518 2124 Augustanam
3540 2035 3938 2102 transferat*
3958 2034 4030 2102 S.
4048 2037 4133 2101 D.
4148 2035 4616 2113 Luithomiriue,

2691 2126 2775 2193 ad
2838 2125 3010 2212 quod
3085 2123 3310 2192 scribit
3373 2143 3446 2189 se
3510 2121 3937 2189 inducturum
3999 2127 4315 2207 quotquot
4459 2121 4618 2198 terit,

2689 2211 3211 2298 subterfugitque
3245 2207 3531 2294 synodos
3553 2208 3805 2273 veritus
3838 2228 4201 2287 censuram,
4233 2227 4322 2290 qu
4433 2225 4621 2272 ausus

2689 2298 2890 2365 fuerit
2931 2299 3330 2382 inaugurare
3350 2295 3746 2375 ministrum,
3788 2314 3991 2377 quum
4028 2295 4116 2359 sit
4147 2292 4455 2359 minister
4485 2300 4620 2356 tan-

2690 2393 2830 2451 tum
2874 2393 2944 2450 et
2982 2405 3119 2450 non
3175 2378 3739 2466 superintendens,
3796 2399 4078 2463 quorum
4130 2380 4405 2445 interest
4443 2378 4620 2443 inau-

2995 2469 3080 2536 ad
3134 2467 3576 2534 ministerium
3639 2465 3873 2531 fratres
3936 2465 4221 2532 idoneos.
4292 2464 4527 2531 Descri
4601 2462 4615 2476 '

2691 2557 2810 2623 tibi
2852 2564 3075 2623 utrum
3121 2577 3224 2635 ue,
3283 2553 3399 2620 sed
3440 2573 3575 2618 non
3618 2572 3772 2618 cum
3825 2552 3962 2617 suis
4003 2551 4327 2618 coloribus
4369 2570 4481 2616 eos

2694 2643 2901 2727 pinxi,
2937 2662 3064 2726 quo
3141 2642 3260 2707 fiet
3292 2638 3470 2717 alias,
3515 2638 3572 2704 si
3611 2658 3745 2703 non
3780 2636 4206 2720 resipuerint:
4250 2635 4424 2720 quod
4457 2643 4622 2701 uter·

2693 2748 2821 2812 qne
2862 2726 3086 2793 turbat
3127 2727 3249 2792 has
3290 2724 3596 2791 ecclesias
3637 2721 4091 2807 praedicetque
4131 2744 4283 2789 cum

2693 2835 2813 2881 nos
2877 2833 3022 2881 esse
3086 2812 3433 2890 Ari-ianoe,
3497 2808 3670 2893 quod
3730 2809 4094 2876 diceremus
4155 2829 4309 2876 cum
4365 2805 4621 2885 Basilio,

2693 2900 3106 2967 Nazianzeno
3160 2897 3435 2980 aliisque
3487 2895 3784 2980 patribus
3825 2903 4080 2978 patrem
4124 2894 4258 2961 filio
4298 2892 4622 2979 praeponi,

2694 3007 2827 3053 non
2882 2993 3140 3062 natura,
3205 3004 3339 3049 non
3397 2989 3557 3062 arte,
3624 3001 3759 3047 non
3809 2980 4079 3058 honore,
4144 2979 4260 3047 sed
4301 2977 4528 3046 ordine
4565 2984 4624 3044 et

2692 3072 3053 3140 secundum
3114 3066 3570 3137 habitudinem
3630 3086 3975 3133 causarum
4038 3064 4120 3132 ad
4181 3085 4261 3133 ea
4323 3083 4490 3150 quae
4549 3085 4628 3159 cx

2690 3158 2854 3242 ipsis
2895 3165 3066 3224 sunt.
3137 3155 3543 3222 Oonfitemur
3583 3152 3795 3219 filium
3830 3172 3975 3218 esse
4017 3149 4625 3219 consubstantialem

2693 3244 2884 3329 patri,
2926 3248 3349 3311 coaeternum
3391 3248 3458 3304 et
3490 3237 3904 3323 coaequalem
3944 3238 4022 3304 in
4054 3237 4356 3319 essentia,
4398 3237 4470 3303 in
4503 3237 4625 3304 vir·

2691 3335 2854 3409 tute,
2898 3335 3058 3409 arte,
3100 3327 3313 3413 gloria
3353 3334 3421 3393 et
3460 3323 3728 3404 honore,
3773 3331 3842 3390 et
3881 3331 4103 3390 tamen
4147 3330 4217 3390 et
4257 3344 4298 3389 a
4336 3321 4625 3391 &aucam

2692 3421 2761 3482 et
2802 3415 2885 3482 ab
2925 3416 3071 3482 istis
3102 3413 3276 3480 male
3315 3411 3566 3478 feriatis
3599 3410 3972 3477 hominibus
4014 3419 4332 3495 tanquam
4368 3405 4626 3475 Arriani

2693 3502 3001 3570 dicamur.
3016 3505 3052 3541 ⁴¹
3125 3500 3216 3566 Et
3258 3506 3333 3565 ut
3375 3496 3593 3564 Iacchi
3644 3495 3923 3563 stultitia
3977 3495 4100 3561 tibi
4144 3496 4232 3563 sit
4270 3501 4623 3580 perspecta,

2692 3587 3051 3654 describam
3092 3584 3203 3651 hic
3244 3587 3385 3652 eius
3426 3584 3765 3648 encomion
3800 3602 3929 3666 quo
3970 3582 4234 3650 ornavit
4268 3603 4453 3649 meas
4493 3580 4626 3645 lite-

2692 3694 2802 3739 ras
2858 3672 2943 3739 ad
2998 3671 3084 3737 D.
3135 3670 3542 3738 stanislaum
3585 3668 3879 3748 Ivamm,
3905 3669 3992 3748 ²²)
4051 3666 4178 3733 tibi
4231 3687 4353 3752 per
4414 3667 4625 3733 literas

2692 3766 2944 3838 notum,
3001 3758 3072 3823 in
3127 3755 3365 3840 quibus
3416 3753 3687 3822 ostendo
3743 3774 3863 3820 nos
3917 3773 4052 3818 non
4110 3772 4254 3821 esse
4295 3754 4624 3827 Arrianus,

2689 1093 2851 1160 biles
2894 1114 2935 1159 a
2978 1093 3282 1160 Stancaro
3323 1090 3643 1173 deceptos.

2869 4013 2964 4166 ii}
2997 4011 3261 4207 ἴτ’ωῗὲηι.
3284 4081 3624 4150 oasam·
3661 4085 3742 4136 m
3772 4095 3968 4137 men
3985 4103 4002 4133 .-
4020 4150 4033 4163 ·
4048 4080 4423 4164 nithonis-ius.
4487 4078 4624 4133 rau

2703 4151 2915 4209 Sandso
2943 4168 3003 4222 p.
3037 4150 3109 4205 42
3185 4149 3420 4222 qaudam
3453 4156 3561 4207 σπι
3631 4148 3782 4208 stan.
3816 4150 4228 4206 Lutomirscius.
4298 4147 4429 4231 Fuit
4538 4160 4625 4200 nes

2699 4222 2950 4285 Polonus‚
2984 4221 3306 4275 secretarius
3439 4233 3497 4273 es
3532 4219 3862 4289 Sigismundi
3897 4219 4149 4290 Augusti,
4182 4235 4247 4274 su
4319 4223 4500 4272 rinten
4537 4229 4624 4268 ens

2702 4295 2827 4360 post
2859 4290 3208 4359 Crucigerum
3241 4289 3588 4343 ecclesiarum
3622 4288 3847 4342 minoris
3880 4287 4158 4343 Polouiae.
4211 4288 4257 4342 Ο
4284 4288 4295 4300 ”
4385 4284 4623 4341 sacerdo·

2701 4358 3025 4442 pontificius,
3067 4357 3191 4440 'imo
3215 4358 3672 4441 ‚archi-episcopus
3716 4356 4050 4411 Gnesnensis
4115 4357 4449 4439 designatas,
4499 4363 4623 4408 unu

2703 4444 2773 4552 3³5
2842 4426 3406 4565 fflffin‘ffissffi
3434 4431 4058 4577 ἷέῗιὲᾞὲῗῖῗὲῖῡῗω·
4094 4426 4353 4481 ⁶⁰⁰¹⁰⁸¹⁸⁰
4385 4425 4625 4495 ⁶⁰⁸¹*

2746 4632 2759 4646 ⁸
2869 4562 2970 4647 ‚¹2)
3006 4562 3395 4687 mffiffi:
3421 4564 3754 4646 ‘mmmm
3784 4563 4083 4646 literae-ad
4118 4563 4200 4646 St.
4235 4563 4462 4619 Ivanum
4494 4561 4626 4616 Kar-

2704 4633 2977 4715 nmshum
3010 4633 3062 4686 d.
3096 4632 3150 4687 d.
3288 4647 3503 4687 caonas
3536 4631 3619 4686 10.
3638 4632 3788 4714 Sept-
3822 4630 3959 4686 1561
3992 4649 4050 4687 ιιι
4087 4634 4284 4716 quibus
4313 4635 4626 4686 sententian

2706 4701 2969 4826 ἓξὲξ»
3016 4706 3541 4825 &mx-..3⁰23
3564 4699 4013 4838 12:3‚2232125123’
4063 4702 4378 4825 {3⁸⁰1}ss
4393 4703 4626 4838 ἕὲἱῗιῗ

2708 4855 2840 4921 ‘¹⁵²⁸‘
2865 4838 3109 4963 flat-¹:22
3139 4838 3736 4975 ‘’tssmmtsst
3758 4837 4416 4976 ῗιῗῑΡᾚὲἕῃῗὲἒῗῗᾶ
4442 4837 4626 4961 ἓὶιῖ.

2697 4924 2958 5045 Σίιοιξωᾳιιί
2990 4974 3193 5029 dictam
3226 4990 3312 5045 ep.
3346 4973 3541 5044 Operis
3574 4976 3658 5029 sui
3691 4975 3938 5057 historici
3972 4992 4089 5047 cap.
4123 4974 4197 5032 20
4226 4975 4471 5060 inseruit.
4516 4971 4625 5027 113ae-

2708 5186 2802 5237 ναί
2843 5179 3071 5263 ιᾶοοφισ
3110 5195 3199 5250 op.
3248 5180 3446 5264 manoe
3492 5181 3955 5265 maleauduebat.
4028 5182 4281 5239 Maximo
4320 5176 4625 5265 nuo-syuodo

2710 5248 3343 5387 ξέἑιοοοιαιοορςυέἔῖω
3376 5250 3510 5307 Ικκο
3539 5256 3742 5307 mr
3774 5265 4007 5308 mm
4035 5251 4165 5319 tuit.
4228 5251 4484 5318 (Mm-
4517 5243 4626 5302 12¹1.
