4850 6117
261 458 377 518 469

259 663 336 708 ne
387 640 631 709 tardius
689 641 913 708 omnia
979 642 1160 709 fiant.
1251 638 1580 725 Optabam
1631 649 1697 705 et
1752 637 2182 706 admonebam

260 725 1836 896 xmmwfflfflmdwmss
1974 726 2180 791 fi...

416 898 526 964 Ex
567 897 690 966 hoc
732 905 969 982 nepote
1018 897 1332 976 Triboleti,
1361 899 1419 975 2)
1463 897 1576 981 qni
1617 897 1787 964 istuc
1830 917 1920 961 nu
2003 919 2040 962 r
2074 916 2183 962 ve-

258 992 452 1063 nerat,
497 984 720 1050 omnia
758 982 1086 1069 intelliges
1125 1004 1289 1068 quae
1330 983 1439 1048 hic
1479 990 1627 1049 acta
1667 990 1841 1048 sunt.
1972 982 2186 1048 tinam

257 1068 616 1154 philotimia
656 1076 724 1136 et
823 1068 1185 1155 hilargyria
1239 1091 1374 1136 non
1425 1067 1561 1133 sint
1612 1087 1854 1152 magno
1907 1065 2183 1152 impedi·

255 1164 468 1224 mento
518 1154 715 1255 rebus
769 1091 937 1221 geue
991 1155 1309 1239 gerendis.
1397 1152 1785 1238 Optandum
1839 1161 2037 1255 esset·
2064 1173 2184 1219 nos

256 1260 471 1307 omnes
512 1260 726 1325 magis
780 1239 1063 1324 pendere
1116 1261 1157 1306 a
1208 1241 1353 1308 Deo
1406 1261 1602 1325 quam
1657 1239 1739 1305 ab
1791 1235 2181 1306 hommbus.

256 1325 429 1477 2V3ale1.
496 1324 804 1476 Ohrisgus
843 1337 910 1392 te
966 1335 1033 1392 et
1084 1347 1309 1393 omnes
1364 1326 1503 1411 pios
1559 1333 1796 1393 servet.
1877 1324 1941 1390 N
1941 1322 2182 1392 eocomi

334 1462 350 1478 .
427 1412 568 1478 unii
619 1417 692 1477 15
741 1416 799 1478 2.

1469 1548 1648 1616 'l'uus
1691 1547 2010 1614 Farellus.

409 1753 481 1820 Is
520 1755 636 1838 qui
689 1755 811 1822 has
867 1753 1242 1822 redditurus
1290 1762 1433 1823 erat
1485 1753 1612 1820 alio
1663 1751 1839 1820 abiit.
1927 1752 2183 1819 Verum

253 1839 350 1906 hic
390 1840 612 1906 omnia
651 1841 856 1920 novit,
921 1848 989 1907 et
1029 1860 1198 1924 quae
1250 1839 1442 1906 hodie
1485 1838 1853 1906 audivimus
1895 1837 1976 1905 de
2020 1835 2182 1904 duce

251 1923 543 2005 militum,
624 1927 735 2010 qui
818 1925 944 1993 hac
1019 1926 1427 1992 transierunt
1502 1932 1638 1993 tam
1715 1924 1918 1993 libere
1985 1943 2183 2008 quam

250 2011 299 2077 si
381 2011 580 2078 amici
662 2012 940 2079 fuissent
1025 2023 1094 2079 et
1178 2034 1298 2097 pro
1387 2010 1726 2097 evangelio
1801 2010 2180 2076 militarent.

253 2096 476 2182 Pergit
537 2099 597 2163 is
655 2097 738 2164 ad
785 2096 1130 2178 Tavum,
1153 2101 1209 2179 ⁸)
1264 2098 1580 2165 vicarium
1624 2097 1832 2164 Ducis
1877 2093 2184 2164 Domalae

255 2182 506 2249 divioni.
526 2186 590 2262 ⁴)
673 2183 963 2268 Rogavit
1025 2184 1095 2250 in
1152 2184 1285 2265 via,
1339 2191 1592 2251 essetne
1656 2182 1869 2249 soluta
1933 2177 2182 2247 obsidio

254 2267 769 2350 Matisconensis,
814 2281 883 2334 et
923 2268 1195 2335 audiens
1249 2269 1528 2335 solutam
1571 2265 1969 2342 exsecrande
2012 2265 2184 2332 deie-

254 2355 448 2421 ravit:
514 2353 691 2421 unde
790 2365 982 2421 utant
1001 2357 1057 2434 ὅ)
1113 2355 1184 2421 in
1238 2355 1453 2425 animo
1508 2354 1751 2423 habere
1805 2358 2183 2438 expugnata

255 2460 328 2507 ea
374 2440 539 2507 urbe
583 2376 984 2526 Lugdunum
1037 2449 1278 2524 petere,
1345 2450 1419 2507 ut
1471 2462 1614 2507 eam
1665 2437 1984 2526 praedant
2001 2439 2058 2513 θ)
2118 2442 2185 2502 et

254 2526 591 2608 pecuniam
652 2527 899 2593 interce
944 2533 1082 2591 tam
1149 2546 1300 2593 cum
1364 2526 1621 2592 foenore
1685 2526 2025 2608 accipiant,
2107 2528 2184 2588 nt

255 2610 547 2677 nonnulli
580 2610 839 2692 milites,
897 2546 1055 2677 gum
1089 2612 1464 2689 transirent,
1521 2632 1591 2676 se
1627 2612 1914 2677 facturos
1946 2607 2183 2675 minati

253 2704 414 2764 sunt.
498 2696 837 2764 Verentur
896 2696 1094 2781 aliqui
1148 2719 1233 2763 ne
1275 2697 1663 2848 'l'iiffitgrinum
1716 2696 2037 2795 auxilium
2094 2694 2183 2759 sit

254 2782 413 2865 quod
470 2791 763 2867 paratur,
820 2782 994 2868 quod
1050 2783 1260 2850 serius
1392 2783 1406 2797 '
1500 2802 1619 2849 con
1653 2784 1667 2797 '
1722 2783 1788 2847 ‘t.
1876 2779 2181 2848 Christus

254 2869 458 2934 omnia
499 2868 670 2937 bene
716 2880 944 2936 vertat.
1032 2868 1281 2934 Iterum
1325 2868 1489 2936 vale.
1575 2875 1634 2934 4.
1717 2867 1854 2934 ulii.

1107 3568 1301 3641 8818.

795 3741 1201 3811 VIRE'I'US
1249 3741 1616 3810 OALINO.

405 3913 644 3982 Beudos·
683 3933 962 3980 rumores
1003 3915 1137 3981 iam
1178 3913 2171 3997 ηιίηαερῑοήοθίςαωηκωρον,

250 4000 1256 4166 wmmfalsi.
1345 3998 2174 4080 Ipsedesuavazetudine

248 4272 348 4340 (Ex
382 4273 510 4328 eod.
547 4273 705 4329 Goth.
742 4273 862 4341 405,
895 4275 969 4328 fol
1006 4273 1121 4327 108.
1192 4273 1384 4327 Edidit
1405 4272 1817 4327 Bretschneider
1851 4289 1905 4352 p.
1947 4271 2042 4326 192
2076 4273 2169 4343 qni

301 4343 573 4412 exemplar
605 4343 735 4398 illud
777 4343 1148 4412 autographon
1183 4342 1329 4408 dicit,
1367 4343 1436 4398 de
1474 4358 1580 4409 quo
1617 4357 1714 4395 nos
1751 4340 2101 4409 dubitamus.)

434 4615 494 4684 2)
528 4616 656 4671 olim
689 4617 983 4677 manases-i
1017 4615 1330 4670 Boo-nensis.

433 4684 495 4751 ³>
532 4685 805 4739 m...
850 4684 949 4737 2*-
1000 4712 1060 4720 -
1090 4686 1285 4807 :aa
1332 4682 1746 4812 ww..
1778 4683 2171 4807 ww

246 4750 1116 4879 fflfflfflfiuhssoeeass
1147 4769 1561 4902 protectivam
1593 4823 1767 4877 viam·
1799 4820 1878 4876 ad
1973 4836 2171 4880 oncan-

248 4890 592 5029 κήξ
636 4890 839 5015 5³:2⁴3.
853 4890 1703 5015 {wawffm
1724 4886 1918 5027 Ἥ
1951 4890 2038 5026 ⁶05.
2066 4889 2168 5015 Ἦ.

251 5022 375 5080 m
407 5035 514 5234 ng}
528 5026 872 5152 (1ῗίὲίἕίΒὲ
897 5026 1140 5165 ἴὸιῧοξ).

440 5168 502 5300 ἓ)
530 5173 702 5291 pratea
721 5166 831 5290 {52
927 5235 1151 5317 Vidstur
1195 5237 1356 5289 anaor
1402 5237 1467 5314 ὀκ-
1508 5235 1819 5317 compendio
1863 5235 2170 5314 scriptun-ap

254 5309 663 5441 metzam
702 5305 918 5427 surgit-{¹¹¹³
936 5306 1165 5360 scrutere
1180 5301 1371 5371 venet),
1405 5318 1516 5358 nm
1529 5302 1674 5367 forte
1705 5317 1969 5357 mammo
2000 5301 2170 5367 tuoni

2046 454 2207 518 1562
2251 452 2435 520 IUN.

4092 463 4227 526 470

2457 641 2835 710 Clarissimo
2899 644 3043 709 viro
3106 643 3185 710 D.
3252 644 3485 711 Ioanni
3550 645 3826 713 Calvino
3902 647 4089 714 fratri
4153 656 4223 713 et

2286 738 2690 811 symmystae
2727 728 3087 814 plurimum
3120 728 3403 797 colendo.
3713 816 4044 885 Gemme-

2454 980 2527 1049 S.
2575 985 2840 1050 Literae
2882 984 3017 1051 fere
3080 1006 3305 1053 omnes
3362 987 3456 1051 ita
3496 986 3579 1053 ab
3621 987 3912 1056 hostibus
3952 989 4218 1057 interci-

2284 1068 2574 1154 piuntur,
2641 1077 2716 1135 ut
2777 1070 2891 1136 vix
2955 1069 3126 1137 ullae
3189 1072 3271 1138 ab
3326 1073 3551 1139 amicis
3614 1075 3892 1158 scriptae
3954 1074 4037 1141 ad
4100 1098 4217 1144 nos

2283 1156 2950 1307 &smmi
3009 1156 4080 1326 ffiwffoezbfimhffl
4104 1156 4221 1313 213¹.

2283 1325 2420 1391 fere
2464 1327 2685 1393 omnia
2725 1347 2893 1411 quae
2935 1348 3144 1411 nuper
3186 1326 3272 1393 ad
3312 1336 3378 1393 te
3410 1330 3662 1414 scripsi,
3696 1330 3826 1396 nisi
3864 1330 4036 1415 quod
4069 1331 4219 1399 hos-

2283 1411 2454 1477 tium
2495 1412 2867 1478 testimonio
2889 1413 3228 1480 Guisanus
3270 1412 3598 1482 e‘xercitus
3638 1415 3827 1483 fusus
3847 1424 3917 1482 et
3953 1418 4219 1503 fugatus

2284 1518 2419 1562 non
2463 1496 2721 1576 dicitur,
2765 1496 2881 1564 sed
2921 1506 3181 1564 tantum
3223 1508 3370 1565 octo
3402 1499 3695 1567 millibus
3870 1501 3982 1569 'cis
4013 1511 4220 1568 reu-o-

3020 1590 3043 1625 ,
3246 1592 3253 1648 Ι
3829 1587 3843 1601 .
4127 1589 4142 1602 .

2283 1604 2619 1767 οὺεῇὼξιζθ
2662 1583 3072 1769 gabilonem)
3094 1602 3381 1737 rgediisse.
3432 1592 3639 1771 aas?
3664 1588 4221 1757 mongcoffinsggg

2284 1773 2640 1820 amicorum
2682 1753 2911 1820 literae
2951 1755 3387 1839 perferuntur,
3452 1757 3831 1824 comicimus
3871 1766 4096 1825 tamen
4138 1779 4222 1825 ex

2284 1839 2574 1906 hostium
2613 1839 2887 1920 silentio,
2924 1839 3092 1905 nihil
3122 1842 3279 1924 ipsis
3299 1839 3575 1908 feliciter
3603 1842 4008 1911 successisse.
4072 1843 4223 1910 Non

2283 1926 2465 1990 enim
2506 1934 2642 1990 tam
2679 1923 3062 1991 diuturnum
3097 1933 3270 1993 esset
3301 1926 3634 1995 silentium
3668 1928 3729 1995 si
3764 1948 3928 2011 quas
3960 1938 4225 2013 possent

2283 2010 2508 2077 efflare
2527 2011 2789 2096 glorias.
2841 2011 3043 2077 Faxit
3061 2009 3251 2078 Deus
3268 2023 3347 2078 ut
3376 2011 3596 2080 felicia
3619 2013 3844 2079 omnia
3863 2013 3945 2082 de
3980 2016 4226 2082 nostris

2283 2094 2626 2162 audiamus
2664 2106 2730 2163 et
2764 2098 2951 2164 nobis
2984 2098 3143 2163 novi
3175 2097 3413 2165 cantici
3452 2099 3800 2165 materiam
3841 2099 3914 2165 in
3955 2100 4229 2168 ecclesia

2284 2182 2640 2266 praebeant
2679 2181 2760 2248 ad
2941 2182 3182 2248 tiarum
3239 2185 3524 2249 actiones
3576 2193 3642 2249 et
3699 2183 3954 2252 divinas
3996 2184 4224 2252 laudes

2283 2266 2739 2334 decantandas.
2887 2268 3305 2353 ugdnnenses
3347 2270 3557 2336 nostri
3599 2270 3966 2336 consistorii
4007 2271 4222 2339 consi-

2282 2352 2371 2418 lio
2415 2361 2484 2419 et
2526 2353 2782 2420 decreto
2837 2353 2957 2419 hos
3014 2355 3283 2420 nuncios
3326 2363 3397 2420 et
3436 2353 3689 2441 legatos
3733 2355 3816 2422 ad
3859 2376 3981 2422 vos
4022 2356 4222 2423 mise-

2283 2447 2445 2504 runt
2485 2437 2566 2504 de
2625 2437 2860 2522 quibus
2915 2459 3176 2506 causam
3238 2439 3582 2525 legationis
3624 2441 3868 2508 audies.
3887 2444 3949 2518 ⁴)
4044 2441 4218 2509 Ocn-

2284 2523 2563 2591 tendunt
2602 2524 2851 2590 multae
2892 2525 3200 2592 ecclesiae
3240 2533 3316 2591 ut
3356 2526 3527 2610 apud
3572 2547 3644 2593 se
3685 2546 4002 2608 maneam,
4115 2529 4224 2594 uia

2285 2631 2419 2675 non
2472 2611 2631 2676 satis
2687 2611 3097 2695 exploratum
3154 2610 3404 2677 habent
3454 2631 3650 2695 quam
3692 2613 3875 2679 brevi
3917 2614 4094 2679 omni
4139 2633 4222 2679 us

2283 2696 2542 2762 futurus
2585 2697 2709 2763 sim
2751 2695 3021 2774 inutilis,
3062 2696 3190 2763 nisi
3231 2716 3338 2761 me
3357 2697 3684 2763 Dominus
3717 2697 4073 2765 clementer
4107 2698 4221 2765 ad·

2282 2781 2547 2849 modum
2592 2782 2913 2866 respiciat.
2999 2782 3350 2848 Falluntnr
3389 2782 3675 2866 plurimi,
3721 2783 3954 2867 quibus
3997 2784 4221 2851 videor

2281 2888 2567 2951 corpore,
2632 2868 3017 2951 praesertim
3057 2866 3264 2948 vultu,
3318 2869 3515 2952 paulo
3555 2868 3874 2936 habiliore
3915 2878 3983 2935 et
4022 2890 4219 2956 vege—

2281 2954 2467 3032 tiore,
2512 2952 2627 3020 sed
2665 2953 2920 3020 interea
2976 2953 3163 3019 velut
3215 2954 3516 3039 ata-ophis
3567 2955 3848 3038 quadam
3890 2965 4219 3023 extremae

2281 3039 2566 3124 corporis
2621 3048 2842 3122 partes
2896 3038 3210 3123 paulatim
3265 3041 3719 3109 contabescere
3776 3041 4101 3125 incipiunt
4152 3051 4219 3110 et

2279 3134 2580 3209 stupores
2620 3126 2832 3211 magis
2886 3145 3085 3209 asque
3139 3127 3353 3211 magis
3408 3135 3752 3213 augentur.
3837 3125 3987 3210 Quo
4025 3129 4103 3193 fit
4144 3134 4222 3194 nt

2283 3210 2471 3277 valde
2547 3219 2837 3277 metuam
2913 3232 2997 3277 ne
3072 3210 3158 3277 ad
3229 3211 3444 3296 prima
3523 3214 3769 3298 frigora
3832 3214 4217 3297 praesertim

2275 3317 2595 3362 manuum
2636 3297 2845 3363 officio
2888 3294 3203 3398 destituar
3257 3306 3323 3363 et
3364 3306 3544 3399 totus
3584 3298 3753 3365 lecto
3795 3298 4036 3399 affixus
4078 3320 4221 3398 mar-

2276 3402 2737 3534 aram
2790 3380 3069 3534 Μ’
3096 3381 3795 3569 &mmm
3842 3383 4219 3571 2323330'032

2275 3551 2601 3620 conferam
2679 3553 2914 3620 saltem
2989 3553 3072 3619 ad
3150 3553 3288 3621 dies
3365 3555 3642 3639 ahquot,
3709 3557 3765 3623 si
3826 3554 3955 3621 abo
4018 3575 4214 3621 renn-

2445 3638 2601 3705 dum
2653 3638 3052 3706 censueritis.
3151 3639 3400 3708 Oausas
3453 3641 3831 3708 intellexisti
3883 3661 4049 3725 quae
4103 3661 4211 3708 me

2325 3725 2381 3790 'c
2420 3723 2634 3792 adhuc
2670 3724 2979 3792 detinent.
3061 3725 3156 3791 De
3197 3726 3424 3793 multis
3456 3726 3649 3794 valde
3690 3746 3837 3793 sum
3878 3725 4208 3794 sollicitus.

2273 3809 2475 3961 limbo
2475 3834 2511 3876 r
2554 3809 2915 3876 Dominum
2977 3817 3053 3875 ut
3093 3832 3199 3878 me
3251 3811 3622 3879 huiusmodi
3665 3811 4208 3880 sollicitudinibus

2449 3981 2673 4063 Quum
2711 3981 2833 4048 has
2869 3981 3094 4048 literas
3151 3980 3493 4067 obsignare
3555 4002 3873 4066 pararem,
3917 3983 4208 4049 certiori-

2275 4066 2398 4133 bus
2441 4065 2655 4133 adhuc
2699 4067 2958 4132 nunciis
3014 4068 3199 4135 nobis
3252 4070 3631 4135 confirmata
3673 4076 3827 4133 sunt
3868 4089 4032 4151 quae
4072 4069 4207 4136 iam

2272 4153 2519 4236 scripsi.
2598 4151 2757 4218 Dux
2796 4152 3067 4219 &nisius
3107 4154 3445 4219 manuario
3488 4160 3812 4219 tormento
3850 4154 3925 4219 in
3966 4154 4207 4221 femore

2273 4238 2519 4305 vulnus
2559 4238 2884 4322 accepisse
2936 4237 3162 4305 fertur.
3189 4242 3243 4317 ⁸)
3327 4238 3689 4322 Spei-amns
3741 4239 3923 4304 brevi
3974 4241 4204 4307 certio-

2272 4345 2432 4390 rem.
2520 4322 2815 4391 Salutem
2856 4324 3131 4390 multam
3185 4324 3326 4392 dico
3368 4322 3635 4409 collegis
3691 4333 3759 4391 et
3801 4324 4025 4392 amicis
4066 4346 4205 4390 om-

2271 4409 2485 4477 nibus.
2544 4409 2712 4476 Vale
2754 4410 2997 4494 optime
3039 4431 3114 4476 ac
3149 4409 3529 4476 diutissime.
3582 4408 3896 4496 Lugduni
3933 4413 4030 4476 24.
4057 4410 4203 4477 Iun.

3241 4633 3420 4697 Tuus
3461 4631 3702 4699 Petrus
3744 4632 4030 4699 Viretus.

2268 4855 2443 4909 8818.
2464 4856 2495 4907 1
2553 4855 2832 4909 Tananum
2869 4853 2959 4909 Br.

2563 4922 2872 4978 Mocticeusi
2904 4922 2982 4977 ia.
3028 4921 3197 4988 (Viae
3222 4920 3498 4991 praeced)

2468 4990 2530 5127 {J
2561 5007 2704 5129 'Bel-3.
2727 4989 2829 5114 ξε
2863 5058 3077 5114 Οοκοοίἱ
3112 5056 3198 5113 27.
3234 5058 3361 5113 Iun.
3411 5060 3550 5115 suiv.
3596 5060 3752 5131 Lyon
3797 5059 4057 5115 demands
4104 5060 4201 5115 Vi·-

2269 5135 2353 5182 m
2388 5134 2529 5265 σω’5)
2560 5196 2738 5263 raim
2771 5211 2976 5266 mmor,
3008 5196 3078 5263 ct.
3113 5195 3268 5262 urm
3300 5196 3376 5251 aa
3409 5193 3492 5249 17.
3529 5195 3637 5251 10⁶1.

3683 5453 3797 5506 m&
