4850 6117
261 414 386 477 577

261 603 569 668 monetae
623 595 1002 682 hominibus
1057 595 1351 681 polliceri
1406 596 1706 676 debeant,
1764 601 1833 664 et
1885 594 2210 681 quomodo

259 688 558 771 ipsorum
620 682 831 748 literis
888 681 1194 767 deinceps
1265 682 1553 750 credaut.
1663 681 2102 749 Lectkomirius
2124 686 2210 763 ¹⁹)

264 777 489 856 aperte
533 767 692 836 dicit
732 766 974 852 (habeo
1014 769 1243 836 literas
1284 789 1487 835 manu
1540 767 1748 853 ipsius
1788 768 2057 852 propria
2100 767 2212 835 de-

262 853 606 941 scriptas):
692 852 847 935 Qui,
889 855 1122 940 inquit,
1167 854 1325 922 dicit
1364 862 1621 940 patrem
1662 853 1876 921 filium'
1919 862 1987 919 et
2018 853 2212 939 spiri-

263 951 403 1010 tum
446 947 754 1008 sanctum
797 961 941 1008 esse
983 961 1190 1007 unum
1212 942 1448 1022 Deum,
1492 941 1602 1008 hic
1646 939 2010 1007 doctrinam
2045 947 2214 1007 sata-

263 1029 477 1096 nicam
540 1026 758 1093 habet.
846 1026 910 1093 Ο
953 1047 1183 1094 vocem
1226 1049 1311 1094 ex
1351 1048 1610 1095 summa
1652 1026 2018 1093 temeritate
2058 1045 2212 1110 pro·

263 1113 520 1194 sectam,
564 1134 716 1180 cum
761 1113 906 1197 pari
947 1112 1322 1198 ignorantia
1342 1114 1774 1181 coniunctam.
1840 1112 1978 1179 Fac
2006 1132 2211 1196 spem,

264 1202 508 1286 optime
560 1199 759 1279 Treoi,
823 1198 957 1266 illis
997 1200 1160 1265 viris
1216 1199 1390 1283 quod
1431 1199 1710 1266 Polonia
1749 1197 1895 1264 Deo
1949 1198 2212 1265 volente

263 1283 714 1354 recordabitur
755 1283 1083 1351 societatis
1126 1306 1322 1369 quam
1364 1285 1517 1351 iniit
1558 1305 1710 1352 cum
1751 1283 1886 1351 illis
1907 1284 2211 1352 ecclesiis.

264 1370 465 1440 Modo
508 1371 638 1455 ipsi
680 1370 961 1455 amplius
986 1371 1350 1437 Lismanini
1392 1379 1460 1437 et
1499 1370 1774 1436 aliorum
1819 1369 1990 1436 hanc
2031 1390 2213 1470 syco-

265 1457 627 1559 phantiam,
669 1476 798 1540 qua
839 1455 1224 1524 mirabiliter
1267 1465 1336 1524 et
1376 1457 1485 1523 hic
1527 1466 1595 1522 et
1637 1455 1796 1522 alias
1837 1455 2211 1522 homimbus

267 1543 646 1628 imponitur,
714 1564 850 1609 non
913 1543 1179 1610 foveant
1235 1564 1353 1610 sua
1412 1542 1848 1609 conniventia.
1938 1541 2211 1608 Oertum

267 1641 365 1696 est
416 1629 594 1713 quod
636 1627 912 1696 Polonia
966 1630 1175 1696 maior
1230 1629 1565 1696 nobiscum
1607 1633 1725 1706 est,
1791 1627 2099 1695 ecclesiae
2141 1627 2212 1692 in

268 1715 504 1783 ducatu
548 1715 969 1783 Zathorieusi
1018 1724 1087 1782 et
1130 1714 1625 1793 Osviecimensi,
1676 1712 1837 1778 item
1880 1714 1950 1778 in
1997 1720 2211 1780 tractu

265 1800 661 1869 Lublinensi
702 1799 1210 1886 Chelmensique
1265 1808 1539 1885 excepto
1586 1798 1886 1866 Paozesio.
1904 1801 1997 1875 ²⁰)
2082 1799 2213 1865 Hic

268 1889 465 1954 etiam
507 1888 581 1952 in
624 1887 866 1955 vicinia
887 1887 1243 1954 Oracoviae
1284 1908 1511 1954 omnes
1553 1885 1840 1951 ministri
1875 1883 2212 1952 nobiscum

265 1981 438 2054 sunt,
483 1972 780 2057 exeeptis
820 1973 954 2039 illis
996 1992 1159 2057 quos
1200 1970 1556 2039 nominavi.

434 2058 637 2126 Felix
682 2057 979 2144 anco-'w
1030 2059 1163 2139 ille,
1229 2066 1304 2125 ut
1360 2058 1697 2124 hominem
1750 2057 1945 2138 nosti,
1998 2056 2211 2124 nescit

270 2167 394 2230 quo
431 2144 672 2231 pedem
715 2152 948 2211 vertat.
1058 2144 1245 2211 Inter
1310 2151 1648 2211 neutrates
1710 2145 1938 2228 reponi
1997 2150 2214 2226 potest

309 2251 642 2316 uanquam
698 2251 953 2299 veneno
1016 2250 1148 2296 non
1212 2238 1405 2297 caret.
1492 2229 1615 2295 Isti
1678 2228 1785 2296 hic
1846 2229 2213 2314 gloriantur

268 2253 348 2384 fle
389 2315 807 2384 Bernardino
857 2316 1106 2397 Ochino,
1175 2338 1251 2384 ac
1305 2317 1362 2383 si
1426 2336 1577 2382 eum
1644 2335 1802 2382 suae
1857 2315 2212 2398 impietatis

269 2402 593 2470 fautorem
673 2401 986 2469 deberent
1061 2402 1319 2470 habere.
1423 2401 1687 2469 Scimus
1763 2399 2026 2485 quidem
2101 2422 2212 2467 eos

267 2488 547 2555 mentiri.
614 2487 843 2573 Neque
892 2489 1068 2556 enim
1102 2494 1614 2556 consentaneum
1658 2486 1918 2555 videtur
1950 2492 2211 2553 tantum

267 2573 598 2641 hominem
676 2576 1062 2658 praesertim
1126 2576 1199 2640 in
1264 2574 1388 2642 hac
1451 2574 1683 2640 ultima
1747 2594 1868 2641 sua
1930 2578 2210 2651 senecta,

267 2658 714 2728 huiuscemodi
756 2661 1004 2727 deliriis
1046 2662 1562 2728 contaminatum
1600 2680 1763 2728 esse.
1839 2659 2094 2725 'I'amen
2127 2655 2212 2722 ad

267 2745 710 2815 convincenda
746 2766 971 2814 eorum
1012 2745 1352 2814 mendacia
1391 2766 1553 2815 cura
1583 2753 1660 2812 ut
1693 2746 1774 2813 ab
1808 2766 1884 2813 eo
1918 2744 2211 2812 obtineas

266 2832 810 2915 expostulatorias
853 2831 937 2900 ad
956 2833 1439 2913 Lismaninum,
1483 2839 1559 2898 ut
1602 2831 1868 2899 tandem
1909 2829 2212 2897 desinant

268 2916 404 2985 eius
459 2919 985 2986 aestimationem
1037 2920 1113 2984 in
1169 2920 1252 2986 iis
1307 2917 1685 3019 regionibus
1744 2917 2035 3018 violare..
2099 2912 2210 2982 Ad

266 3005 1792 3171 glis-agrozemcoffigndaeravellimparflvominem
1850 3023 2208 3188 hoiimnffv}

268 3172 380 3241 sed
419 3196 627 3262 quum
668 3177 809 3243 eius
855 3184 1284 3243 monumenta
1335 3176 1621 3256 revolvo,
1686 3183 1959 3259 apparet
1997 3173 2209 3241 homi·

270 3280 416 3327 nem
470 3283 618 3329 6666
671 3262 875 3329 talem
927 3264 1042 3347 qui
1098 3281 1252 3328 cum
1306 3262 1541 3349 quovis
1565 3275 1570 3282 ·
1597 3282 1681 3328 ex
1736 3257 2210 3345 antiquioribus

270 3344 394 3414 illis
433 3346 603 3416 viris
645 3348 929 3414 conferri
969 3347 1220 3415 debeat.

433 3434 705 3502 Literas
757 3441 824 3501 et
875 3434 1220 3502 historiam
1277 3441 1574 3501 actorum
1616 3430 2014 3499 Blando-atae
2054 3429 2208 3498 hac—

270 3520 457 3587 tenus
520 3541 646 3587 nec
711 3542 752 3586 a
814 3520 1123 3586 Palatino
1205 3519 1488 3587 Vibnensi
1550 3539 1673 3585 nec
1737 3538 1778 3583 a
1838 3517 2210 3584 Limanino

269 3600 558 3672 obtinere
599 3605 949 3691 potuimus.
1013 3604 1352 3672 Habemus
1385 3604 1651 3688 quidem
1683 3603 1802 3670 illa
1844 3623 2011 3689 quae
2044 3602 2211 3668 mihi

267 3685 581 3758 Pataviae
641 3690 934 3770 dederas,
999 3689 1115 3756 sed
1177 3691 1332 3774 quia
1395 3699 1551 3756 sunt
1588 3689 1832 3774 absque
1885 3690 1938 3756 s'
1991 3688 2005 3703 “
2060 3709 2099 3754 o
2142 3695 2211 3754 et

266 3774 744 3862 subscriptione
786 3777 869 3844 ab
909 3776 1041 3842 illis
1083 3776 1271 3842 facile
1312 3781 1842 3842 contemnuntur.
1987 3772 2209 3841 bsecro

266 3857 471 3943 igitur
512 3870 600 3943 te,
665 3863 722 3929 si
764 3862 978 3929 adhuc
1019 3862 1169 3929 istic
1209 3882 1300 3942 es,
1345 3863 1402 3927 si
1444 3862 1578 3928 iam
1621 3859 1972 3927 discessisti
2018 3879 2208 3944 roga-

269 3964 409 4013 mus
471 3947 562 4014 D.
628 3947 965 4016 Calvinum
1041 3957 1108 4016 et
1163 3949 1247 4015 D.
1307 3946 1765 4033 Βαῑῐὸηροηυη,
1829 3953 1904 4013 ut
1966 3945 2208 4029 absque

268 4049 446 4098 mora
487 4043 724 4100 curent
779 4036 966 4101 nobis
1023 4042 1160 4101 tam
1217 4035 1440 4101 literas
1482 4053 1677 4118 quam
1717 4032 2057 4099 historiam
2101 4051 2208 4097 ac-

269 4120 482 4184 torum
528 4118 943 4200 Blandratae,
1011 4119 1264 4205 aliaque
1328 4140 1495 4205 quae
1556 4125 1745 4186 erant
1808 4117 2050 4184 tradita
2110 4116 2206 4182 illi

269 4199 557 4271 Martino
627 4203 1003 4273 Gnechovitio
1018 4211 1107 4288 ²¹)
1122 4258 1142 4288 ,
1208 4206 1448 4272 nuncio
1510 4203 1801 4271 Palatini
1871 4203 2205 4284 Varum,

270 4306 410 4355 cum
467 4292 1058 4377 subscriptionibus
1111 4298 1178 4359 et
1220 4291 1455 4378 sigillis
1511 4289 1789 4375 publicis
1833 4289 2205 4357 transmitti.

430 4651 521 4720 19)
568 4649 723 4707 Stoa.
772 4647 1113 4707 Latona-‘rsa
1154 4655 1364 4706 tractus
1415 4648 1824 4705 Ptnoeoviemie
1866 4646 2066 4710 senior,
2115 4645 2204 4703 vir

266 4720 872 4857 wwffi)”⁰⁶a⁵⁸staniazaus⁰ti⁸·'
900 4716 1791 4856 {ffiaefflmm
1504 4716 1615 4799 42')
1753 4786 1764 4799 ·
1821 4784 1947 4852 fuit.
1999 4782 2201 4854 (sana.

429 4924 526 4993 21)
561 4925 635 4980 Μ.
668 4923 1048 4981 Caechovicius
1078 4923 1314 4980 Polonus
1347 4923 1434 4978 vel
1461 4923 1760 4978 Lithuanus
1794 4929 2113 4993 praeceptor
2146 4926 2205 4975 et

270 4990 506 5051 minister
538 4996 668 5051 eccl.
700 4994 973 5049 Vilnensis
1016 5000 1141 5063 post
1184 4999 1374 5063 pastor
1405 4992 1464 5045 in
1500 4992 1721 5047 Guiavia
1754 4998 1812 5046 et
1844 4990 2064 5045 tandem
2096 4989 2204 5044 Lu·

270 5056 412 5118 blini.
495 5063 648 5118 Vixit
696 5064 874 5119 adhuc
924 5082 971 5117 a.
1011 5061 1160 5117 1608.
1248 5061 1518 5143 Opinione
1577 5061 1646 5115 de
1695 5061 1943 5116 trinitate
1997 5059 2202 5113 reiecta

269 5124 460 5185 Christi
494 5134 939 5201 praexistentiam
975 5148 1080 5188 666.
1117 5131 1338 5186 Gonemi
1368 5131 1571 5200 placita
1595 5130 1973 5200 propugnavit,
2010 5144 2199 5183 verum

272 5208 313 5248 c.
345 5197 477 5255 1570
506 5202 921 5257 Bacoviensium
955 5208 1013 5255 et
1045 5200 1228 5255 Socini
1260 5198 1588 5254 sententiam
1621 5200 1901 5266 amplexus
1934 5203 2034 5252 est.
2085 5197 2200 5252 No-

272 5277 388 5320 vum
421 5269 563 5324 Test.
609 5286 641 5324 e
690 5287 884 5341 graeco
930 5271 988 5323 in
1104 5270 1336 5324 lonicum
1377 5268 1658 5323 transtulit
1708 5283 1755 5322 c.
1789 5271 1996 5323 annott.
2044 5265 2197 5322 1577.

267 5327 317 5386 4.
362 5335 554 5402 (Sana.
590 5338 677 5394 50.
719 5340 953 5396 Labien-
988 5285 1102 5393 153
1110 5342 1134 5406 )

463 5425 684 5484 061υὺιό
704 5440 888 5496 opera.
965 5426 1081 5484 Vol.
1118 5422 1291 5480 XIX.

1952 406 2114 473 1562
2156 406 2224 475 N
2223 407 2573 480 OVEMB.

4131 424 4267 487 5⁷8

2310 597 2419 665 Ita
2486 604 2696 699 agunt
2757 599 3096 669 nobiscum
3158 601 3553 672 adversarii:
3642 606 3959 692 quidquid
4020 608 4263 677 volunt

2311 683 2436 751 sub
2480 705 2746 751 nomme
2787 687 3099 755 ecclesiae
3142 686 3227 753 ad
3267 689 3417 757 illas
3458 690 3764 759 ecclesias
3805 691 4119 775 scribunt,
4193 705 4267 762 et

2310 776 2535 854 postea
2576 772 3022 855 responsorias
3056 773 3479 859 supprimunt
3518 798 3641 844 nec
3681 778 4033 862 publicant.
4111 780 4267 847 Imo

2313 876 2474 923 vero
2552 878 2781 924 omnes
2856 879 2969 925 eos
3044 861 3155 944 qui
3219 859 3666 928 huiuscemodi
3728 864 4271 933 innovationibus

2309 941 2604 1026 ipsorum
2645 964 2779 1009 non
2821 941 3065 1022 favent,
3134 966 3173 1013 a
3213 947 3485 1014 concilio
3528 948 3907 1028 excludunt,
3974 958 4043 1018 et
4098 952 4265 1037 quid

2311 1048 2445 1093 non
2466 1027 2498 1091 ἱ)
2608 1029 2872 1095 Novisti
2955 1030 3134 1097 enim
3217 1034 3538 1117 practicae
3622 1034 3990 1103 Biemanini
4071 1036 4265 1107 bene.
4374 1079 4399 1102 .

2309 1113 2541 1181 Factio
2582 1113 2999 1183 Blandratica
3040 1137 3301 1202 semper
3355 1119 3523 1185 mihi
3563 1119 3931 1203 insidiatur,
3991 1132 4059 1189 et
4101 1144 4271 1207 quo·

2311 1220 2566 1284 cunque
2608 1209 2877 1267 vertunt
2917 1200 3171 1286 pedem,
3230 1222 3363 1269 non
3419 1204 3550 1272 nisi
3593 1203 3674 1273 de
3715 1227 3822 1273 me
3863 1215 3932 1274 et
3972 1209 4061 1275 D.
4111 1207 4265 1276 Gaz-

2310 1285 2455 1351 vino
2520 1288 2848 1369 garriunt,
2933 1286 3263 1354 blaterant
3325 1298 3393 1356 et
3455 1292 3879 1359 mentiuntur.
3974 1296 4071 1361 Ac
4135 1316 4263 1380 ego

2312 1369 2580 1455 quidem
2621 1392 2755 1438 non
2799 1373 2893 1438 ita
2931 1370 3012 1439 de
3053 1373 3218 1441 viris
3241 1374 3349 1440 hic
3381 1377 3745 1461 praecipuis
3778 1379 4054 1446 meritus
4088 1402 4260 1460 sum,

2311 1464 2386 1522 ut
2427 1477 2535 1523 me
2578 1457 2810 1541 aliquis
2845 1479 2929 1524 ex
2964 1459 3201 1526 animis
3242 1460 3509 1528 illorum
3549 1473 3687 1529 tam
3729 1464 3914 1531 facile
3938 1468 4262 1532 excutiat:

2312 1549 2534 1608 tamen
2578 1544 2822 1610 bonum
2862 1553 3035 1611 esset
3075 1566 3181 1611 me
3224 1546 3442 1630 aliquo
3477 1547 3669 1614 modo
3704 1552 3925 1616 ornari
3959 1570 4076 1634 per
4110 1551 4263 1619 lite·

2311 1649 2420 1695 ras
2465 1629 2545 1695 ab
2589 1629 2720 1695 illis
2765 1629 2925 1697 viris
2967 1631 3092 1715 piis
3132 1638 3201 1697 et
3233 1631 3638 1704 doctissimis.
3703 1635 4063 1720 Praecipue
4099 1658 4264 1706 vero

2311 1722 2606 1798 optarem
2669 1715 2741 1781 in
2805 1716 3010 1783 literis
3067 1715 3151 1783 ad
3206 1718 3566 1802 Despotam
3620 1720 4003 1788 Palatinum
4071 1723 4265 1792 Vala-

2309 1799 2504 1867 chiae.
2533 1803 2623 1880 ²²)
2711 1800 3067 1887 Spargitur
3101 1802 3209 1868 hic
3253 1804 3444 1884 fama,
3503 1824 3612 1871 eos
3653 1825 3730 1873 co
3782 1807 3942 1874 ‘tare
3986 1807 4160 1892 quod
4203 1811 4266 1877 si

2309 1886 2382 1952 in
2439 1887 2777 1972 angustias
2829 1887 3075 1955 redacti
3133 1889 3380 1954 fuerint
3434 1894 3542 1968 (ut
3595 1893 3708 1976 qui
3754 1913 3859 1957 em
3916 1913 4036 1960 nos
4078 1904 4258 1963 certo

2310 1973 2679 2056 speramus)
2720 1972 2889 2056 quod
2946 1972 3031 2039 ad
3071 1974 3449 2058 Despotam,
3515 1985 3826 2060 tanquam
3869 1979 3954 2045 ad
3996 1982 4256 2066 asylum

2311 2058 2722 2143 transfugere
2776 2059 3004 2126 velint.
3089 2057 3311 2141 Quare
3375 2068 3444 2128 et
3484 2060 3569 2127 ad
3612 2064 3969 2148 Despotam
4025 2067 4261 2134 literas

2308 2144 2693 2228 impetrabis
2733 2145 2808 2210 in
2850 2143 3084 2229 quibus
3124 2145 3259 2211 mei
3298 2153 3367 2212 et
3410 2148 3508 2213 tui
3551 2149 3796 2215 mentio
3837 2151 3973 2217 fiat.
4040 2151 4256 2236 Opta-

2310 2250 2453 2295 rem
2493 2231 2693 2295 etiam
2735 2231 3074 2315 impetrari
3129 2230 3354 2297 literas
3417 2231 3501 2299 ad
3541 2235 3628 2300 D.
3675 2233 4084 2303 Stanislaum
4133 2237 4259 2306 Os-

2308 2320 2641 2399 troroyum.
2660 2317 2750 2392 ²⁸)
2835 2316 3198 2400 Praecipue
3252 2338 3411 2385 vero
3474 2318 3559 2385 ad
3600 2319 4037 2405 capitaneum
4100 2345 4257 2391 nos-

2309 2407 2505 2477 trum,
2522 2403 2615 2479 ²⁴)
2697 2402 2810 2485 qui
2874 2402 3068 2487 plane
3132 2403 3388 2470 excelso
3455 2412 3523 2470 et
3585 2404 3971 2474 Samsonico
4035 2411 4256 2478 animo

2309 2486 2724 2572 progreditur
2766 2489 2837 2553 in
2880 2507 2959 2553 ea
2999 2509 3214 2567 causa,
3255 2496 3324 2555 et
3366 2489 3492 2557 nisi
3533 2491 3647 2558 ille
3682 2494 3786 2560 vir
3821 2493 4048 2560 divina
4067 2495 4257 2562 boni·

2311 2579 2444 2638 tate
2488 2573 2677 2641 nobis
2718 2573 3073 2658 obtigisset,
3116 2594 3237 2659 ego
3279 2575 3581 2643 existimo
3623 2578 3794 2661 quod
3828 2589 4048 2647 actum
4082 2591 4259 2649 esset

2313 2657 2394 2723 de
2434 2659 2649 2742 patria
2689 2666 2930 2725 nostra.
3015 2658 3175 2725 Ideo
3215 2681 3254 2726 o
3302 2669 3510 2728 tarem
3553 2683 3704 2730 eum
3753 2668 3993 2751 scripto
4037 2666 4259 2752 aliquo

2357 2744 2565 2811 ublice
2621 2745 2859 2825 ornari,
2916 2744 3022 2811 vel
3082 2751 3156 2809 ut
3205 2745 3254 2810 li
3298 2767 3448 2812 rum
3503 2748 3590 2815 ali
3634 2771 3786 2817 uem
3828 2753 3889 2817 ei
3932 2752 4257 2820 dedicent.

2383 2848 2496 2895 aec
2537 2838 2690 2898 tuae
2731 2829 3116 2914 prudentiae
3159 2832 3509 2899 committo.
3652 2835 3712 2902 ic
3763 2836 3846 2901 ad
3889 2836 3978 2901 D.
4026 2837 4259 2921 Safro-

2311 2916 2486 2981 m‘ecz
2524 2916 2721 2982 etiam
2763 2915 3143 3001 impetrabis
3184 2915 3427 2995 literas,
3472 2919 3630 2985 item
3672 2919 3757 2986 ad
3796 2922 3881 2987 D.
3910 2920 4257 2994 Oikovium.

2313 3001 2397 3066 D.
2444 3000 2874 3087 Buzzinqeaew,
2940 3002 3225 3083 obsecro,
3283 3002 3557 3070 scribat:
3620 3006 3903 3072 multum
3955 3010 4131 3074 enim
4190 3011 4257 3077 ei

2313 3086 2560 3154 tribuit.
2648 3089 2951 3174 Denique
2993 3087 3080 3154 D.
3128 3087 3489 3171 Zuparium
3530 3091 3728 3157 etiam
3770 3113 3935 3192 opus
3977 3101 4078 3160 est
4115 3095 4259 3163 suis

2313 3174 2700 3241 confirment
2738 3175 2966 3242 literis.
3030 3173 3115 3239 In
3158 3173 3265 3241 his
3306 3174 3593 3259 epistolis
3639 3184 3716 3242 ut
3757 3177 4099 3264 diligentia
4139 3187 4259 3247 tua

2313 3267 2641 3343 appareat,
2684 3280 2946 3344 operam
2996 3259 3146 3326 dato
3189 3266 3312 3327 etc.

2308 3668 2683 3737 Oonsensus
2727 3668 3088 3737 catholicus
3130 3677 3264 3737 tam
3297 3671 3673 3755 primitivae
3704 3692 3900 3757 quam
3934 3674 4261 3741 recentio-

2307 3756 2401 3821 ris
2443 3756 2750 3822 ecclesiae
2793 3757 2901 3822 cui
2943 3774 3015 3822 se
3061 3761 3200 3821 tota
3262 3757 3531 3824 ecclesia
3572 3759 3701 3824 Dei
3742 3759 4144 3827 Zatoriensis
4190 3767 4262 3827 et

2308 3840 2870 3909 Oswieczimensis
2928 3839 3202 3908 ducatus
3265 3843 3336 3907 in
3379 3865 3501 3910 sua
3560 3843 3940 3928 particulari
4004 3866 4037 3910 s
4085 3846 4259 3912 uodo

2307 3925 2664 3993 Cracoviae
2727 3927 2840 3993 xvi
2886 3925 3032 3993 Oct.
3094 3925 3166 3993 A.
3210 3929 3297 3994 D.
3349 3931 3510 3994 1562
3580 3928 3906 3997 celebrata
3969 3932 4017 3997 fi
4062 3931 4259 3998 eliter

2306 4012 2624 4098 adiungit.
2712 4012 2837 4079 Oui
2879 4013 3076 4078 etiam
3119 4012 3232 4079 alii
3269 4014 3397 4081 viri
3440 4014 3709 4096 honesti,
3769 4037 4045 4099 quorum
4088 4019 4258 4084 infe-

2601 4097 2740 4163 rius
2785 4098 3050 4164 nomina
3093 4105 3372 4182 exstant,
3430 4101 3974 4187 subscripserunt.

2479 4268 2705 4351 Quum
2748 4268 3088 4337 videamus
3128 4269 3374 4354 passim
3415 4272 3646 4355 vagari
3686 4271 3759 4336 in
3798 4271 3943 4338 istis
3966 4273 4257 4358 regioni-

2305 4354 2431 4422 bus
2450 4353 2746 4422 homines
2781 4354 3192 4423 turbulentos
3225 4363 3294 4423 et
3314 4363 3660 4440 penetrare
3682 4356 3907 4425 domos
3930 4357 4254 4439 fidelium,

2306 4461 2543 4524 eosque
2586 4461 2626 4506 a
2667 4440 2850 4507 cultu
2893 4441 3021 4506 Dei
3065 4461 3220 4508 vero
3273 4442 3477 4509 semel
3529 4444 3600 4508 in
3659 4443 3932 4510 ecclesia
3974 4445 4103 4512 Dei
4147 4467 4257 4512 re·

2305 4535 2494 4611 cepto
2529 4533 2845 4605 avertere,
2881 4526 3349 4594 confessionem
3384 4526 3538 4594 fidei
3572 4529 4022 4614 orthodoxam,
4055 4552 4256 4599 voces

2305 4613 2600 4691 usitatas,
2653 4632 2771 4678 seu
2827 4610 3051 4679 modos
3102 4613 3409 4697 loquendi
3455 4613 3743 4694 rituales,
3788 4623 3862 4681 ut
3902 4617 3989 4683 D.
4035 4618 4257 4684 Atha-

2302 4698 2529 4764 nasius
2568 4706 2777 4777 vocat,
2821 4696 2905 4763 ad
2947 4697 3409 4782 explicandum
3452 4699 3893 4767 ministerium
3936 4703 4254 4770 trinitatis

2468 4987 2564 5056 22)
2598 4987 2827 5044 Lubien.
2866 4985 2993 5040 153:
3043 4988 3185 5045 Hist.
3221 4990 3290 5044 de
3312 4989 3509 5045 Iacobo
3530 4990 3816 5046 Heraclide
3854 4992 4084 5047 Basilico
4117 4991 4263 5045 Des-

2702 5127 3067 5181 amlexusa

2296 5063 2442 5182 m
2470 5057 2720 5139 principe
2762 5056 3054 5111 Valachiae
3136 5059 3193 5113 ui
3237 5060 3295 5113 in
3331 5059 3559 5130 Polouia
3608 5060 3814 5182 degens
3859 5067 3916 5116 et
3957 5061 4253 5116 veritatem

2444 5133 2647 5181 tiauam
3147 5144 3272 5184 asco
3307 5129 3534 5183 Laeocio
3578 5136 3636 5183 et
3716 5130 4017 5198 hilippovio
4050 5129 4267 5198 princi·-

2295 5198 2453 5266 patui
2486 5197 2633 5251 avito
2666 5199 2950 5250 restitutus
2984 5211 3018 5248 a
3051 5197 3306 5252 subiectis
3341 5196 3477 5252 1567
3509 5198 3874 5268 iuteremptus
3907 5206 4009 5252 est.

2466 5263 2561 5332 23)
2597 5264 2665 5318 N.
2696 5262 2852 5345 3121.
2887 5261 3042 5332 &aliq
3073 5266 3144 5321 11.
3176 5264 3297 5320 585.
3331 5265 3450 5321 667.

2467 5332 2563 5402 24)
2602 5332 2956 5404 Myscoumm,
2990 5348 3042 5390 υ.
3073 5350 3263 5405 supra.
3769 5416 3840 5473 37
