4850 6117
608 397 729 460 175

603 578 970 650 sinodum
1002 577 1398 646 Βῖακᾶνωασ
1429 598 1646 657 eausa,
1683 577 1801 644 sed
1832 577 2005 644 vitae
2038 597 2221 644 meae
2264 582 2334 643 et
2366 596 2542 642 meo-

601 687 752 734 rum
794 664 1087 732 omnium
1121 665 1334 750 gratia
1375 664 1713 730 existimas
1755 683 1863 730 me
1904 664 2032 730 ista
2072 682 2326 747 supere,
2369 661 2543 728 male

601 772 710 821 me
752 751 942 832 nosti,
986 750 1082 818 mi
1116 750 1200 818 D.
1229 748 1502 817 Calvino.
1560 748 2009 816 veteratoriae
2048 757 2226 816 artes
2251 747 2546 816 Staneem'

601 837 768 907 mihi
828 844 1208 923 prospectas
1267 837 1536 903 fuerunt
1597 836 1669 901 in
1722 855 1917 902 eausa
1968 836 2170 902 etiam
2218 842 2299 901 ut
2351 833 2437 900 ad
2479 840 2545 899 te

603 926 956 995 seriberem
996 944 1081 990 ne
1124 921 1379 989 Simoni
1423 921 1521 987 illi
1544 919 1864 989 Ohrofero
1885 921 2242 1005 Leopolitae
2274 920 2357 1000 ¹⁰)
2402 939 2545 986 ore-

604 1012 812 1093 deres,
859 1033 992 1078 non
1026 1007 1197 1095 quod
1239 1007 1320 1074 de
1360 1015 1477 1074 tua
1518 1007 1870 1092 prudentia
1908 1016 1977 1074 et
2017 1007 2388 1073 oonstantia
2425 1004 2546 1072 du-

601 1099 971 1175 bitaverim,
1026 1103 1093 1162 et
1134 1094 1238 1161 oui
1279 1093 1470 1160 modo
1512 1115 1644 1160 non
1688 1096 2052 1178 imponeret
2098 1091 2445 1173 Soram,
2488 1090 2548 1157 si

605 1185 748 1254 eius
789 1182 1057 1252 ambitio
1099 1201 1234 1247 non
1274 1186 1448 1246 esset
1488 1179 1760 1247 deteota.

772 1271 882 1337 De
912 1270 998 1337 D.
1024 1265 1418 1335 Nomandio
1459 1266 1672 1333 soribo
1715 1263 1800 1332 ad
1831 1264 1938 1332 111.
1975 1263 2061 1330 D.
2086 1262 2546 1331 Mar-ahiem:

603 1378 859 1425 moram
899 1356 1101 1421 trium
1142 1372 1466 1418 annorum
1498 1352 1664 1418 mihi
1707 1351 1856 1419 volo
1898 1349 2279 1440 damnosam
2320 1348 2546 1427 fuisse,

605 1462 744 1511 non
794 1441 882 1508 D.
920 1438 1329 1507 Normandio.
1414 1437 1720 1523 Collegae
1773 1445 1946 1518 tuos,
2001 1436 2181 1504 viros
2237 1432 2432 1519 apud,
2452 1436 2548 1510 ²⁰)

604 1530 875 1596 fratrem
927 1546 1182 1610 quoque
1237 1530 1446 1604 tuum,
1505 1532 1572 1591 et
1624 1545 1850 1590 omnes
1891 1522 2025 1589 mei
2077 1542 2399 1588 memores
2442 1541 2548 1587 re-

518 1681 525 1689 ,
605 1620 839 1683 venter
879 1613 1110 1680 saluto.
1189 1610 1518 1677 Dominus
1550 1610 1739 1677 Iesus
1781 1616 1850 1675 te
1883 1616 2111 1676 servet
2150 1606 2550 1674 ineolumem

605 1701 913 1769 eoolesiae
955 1717 1116 1765 suae
1156 1705 1225 1763 et
1266 1695 1451 1763 nobis
1486 1694 1790 1763 omnibus
1833 1694 1948 1778 qui
1990 1700 2055 1759 te
2097 1715 2182 1759 ex
2225 1693 2445 1759 animo
2483 1700 2551 1759 et

608 1806 905 1854 amamus
961 1791 1030 1850 et
1068 1803 1482 1849 veneramur.
1564 1783 1650 1848 In
1692 1780 1926 1847 mediis
1980 1778 2377 1848 eruciatibus
2434 1799 2550 1845 ex-

604 1872 822 1940 citatis
877 1893 920 1938 a
979 1875 1202 1938 vetere
1264 1890 1410 1935 meo
1476 1867 1780 1936 earnifioe
1842 1865 2092 1935 oaloulo
2154 1864 2551 1933 eonstitutus

605 1959 771 2026 haee
812 1956 1076 2041 sol-ipsi:
1120 1975 1322 2040 quare
1365 1955 1530 2021 velis
1570 1955 1910 2039 ignosoere
1952 1953 2025 2018 in
2066 1951 2173 2018 his
2208 1970 2375 2036 quae
2416 1972 2552 2019 non

605 2045 929 2131 probabis.
1007 2041 1196 2108 Vale.
1265 2040 1621 2108 Oraooviae
1662 2039 1807 2105 xiiii
1850 2036 2234 2106 Decembris
2282 2040 2469 2104 1561.

1519 2177 1914 2245 Franoisous
1955 2174 2382 2242 Lismaninus

1673 2270 1828 2330 tuus
1868 2282 1952 2328 ex
1996 2262 2230 2328 animo.

780 2475 970 2559 Rogo
1023 2480 1092 2541 te
1142 2471 1329 2549 mihi,
1390 2470 1649 2537 domine
1700 2476 1770 2535 et
1823 2469 2027 2535 frater
2079 2465 2553 2546 colendissimo,

609 2569 688 2629 ut
749 2560 991 2628 soribas
1054 2567 1244 2625 tuum
1308 2556 1622 2624 iudicium
1687 2553 1769 2622 de
1844 2553 2190 2628 sententiis
2253 2560 2552 2622 veterum

611 2667 774 2733 quas
813 2647 885 2712 in
928 2644 1170 2713 soheda
1209 2644 1335 2710 hae
1375 2642 1633 2709 inclusa
1650 2639 2002 2724 descripsi.

785 2733 957 2798 Tuto
1011 2738 1199 2816 potes
1252 2738 1398 2796 tuas
1454 2726 1541 2794 ad
1594 2748 1704 2794 me
1758 2724 2216 2794 commendare
2258 2723 2343 2789 D.
2390 2723 2557 2791 Buz-

610 2817 863 2905 linqoro,
920 2839 1077 2884 nam
1123 2837 1241 2900 per
1291 2815 1459 2883 filios
1500 2814 1582 2882 E.
1628 2813 1688 2880 d.
1735 2811 2055 2881 Stanislai
2098 2809 2555 2894 Ghstmmssv)

613 2923 873 2989 semper
914 2903 1155 2988 poterit
1195 2923 1305 2969 eas
1346 2899 1739 2969 Oraooviam
1779 2899 2060 2965 mittere.

1498 3445 1699 3518 3650.

686 3590 1116 3675 nssemss
1151 3602 1280 3669 nn
1323 3600 1696 3670 moms
1740 3602 1943 3671 on
1984 3597 2492 3670 mmsmsss

1209 3703 1338 3771 ns
1381 3703 1967 3772 Nsuofflmn.

793 3874 2454 3961 Menoemajetqueoeluidezazewredearaveum

622 4037 998 4122 (Autograplre
1030 4049 1101 4103 de
1136 4045 1611 4169 lassibliotheffne
1643 4049 1740 4104 des
1770 4053 2023 4119 pasteurs
2054 4050 2126 4105 de
2153 4049 2472 4106 Neuohatel.
2497 4077 2565 4090 —

1009 4117 1255 4173 sunem
1286 4116 1410 4172 ΧΠ.
1442 4113 1514 4171 so
1549 4157 1563 4170 .
1632 4117 1914 4175 sammon
1946 4134 2001 4189 p.
2035 4117 2185 4186 254.)

816 4291 884 4356 A
922 4290 1283 4358 Messieurs
1325 4286 1407 4356 de
1446 4288 1514 4354 la
1554 4286 1761 4357 olasse
1802 4289 1884 4357 de
1916 4288 2360 4359 Neufohastel.

653 4475 659 4494 ·
796 4460 1175 4544 Messinm,
1227 4459 1322 4528 les
1364 4458 1705 4528 bienfaiotz
1748 4480 1873 4545 que
1915 4479 2084 4529 nous
2126 4482 2332 4530 avons
2374 4482 2569 4530 reoeu

627 4549 709 4616 de
763 4557 928 4616 vo'us
983 4566 1154 4614 nous
1206 4554 1355 4613 sont
1410 4569 1496 4614 en
1552 4548 1611 4614 si
1664 4546 1915 4633 grande
1970 4547 2570 4615 reeommendation

803 4837 897 4919 19)
1004 4906 1016 4919 .
1058 4852 1087 4892 σ
1100 4859 1117 4889 .·
1164 4837 1354 4892 Sinoni
1401 4837 1429 4906 (
1441 4838 1749 4909 Vergiliano
1803 4839 1940 4901 σοῦ.)
2000 4838 2410 4908 christophoro.
2482 4838 2576 4896 De

629 4907 1081 5041 Leopogffiamff
1113 4905 1192 4962 N.
1224 4903 1365 4960 3564
1396 4912 1446 4962 ot
1479 4914 1669 4963 mea.-
1703 4914 2037 4978 perspectae.

763 5040 1316 5168 -²1>..N‘21·;⁶··0......·“
1244 5041 1833 5182 ‘wfflmm
1874 5045 2112 5181 5⁸⁶1&-
2136 5045 2557 5169 fflessff
2461 5047 2575 5169 ...-

721 5181 925 5237 endere
958 5180 1284 5235 clarissimus
1317 5186 1375 5234 et
1407 5196 1546 5236 vere.
1571 5182 1938 5251 magnanimus
1970 5180 2150 5239 heros.
2203 5183 2340 5239 Post
2368 5185 2574 5240 obitum

681 5252 846 5307 σοαπ·
888 5247 1164 5307 cedmon·
1161 5249 1641 5332 ’wicham
1688 5249 1846 5305 horto
1890 5252 2214 5375 magari
2260 5251 2463 5309 solebat
2511 5254 2577 5308 ¹¹⁰⁸

631 5315 1434 5388 muana-Wolff).
1508 5316 2072 5389 ofiadla.80pt.1
2180 5358 2193 5372 .

2097 386 2623 457 EPISTOLAE
2668 389 3091 453 3649-3652

4471 387 4582 450 176

2643 596 2773 661 que
2828 581 3040 642 toutte
3096 581 3320 643 nostre
3377 576 3491 643 vie
3540 595 3783 641 aurons
3825 574 4122 642 oooasion
4165 573 4249 640 de
4289 594 4462 643 vous
4503 595 4584 641 en

2643 661 2991 729 remeroier
3009 681 3176 745 pour
3199 681 3366 728 nous
3398 662 3585 730 avoir
3618 682 3909 747 envoyer
3928 660 4023 728 M.
4051 659 4228 728 Sor-et
4258 679 4587 728 annonem·

2643 746 2713 814 la
2742 746 2993 833 pai-olle
3027 747 3120 813 du
3152 746 3501 832 Seigneur,
3535 748 3802 816 homme
3836 747 3930 813 tel
3965 768 4094 831 que
4127 766 4201 813 sa
4230 746 4455 813 bonne
4486 746 4588 813 vie

2645 841 2713 901 et
2754 832 3191 918 predications
3233 841 3383 900 sont
3424 854 3661 901 envers
3693 852 3863 900 nous
3898 832 3980 900 de
4020 833 4114 910 tel
4155 832 4308 916 prix
4342 838 4415 899 et
4454 839 4592 899 tant

2657 919 2993 1004 agreables
3026 939 3113 985 au
3135 918 3369 1003 peupls
3389 940 3515 1003 que
3549 919 3839 987 ohasoun
3872 918 3937 984 le
3959 919 4169 986 desire
4205 926 4272 985 et
4291 916 4591 985 souhette

2647 1012 2714 1072 et
2734 1003 2971 1089 duquel
3005 1005 3067 1071 le
3091 1004 3417 1090 Seigneur
3451 1027 3492 1071 a
3524 1005 3863 1072 tellement
3899 1004 4113 1091 begny
4147 1004 4440 1071 l’oeuvre
4470 1024 4591 1088 que

2647 1111 2767 1157 son
2809 1098 3172 1175 trouppeeu
3214 1112 3294 1157 en
3330 1102 3431 1158 est
3465 1090 3900 1176 grandement
3931 1097 4288 1177 augments
4322 1097 4395 1157 et
4436 1111 4590 1176 aug-

2647 1187 2870 1243 mente
2934 1198 3055 1260 par
3116 1176 3407 1245 ohasoun
3454 1179 3625 1262 jour.
3725 1178 3818 1244 Et
3880 1184 4025 1242 tout
4090 1177 4283 1261 ainsy
4341 1197 4471 1260 que
4525 1198 4595 1243 sa

2647 1283 2861 1329 venue
2904 1282 3070 1329 nous
3114 1284 3156 1330 a
3197 1270 3336 1329 este
3368 1264 3620 1348 joieuse
3663 1269 3731 1329 et
3773 1262 4114 1348 profitable
4159 1283 4329 1329 nous
4388 1265 4592 1348 oraig·

2647 1368 2816 1414 nons
2858 1369 2985 1432 que
3028 1368 3149 1415 son
3194 1349 3470 1417 absence
3514 1370 3681 1415 nous
3716 1349 3841 1415 soit
3874 1348 4095 1415 domm
4182 1346 4389 1415 eable.
4462 1346 4592 1430 Qui

2646 1433 2809 1501 faiot
2845 1440 3185 1520 que3'nous
3232 1455 3393 1500 vous
3436 1435 3773 1519 supplions
3818 1455 3904 1502 au
3947 1455 4102 1500 nom
4181 1457 4226 1500 u
4261 1433 4590 1520 seigneur

2646 1527 3009 1605 permeotre
3052 1520 3190 1604 quil
3232 1520 3593 1604 paraoheve
3635 1521 3697 1587 le
3732 1542 3925 1588 eours
3958 1520 4048 1587 du
4081 1521 4426 1587 ministere
4462 1519 4596 1605 quil

2651 1627 2692 1672 a
2744 1607 2853 1691 icy
2904 1615 3277 1674 oommenoe
3336 1615 3402 1671 et
3446 1606 3698 1673 vouloir
3741 1628 3978 1673 envers
4021 1628 4189 1672 nous
4231 1614 4412 1674 estre
4455 1613 4597 1673 tant

2649 1691 3010 1760 favorables
3052 1713 3178 1776 que
3221 1693 3301 1758 de
3346 1713 3512 1759 nous
3555 1715 3639 1759 en
3683 1714 3970 1779 envoyer
4012 1713 4245 1760 enoore
4288 1691 4596 1759 d'aultres

2650 1797 2822 1862 pour
2877 1799 2963 1843 en
3015 1776 3306 1862 departir
3362 1784 3406 1844 a
3460 1800 3581 1845 noz
3636 1780 3907 1865 voysins
3950 1779 4063 1864 qui
4105 1799 4229 1865 par
4269 1777 4482 1845 faulte
4523 1777 4598 1843 de

2650 1863 2986 1930 ministres
3044 1863 3433 1931 demourent
3493 1887 3651 1932 sans
3692 1864 3760 1930 la
3801 1865 4258 1950 oognoissanoe
4302 1863 4388 1931 de
4432 1863 4600 1930 Dieu

2652 1950 2949 2017 oombien
2994 1950 3105 2035 qui
3145 1950 3212 2037 le
3254 1949 3563 2017 desirent.
3644 1949 3740 2018 Os
3782 1972 3908 2036 que
3951 1971 4158 2018 avons
4200 1950 4438 2017 estime
4479 1968 4599 2034 que

2652 2034 2823 2102 feres
2879 2035 3242 2103 voluntiers
3297 2058 3463 2103 nous
3517 2035 3866 2105 aeoordant
3915 2048 4091 2104 oeste
4144 2051 4449 2121 requeste
4490 2035 4598 2120 qui

2654 2143 2741 2188 ne
2782 2120 2941 2187 tend
2984 2127 3028 2187 a
3067 2121 3280 2189 aultre
3320 2124 3418 2188 fin
3459 2144 3585 2207 que
3620 2130 3664 2190 a
3695 2122 4240 2209 l’augmentation
4275 2122 4367 2189 du
4403 2141 4597 2207 regne

2657 2206 2746 2273 du
2807 2207 2953 2274 Fila
3018 2208 3099 2274 de
3157 2208 3330 2275 Dieu
3393 2208 3636 2294 duquel
3692 2230 3860 2275 nous
3917 2229 4194 2276 soavons
4249 2229 4380 2293 que
4433 2217 4597 2274 estes

2654 2293 2994 2360 zelateurs.
3082 2293 3177 2359 Et
3230 2315 3305 2361 oe
3359 2293 3607 2362 faisans
3663 2316 3943 2362 sommes
4000 2302 4301 2362 asseures
4362 2314 4489 2379 que
4541 2293 4600 2358 le

2657 2377 2985 2480 seigneur
3044 2379 3273 2447 benira
3329 2380 3664 2448 tellement
3714 2382 3862 2447 leur
3917 2380 4148 2448 labeur
4204 2388 4271 2447 et
4314 2379 4400 2447 de
4438 2400 4601 2479 oeux

2658 2472 2964 2618 3333
3011 2465 4608 2702 {3n202210‘2⁰31:‘3¹333.3⁰3.⁸ffl.33¹03⁰23²¹5322

2657 2658 2970 2790 iffi&
3000 2659 3099 2789 αξ
3138 2637 4371 2804 ,ἱῗὲΠῖοὲιὶῃῖῗὲἂῖἭ“ωξὶοῗῗ
4405 2637 4605 2810 ξῖἓέξ

2663 2807 2753 2874 du
2807 2808 3150 2895 seigneur,
3208 2809 3428 2896 lequel
3483 2832 3654 2878 nous
3710 2810 3956 2895 prions,
3998 2810 4379 2890 Messieurs,
4449 2827 4604 2877 vous

2661 2895 3017 3049 rdnaintegiir
3048 2916 3244 3047 ‹lmsssa
3274 2897 3525 2965 sainote
3557 2897 3778 2983 garde.
3849 2899 3954 2963 De
3988 2896 4240 2981 Troyes
4271 2916 4348 2963 oe
4389 2899 4495 2961 15·
4527 2892 4604 2960 de

2708 3001 2889 3049 eoem
2932 3002 3005 3047 re
3093 2987 3129 3049 5
3182 2988 3234 3048 l.

3545 3121 3689 3187 Voz
3732 3119 4036 3188 humblos
4077 3119 4445 3187 servitem

3590 3206 3672 3274 de
3712 3205 3962 3293 l’eglise
4005 3206 4088 3273 ds
4129 3206 4400 3293 Tmyes.

3421 3535 3826 3545 ———

3533 3788 3730 3861 8651.

3132 3942 3607 4016 OALVIN'US
3650 3941 4139 4012 mAmRo.

2842 4117 3235 4186 Commendat
3295 4117 3355 4182 ei
3429 4118 3622 4184 civem
3691 4115 4104 4183 &emmam
4179 4115 4364 4189 cuites
4434 4112 4605 4198 filius

2683 4203 2956 4272 Viennae
3018 4209 3301 4271 mortuus
3361 4208 3468 4270 est.
3585 4201 3796 4269 Simul
3867 4203 4113 4268 iuvenis·
4174 4201 4507 4269 cuiusdam
4562 4214 4604 4262 α

2676 4291 3002 4359 Tammero
3041 4291 3173 4375 ipsi
3213 4289 3629 4357 commendato
3657 4309 3851 4375 orave
3888 4287 4145 4370 facinus
4175 4287 4507 4372 είρπῆσω.

2665 4462 2989 4587 (Εκοιιιὸοἱὲι-
3032 4461 3402 4516 authenticum
3446 4478 3571 4517 oum
3614 4459 4013 4544 subscriptione
4058 4476 4130 4513 su
4180 4529 4192 4542 ι
4287 4457 4399 4530 pha
4431 4453 4605 4512 exst*

2749 4550 2810 4587 m
2964 4568 2979 4583 .
3011 4530 3174 4586 Geth.
3209 4528 3331 4599 404,
3364 4530 3458 4587 fol.
3492 4529 3577 4585 28.
3647 4529 3840 4584 Edidit
3872 4528 4197 4583 Bretsohnei
4235 4544 4296 4583 er
4326 4545 4385 4598 p.
4416 4523 4526 4591 54.)

2842 4703 3284 4773 ornatissimo
3318 4703 3461 4769 viro
3494 4655 3588 4768 D.
3618 4699 3704 4766 D.
3729 4701 4016 4786 Geor-gio
4037 4700 4386 4767 'Pammero
4420 4691 4603 4763 iuris-

2671 4790 2967 4859 eonsulto
3009 4789 3176 4856 mihi
3219 4787 3577 4874 plurimum
3624 4786 4051 4856 observando.
4122 4871 4442 4938 viem

2845 5045 3224 5113 Bernartius
3264 5045 3358 5111 ita
3400 5066 3473 5112 se
3509 5045 3717 5130 gessit
3745 5045 3823 5111 in
3853 5065 3974 5111 suo
4009 5043 4300 5112 disoessu
4337 5049 4412 5110 ut
4441 5030 4604 5138 quod

2757 5132 3003 5200 llieitus
3053 5132 3309 5198 fueram
3363 5132 3811 5198 testimonium
3864 5150 3905 5195 a
3949 5130 4039 5197 ud
4099 5149 4206 5197 me
4260 5128 4598 5213 reliquant.

2672 5154 2955 5286 goa-otus
2988 5217 3167 5284 enim
3198 5218 3468 5285 fuissem
3501 5237 3765 5304 negare.
3837 5217 3928 5283 Li
4004 5216 4130 5283 llos
4167 5215 4477 5301 quosdam
4506 5227 4602 5275 so-

2674 5303 2810 5371 dali
2850 5322 2971 5371 suo
3013 5302 3284 5386 furatus,
3327 5305 3483 5389 quia
3517 5302 3993 5389 deprehensum
4038 5322 4110 5370 se
4151 5300 4432 5381 videbat.
4459 5314 4602 5366 oon·
