4850 6117
603 401 735 473 243

596 585 884 652 concilio
926 583 1262 650 humiliter
1300 583 1775 663 submittentes,
1817 580 1985 665 quod
2024 588 2101 646 ut
2120 579 2555 647 Abbacellen-

610 693 717 738 ses
767 668 1204 735 confoederati
1262 689 1518 753 quoque
1560 670 1851 735 facerent
1892 666 2121 733 multis
2163 663 2554 751 persuadere

610 758 829 823 conati
873 760 1041 833 sunt,
1090 753 1204 820 sed
1246 756 1521 821 frustra:
1558 755 1606 819 ii
1642 755 1820 819 enim
1855 753 2106 820 rustica
2140 751 2555 835 simplicitate

610 850 986 909 constanter
1046 838 1558 925 responderunt:
1625 839 1794 905 nihil
1857 839 1980 905 sibi
2047 839 2143 903 rei
2210 858 2349 905 esse
2403 858 2551 905 cum

609 926 879 994 concilio
922 933 1038 992 etc.

780 1012 1007 1077 Hiero.
1055 1011 1375 1092 Zanchi,⁸)
1421 1011 1698 1095 insignis
1744 1011 2034 1161 theolggi
2068 1017 2136 1077 et
2162 1012 2556 1094 Argentora-

606 1099 815 1164 tensis
866 1096 1127 1163 scholae
1182 1097 1567 1181 professoris
1584 1149 1600 1176 ,
1658 1096 1903 1162 theses·
2048 1105 2113 1162 te
2157 1095 2346 1160 mitto
2360 1146 2378 1174 ,
2435 1115 2554 1178 per

605 1183 971 1250 Dominum
994 1192 1080 1248 .te
1122 1181 1469 1250 obsecrans
1511 1191 1589 1248 ut
1630 1204 1740 1249 eas
1784 1183 2002 1266 legere
2046 1204 2129 1247 ne
2171 1183 2405 1267 pigeat,
2443 1181 2552 1246 iti-

608 1270 758 1336 dem
803 1270 859 1334 si
917 1267 1068 1352 quid
1129 1269 1295 1334 forte
1351 1269 1422 1332 in
1474 1268 1605 1333 illis
1662 1266 1988 1334 desideres
2032 1268 2103 1334 in
2145 1268 2553 1352 marginibus

608 1365 881 1421 annotes
945 1376 1020 1421 ac
1086 1375 1201 1438 per
1265 1353 1571 1419 Linerum
1634 1364 1929 1420 nostrum
1992 1354 2306 1420 remittas.
2416 1352 2553 1435 Qui

607 1441 905 1525 primarii
941 1449 1095 1506 sunt
1129 1438 1436 1505 ecclesiae
1457 1442 2036 1525 Argentoratensis
2064 1440 2352 1505 ministri
2387 1438 2549 1504 acri-

610 1537 711 1593 ter
773 1546 922 1593 cum
970 1525 1215 1592 Zancho
1259 1525 1664 1591 contendunt
1716 1534 1784 1592 et
1829 1526 2153 1591 diversam
2199 1523 2554 1590 defendunt

607 1613 999 1679 sententiam
1031 1632 1234 1695 quum
1256 1610 1851 1693 Marpurgensium,
1876 1610 2553 1696 Heidelbergensium,

604 1698 1070 1765 Basiliensium
1139 1695 1618 1763 academiarum
1683 1698 2076 1781 professores
2141 1696 2238 1761 illi
2312 1715 2554 1779 magna

606 1785 1029 1851 consensione
1052 1782 1559 1868 subscripserint
1581 1803 1729 1848 cum
1761 1783 2331 1867 Tigurinensibus.
2389 1781 2554 1847 Fuit

605 1870 803 1937 etiam
849 1891 998 1936 cum
1046 1869 1309 1935 Brentio
1351 1867 1821 1952 Stuttgardiae,
1867 1867 2148 1934 multum
2206 1868 2553 1934 obsecrans

602 1967 677 2022 ut
741 1956 894 2040 quid
955 1956 1034 2022 de
1113 1955 1406 2022 thesibus
1470 1954 1615 2020 istis
1669 1954 1959 2024 {sentiret
2021 1954 2225 2027 libere
2290 1954 2550 2019 diceret.

602 2041 726 2108 Ille
787 2062 963 2121 vero,
1023 2041 1137 2108 ubi
1181 2041 1465 2123 primum
1506 2040 1834 2106 intellexit
1877 2039 1961 2106 D.
2002 2040 2376 2124 Marpachio
2420 2042 2550 2105 Ar—

649 2129 1084 2194 entoratensis
1143 2126 1451 2193 ecclesiae
1511 2126 1793 2193 antistiti
1858 2127 1986 2193 ista
2030 2124 2388 2211 displicere,
2436 2146 2552 2190 no-

630 2214 727 2279 uit
770 2213 1127 2297 quidquam
1170 2212 1628 2294 pronunciare,
1685 2232 1886 2296 quum
1929 2214 2060 2277 iam
2105 2221 2257 2278 ante
2301 2214 2368 2276 in
2413 2212 2552 2279 suis

601 2299 860 2382 scriptis
917 2318 1105 2365 suam
1165 2299 1560 2363 sententiam
1616 2299 1776 2364 satis
1831 2299 2192 2364 declararit.
2282 2295 2417 2363 Sed
2461 2299 2553 2362 ita

602 2392 1057 2451 transversum
1101 2384 1396 2466 rapimur
1442 2383 1785 2449 malesanis
1838 2385 1983 2450 istis
2028 2382 2366 2451 affectibus
2413 2384 2551 2467 ple-

601 2470 806 2555 rique,
866 2479 943 2535 ut
1001 2469 1197 2535 etiam
1257 2489 1408 2535 cum
1468 2469 1764 2537 veritatis
1806 2471 2057 2538 iactura
2099 2491 2322 2536 eorum
2387 2470 2549 2534 ami-

600 2557 842 2632 citiam,
886 2556 999 2639 qui
1043 2554 1230 2621 nobis
1271 2553 1620 2619 insolentia
1641 2555 1948 2640 dogmata
1984 2555 2392 2622 tradentibus
2444 2578 2548 2621 as—

603 2642 997 2716 sentiuntur,
1057 2642 1339 2706 retinere
1399 2640 1607 2706 modis
1651 2642 1953 2707 omnibus
2001 2642 2294 2708 velimus.
2385 2643 2548 2707 Pre-

604 2748 829 2794 cemur
863 2725 1227 2792 Dominum
1263 2727 1482 2792 Iesum
1521 2725 1857 2793 Christum
1902 2737 1974 2793 ut
2016 2748 2324 2813 sponsam
2358 2748 2546 2794 suam

605 2813 959 2878 clementer
1018 2812 1324 2895 respiciat
1366 2820 1432 2878 et
1486 2814 1558 2877 in
1624 2813 1878 2879 sincera
1920 2814 2199 2896 purioris
2243 2813 2547 2880 christia-

605 2899 797 2964 nismi
854 2897 1270 2981 simplicitate
1337 2919 1413 2964 us
1458 2920 1539 2963 ue
1591 2908 1948 2965 conservet.
2052 2900 2136 2964 In
2188 2921 2313 2983 quo
2378 2898 2545 2965 bene

605 2984 804 3050 simul
849 2990 917 3049 et
958 2990 1298 3050 aeternum
1341 3004 1387 3049 v
1453 3005 1507 3063 e,
1551 3003 1627 3050 ac
1669 3005 1881 3051 meam
1928 2985 2097 3051 hanc
2140 2992 2546 3053 senectutem

604 3079 681 3135 ut
723 3071 932 3154 magis
992 3077 1185 3152 atque
1238 3090 1305 3134 m
1397 3069 1411 3082 “
1502 3070 1860 3136 secundum
1913 3071 2290 3139 interiorem
2334 3072 2546 3137 homi-

608 3175 760 3220 nem
803 3154 1256 3221 reiuvenescat
1299 3157 1344 3221 fi
1389 3154 1597 3221 elibus
1642 3156 1774 3222 tuis
1835 3169 1898 3222 et
1942 3157 2071 3223 fide
2114 3154 2547 3241 flagrantibus

606 3241 778 3305 votis
820 3242 1023 3306 frater
1065 3240 1320 3307 adiuva.
1398 3240 1649 3310 Iterum
1694 3243 1855 3308 vale.
1925 3242 2232 3309 Vitoduri
2258 3247 2314 3321 ⁴)
2349 3242 2548 3309 Anno

614 3329 795 3391 1562.
844 3329 902 3390 8.
947 3326 1255 3391 Ianuarii.

1884 3465 1955 3528 T.
2002 3465 2227 3530 Ambr.
2276 3465 2379 3529 Bl.

1370 3754 1775 3767 m—

1480 3973 1677 4048 369⁰.

988 4129 1657 4197 BULLINGERUS
1704 4131 2172 4199 HALLERO.

776 4301 988 4368 Enixa
1062 4308 1237 4387 φοραί
1313 4309 1381 4370 ut
1443 4324 1517 4368 ne
1587 4302 1862 4369 Castabio
1929 4302 2211 4369 Bernam
2283 4312 2546 4388 vocetur,

600 4385 775 4451 homo
817 4394 1152 4469 suspectae,
1199 4391 1602 4456 novaturiem
1644 4394 1700 4453 et
1740 4387 2200 4455 Genevensibus
2233 4391 2544 4474 inq-ratus.

604 4556 716 4623 (Ex
765 4559 1076 4627 apographo
1124 4560 1462 4614 amanuensis
1508 4559 1823 4630 Hottingeri
1872 4559 1927 4613 in
1974 4560 2104 4614 Ood.
2153 4562 2329 4615 Turio.
2377 4561 2441 4615 F.
2479 4562 2547 4616 46

876 4627 1005 4681 olim
1040 4627 1179 4696 Epp.
1213 4628 1306 4683 XI.
1344 4628 1437 4685 fol.
1470 4626 1588 4683 600.
1632 4654 1690 4666 -
1727 4628 1937 4685 simler.
1977 4628 2094 4683 Vol.
2132 4628 2280 4698 108.)

774 4797 845 4864 S.
893 4796 975 4861 D.
1039 4797 1219 4880 Quid
1262 4799 1488 4881 dicam,
1526 4802 1857 4874 carissime
1903 4800 2149 4868 frater?
2216 4802 2544 4882 Manibus,

604 4882 897 4967 pedibus,
964 4892 1028 4948 et
1086 4893 1265 4950 totus
1328 4894 1607 4969 quantus
1665 4909 1810 4953 sum
1869 4888 2135 4966 renitor,
2200 4887 2546 4956 dissuadeo

807 5105 866 5242 {3
902 5103 1099 5229 {¹}ng
1133 5105 1431 5243 {gamm
1466 5173 1601 5228 1559
1644 5179 1848 5235 relictas
1894 5179 2070 5234 Βεειεε
2121 5179 2444 5235 Vitodurum
2489 5196 2547 5235 se

604 5243 909 5299 contulerat
949 5243 1210 5312 privatim
1256 5250 1494 5310 acturas,
1540 5252 1591 5300 et
1624 5260 1821 5302 munus
1864 5248 2277 5305 ecclesiasticum
2312 5250 2422 5305 sibi
2455 5252 2543 5306 ob·

598 5313 773 5367 latum
807 5318 1051 5381 vergente
1084 5329 1137 5366 a.
1177 5310 1311 5367 1561
1347 5311 1676 5371 detrectavit.

2098 392 2621 460 EPISTOLAE
2664 395 3084 457 3689—3693

4468 396 4579 459 244

2657 589 2724 646 et
2767 578 3074 646 dehortor
3116 601 3200 646 ne
3244 581 3573 664 recipiatis
3611 579 4039 658 Oastalionem,
4067 580 4118 663 ¹)
4163 600 4293 647 non
4339 588 4583 647 tantum

2657 665 2831 750 quod
2873 668 3172 751 ingratus
3208 667 3297 733 sit
3331 664 3830 732 Genevensibus
3869 674 3939 731 et
3970 664 4124 731 inde
4159 665 4584 750 exspectanda

2655 752 2791 816 sint
2825 751 3009 818 vobis
3044 761 3357 836 perpetua
3393 751 3579 831 bella,
3616 749 3728 818 sed
3763 751 3935 835 quod
3963 750 4260 829 Castalia,
4303 753 4430 818 etsi
4463 772 4585 818 non

2655 837 2955 904 indoctus
2979 839 3081 917 sit,
3117 837 3417 904 videatur
3442 845 3658 902 tamen
3685 836 3950 920 optimis
3972 836 4331 922 quibusque
4366 837 4585 921 plenus

2657 922 3072 1009 opinionibus
3095 924 3475 1008 peregrinis,
3494 944 3655 1007 quas
3671 923 4002 990 effusurus
4025 925 4114 989 sit
4133 923 4465 1007 siquando
4489 943 4588 1007 op-

2656 1011 3127 1092 portunitatem
3163 1011 3362 1075 fuerit
3396 1018 3642 1076 nactus.
3722 1010 3984 1075 Dicitur
4018 1021 4356 1092 praeterea
4389 1010 4588 1076 facere

2655 1116 2804 1161 cum
2828 1097 3131 1162 omnibus
3151 1095 3573 1162 novatoribus
3592 1105 3656 1160 et
3680 1096 4121 1161 turbatoribus
4142 1097 4250 1179 qui
4268 1094 4590 1161 Basileam

2656 1181 2947 1261 veniunt,
2991 1181 3144 1248 illac
3186 1189 3544 1248 transeunt.
3617 1182 3880 1247 Norunt
3911 1181 4130 1264 ipsum
4165 1188 4232 1247 et
4269 1202 4589 1248 commen·

2657 1265 2819 1333 dant
2890 1288 3117 1333 omnes
3242 1269 3690 1352 eregrinarum
3768 1268 4217 1350 quaestionum
4305 1266 4588 1334 studiosi.

2656 1349 2832 1433 Quid
2878 1355 2999 1431 vis,
3045 1354 3135 1419 mi
3264 1354 3501 1420 allere?
3586 1353 3784 1431 Cave,
3829 1374 4005 1432 cave,
4052 1374 4228 1419 cave.
4315 1353 4403 1419 «19-
4435 1353 4590 1431 sina,

2653 1438 2725 1503 ob
2774 1438 2920 1504 Gott
2972 1440 3094 1518 wil,
3150 1441 3270 1505 nitt
3320 1441 3684 1517 vskommem
3743 1440 3863 1505 das
3915 1440 3979 1503 ir
4029 1460 4115 1505 an
4170 1441 4291 1506 das
4353 1438 4591 1504 liebloss

2654 1524 2868 1608 manly
2918 1525 3232 1609 yebunden
3288 1527 3494 1609 syind.
3577 1525 3725 1592 Non
3783 1524 4006 1590 dubito
4064 1526 4222 1608 quin
4284 1525 4415 1590 viri
4460 1546 4590 1589 cor-

2656 1608 2790 1675 dati
2849 1611 3022 1694 apud
3077 1612 3489 1678 Basileenses
3549 1613 3736 1678 istius
3775 1612 4146 1694 praesentia
4187 1631 4417 1676 carere
4458 1630 4591 1693 pos·

2654 1698 2788 1761 sint
2853 1707 2919 1761 et
2971 1697 3137 1762 forte
3198 1697 3342 1763 aliis
3400 1695 3719 1763 suadeant
3777 1704 3852 1762 ut
3909 1704 4193 1763 vocetur.
4293 1695 4594 1764 Massam

2652 1783 2826 1848 dmm
2868 1783 2930 1846 ir
2956 1782 3045 1858 St.
3070 1782 3466 1850 Bernhardts
3487 1784 3868 1866 fusswasser
3899 1783 4232 1860 vstrinken,
4279 1802 4350 1848 so
4382 1801 4592 1867 ysayae

2653 1867 2770 1933 iich
2819 1867 2962 1934 Gott
3016 1869 3136 1934 den
3193 1869 3405 1935 kaker.
3495 1869 3721 1953 Nuper
3777 1866 3948 1950 apud
4006 1889 4124 1967 nos
4167 1869 4291 1933 fuit
4333 1867 4590 1951 Tiguri:

2653 1952 3299 2106 ffiffifflffi?
3310 1973 3720 2106 0313353ffi33
3735 1952 4596 2124 ,⁰550V¹.*3¹2221.E‘;223²p¹‡}3g

2656 2146 2990 2209 nunquam
3046 2128 3347 2192 convivio
3406 2147 3521 2209 per
3564 2148 3670 2192 me
3713 2127 3947 2192 fuisset
3990 2134 4320 2208 exceptus.
4412 2123 4594 2206 Quod

2654 2220 2870 2276 autem
2898 2211 3245 2295 polliceris,
3283 2221 3347 2277 te
3384 2213 3489 2279 hic
3526 2211 3728 2278 fidum
3763 2213 4080 2291 futurum,
4119 2219 4416 2294 praestes
4442 2209 4596 2275 mihi

2654 2298 2934 2376 obsecre,
2980 2318 3100 2381 pro
3145 2307 3262 2364 tua
3305 2298 3624 2383 singulari
3667 2298 3813 2363 fide.
3886 2297 4086 2363 Danu
4128 2298 4228 2362 ich
4261 2317 4424 2381 yern
4466 2296 4596 2362 mia

2651 2383 2979 2450 sb'mlicken
3043 2384 3249 2450 Lmen
3313 2405 3736 2450 vnverworren
3802 2385 3926 2450 vnd
3988 2389 4397 2469 vnyezanyyd
4481 2382 4591 2446 bin.

2652 2470 2856 2535 Proin
2912 2468 3204 2536 discinde
3259 2470 3433 2536 hanc
3489 2470 3806 2537 chartam.
3908 2470 4161 2537 Vereor
4217 2483 4284 2536 et
4343 2489 4467 2555 ego
4518 2487 4594 2532 ne

2654 2554 2961 2638 synodus,
3029 2556 3085 2621 si
3151 2555 3478 2640 procedat,
3584 2556 3688 2622 lus
3747 2556 4087 2622 turbarum
4198 2575 4359 2622 uam
4428 2553 4596 2638 pacis

2653 2642 2740 2705 sit
2761 2642 3057 2724 paritura
3090 2649 3158 2707 et
3188 2643 3357 2708 forte
3392 2578 3583 2725 apud,
3603 2641 4012 2709 adversarios
4045 2663 4162 2707 mu
4189 2650 4335 2708 tum
4378 2639 4592 2706 animi.

2653 2726 2976 2793 Dominus
3017 2729 3102 2793 sit
3137 2736 3369 2794 tecum.

3539 3271 3722 3343 3691.

3033 3428 3551 3497 VERMILIUS
3597 3417 4240 3495 BULLINGERQ

2825 3602 3143 3669 Iudicium
3185 3602 3260 3668 de
3305 3601 3669 3668 Castalione.

2651 3774 2760 3842 (Ex
2799 3773 3136 3843 autographo
3171 3772 3336 3827 Arch.
3384 3774 3559 3826 Turic.
3611 3772 3753 3826 Plut.
3807 3773 3895 3827 vl.
3947 3772 4066 3827 Vol.
4104 3770 4222 3839 106,
4256 3772 4390 3827 olim
4429 3772 4589 3828 Seria.

2653 3844 2716 3897 B.
2768 3843 2910 3912 Epp.
2959 3843 3107 3896 Tem.
3154 3841 3222 3908 11,
3269 3842 3361 3896 fol.
3409 3840 3526 3896 908.
3579 3868 3643 3879 —
3688 3840 3902 3896 Simler.
3951 3840 4070 3895 Vol.
4111 3839 4224 3895 103.
4262 3869 4332 3881 —-
4368 3841 4480 3898 Pro
4549 3841 4591 3893 'e

2652 3929 2760 3967 non
2797 3911 3028 3981 epistola
3062 3916 3147 3965 est
3181 3928 3346 3979 quum
3391 3911 3604 3979 Martyr
3638 3910 3693 3964 in
3741 3910 3930 3964 eadem
3964 3910 4101 3963 urbe
4136 3909 4340 3979 degens
4376 3926 4443 3965 ac
4572 3936 4590 3949 ·

2652 3982 2890 4051 lingerus
2940 3980 3104 4034 talem
3140 3980 3377 4034 scribere
3430 3996 3564 4049 epus
3621 3995 3729 4033 non
3784 3978 4037 4032 haberet:
4109 3978 4365 4034 schedam
4418 3979 4590 4050 poh‘us

2651 4050 2855 4104 dixeris
2890 4049 3016 4103 huic
3061 4049 3320 4103 traditam
3367 4053 3429 4101 ut
3473 4047 3710 4117 collegae
3756 4049 4086 4102 sententiam
4119 4063 4248 4101 suae
4295 4048 4469 4118 ipsius
4505 4047 4590 4100 sd·

3230 4118 3387 4171 deret
3418 4117 3638 4171 Hallero
3673 4116 4037 4184 mittendam.)

2820 4290 2988 4356 Mihi
3044 4288 3590 4372 quemadmodum
3649 4289 3785 4368 tibi,
3841 4288 4201 4355 clarissime
4243 4293 4586 4371 compater,

2650 4375 2912 4441 videtur
2947 4382 3022 4441 ut
3063 4381 3383 4459 quantum
3424 4375 3568 4441 fieri
3610 4382 3824 4459 potest
3859 4397 3898 4440 a
3933 4373 4317 4441 commercio
4363 4373 4586 4439 talium

2650 4462 2937 4528 virorum
2986 4459 3410 4527 abstineatur.

2819 4546 3118 4613 Basileae
3161 4568 3267 4613 res
3309 4567 3444 4611 non
3498 4566 3732 4629 parum
3777 4546 4069 4613 turbavit
4111 4565 4324 4629 neque
4369 4545 4585 4629 dispu-

2649 4633 2844 4699 tando
2891 4635 3060 4699 tueri
3103 4633 3317 4717 potuit
3361 4630 3668 4717 dogmata
3711 4652 3876 4715 quae
3920 4631 4365 4716 profitebatur.

2817 4716 3109 4796 Deinde,
3176 4726 3248 4784 ut
3315 4718 3451 4801 ipse
3517 4717 3766 4794 dixisti,
3826 4718 3883 4783 si
3943 4718 4171 4785 doceat
4222 4716 4582 4791 Losannae,

2647 4804 2988 4870 dissidium
3046 4805 3218 4869 inter
3261 4804 3583 4869 Bernates
3641 4812 3708 4868 et
3749 4803 4128 4870 Genevates
4174 4802 4584 4870 vehementer

2645 4888 3069 4957 recrudescet.

2817 4977 2910 5041 At
2953 4978 3009 5041 si
3053 4976 3287 5041 evitari
3332 4996 3463 5041 non
3507 4982 3722 5058 potest
3756 4975 3915 5059 quin
3951 4976 4306 5058 recipiatur
4342 4974 4579 5039 confes·

2646 5062 2741 5128 sio
2796 5061 2876 5128 ab
2932 5081 3008 5126 eo
3061 5059 3388 5143 exigenda
3445 5070 3543 5126 est
3600 5060 3777 5126 clara
3835 5062 4174 5144 perspicua
4239 5067 4307 5125 et
4347 5067 4577 5142 aperta,

2651 5220 2866 5227 -ff-——Q-
2891 5221 2900 5224 -
2923 5220 3054 5228 „..--..

2645 5314 2911 5381 86901)
2952 5314 3036 5381 CJ.
3073 5315 3145 5370 N.
3183 5313 3335 5369 3686.
