<?xml version="1.0" encoding="UTF-8"?>
<!DOCTYPE html PUBLIC "-//W3C//DTD XHTML 1.0 Transitional//EN"
    "http://www.w3.org/TR/xhtml1/DTD/xhtml1-transitional.dtd">
<html xmlns="http://www.w3.org/1999/xhtml" xml:lang="en" lang="en">
 <head>
  <title>
</title>
<meta http-equiv="Content-Type" content="text/html;charset=utf-8" />
  <meta name='ocr-system' content='tesseract 3.04.00' />
  <meta name='ocr-capabilities' content='ocr_page ocr_carea ocr_par ocr_line ocrx_word'/>
</head>
<body>
  <div class='ocr_page' id='page_1' title='image "./ioanniscalvinio05unkngoog_0073.png"; bbox 0 0 4850 6117; ppageno 0'>
   <div class='ocr_carea' id='block_1_1' title="bbox 316 428 439 491">
    <p class='ocr_par' dir='ltr' id='par_1_1' title="bbox 316 428 439 491">
     <span class='ocr_line' id='line_1_1' title="bbox 316 428 439 491; baseline 0 0"><span class='ocrx_word' id='word_1_1' title='bbox 316 428 439 491; x_wconf 80' lang='lat'><strong>121</strong></span> 
     </span>
    </p>
   </div>
   <div class='ocr_carea' id='block_1_2' title="bbox 305 611 2274 3786">
    <p class='ocr_par' dir='ltr' id='par_1_2' title="bbox 310 611 2274 2157">
     <span class='ocr_line' id='line_1_2' title="bbox 314 611 2265 700; baseline 0.001 -21"><span class='ocrx_word' id='word_1_2' title='bbox 314 613 508 681; x_wconf 83' lang='lat' dir='ltr'><strong>randi</strong></span> <span class='ocrx_word' id='word_1_3' title='bbox 550 616 751 680; x_wconf 86' lang='lat' dir='ltr'><strong>ratio:</strong></span> <span class='ocrx_word' id='word_1_4' title='bbox 820 615 972 700; x_wconf 89' lang='lat' dir='ltr'><strong>quia</strong></span> <span class='ocrx_word' id='word_1_5' title='bbox 1025 611 1204 681; x_wconf 79' lang='lat' dir='ltr'><strong>sanis</strong></span> <span class='ocrx_word' id='word_1_6' title='bbox 1252 613 1541 684; x_wconf 88' lang='lat' dir='ltr'><strong>consiliis</strong></span> <span class='ocrx_word' id='word_1_7' title='bbox 1598 633 1730 680; x_wconf 88' lang='lat' dir='ltr'><strong>non</strong></span> <span class='ocrx_word' id='word_1_8' title='bbox 1791 611 2265 699; x_wconf 85' lang='lat' dir='ltr'><strong>obtemperant.</strong></span> 
     </span>
     <span class='ocr_line' id='line_1_3' title="bbox 313 699 2270 779; baseline 0 -12"><span class='ocrx_word' id='word_1_9' title='bbox 313 700 580 767; x_wconf 83' lang='lat' dir='ltr'><strong>Passim</strong></span> <span class='ocrx_word' id='word_1_10' title='bbox 646 700 987 779; x_wconf 84' lang='lat' dir='ltr'><strong>denuncio,</strong></span> <span class='ocrx_word' id='word_1_11' title='bbox 1068 700 1127 767; x_wconf 89' lang='lat' dir='ltr'><strong>si</strong></span> <span class='ocrx_word' id='word_1_12' title='bbox 1189 699 1390 767; x_wconf 87' lang='lat' dir='ltr'><strong>iudex</strong></span> <span class='ocrx_word' id='word_1_13' title='bbox 1446 720 1659 767; x_wconf 87' lang='lat' dir='ltr'><strong>essem</strong></span> <span class='ocrx_word' id='word_1_14' title='bbox 1717 721 1823 766; x_wconf 91' lang='lat' dir='ltr'><strong>me</strong></span> <span class='ocrx_word' id='word_1_15' title='bbox 1878 721 2009 766; x_wconf 88' lang='lat' dir='ltr'><strong>non</strong></span> <span class='ocrx_word' id='word_1_16' title='bbox 2049 702 2270 767; x_wconf 89' lang='lat' dir='ltr'><strong>minus</strong></span> 
     </span>
     <span class='ocr_line' id='line_1_4' title="bbox 315 786 2269 870; baseline -0.002 -17"><span class='ocrx_word' id='word_1_17' title='bbox 315 805 551 853; x_wconf 80' lang='lat' dir='ltr'><strong>severe</strong></span> <span class='ocrx_word' id='word_1_18' title='bbox 583 787 656 851; x_wconf 90' lang='lat' dir='ltr'><strong>in</strong></span> <span class='ocrx_word' id='word_1_19' title='bbox 690 786 978 853; x_wconf 78' lang='lat' dir='ltr'><strong>rabiosos</strong></span> <span class='ocrx_word' id='word_1_20' title='bbox 1011 787 1170 852; x_wconf 86' lang='lat' dir='ltr'><strong>istos</strong></span> <span class='ocrx_word' id='word_1_21' title='bbox 1205 788 1490 870; x_wconf 87' lang='lat' dir='ltr'><strong>impetus</strong></span> <span class='ocrx_word' id='word_1_22' title='bbox 1523 786 2029 865; x_wconf 82' lang='lat' dir='ltr'><strong>vindicaturum,</strong></span> <span class='ocrx_word' id='word_1_23' title='bbox 2075 806 2269 870; x_wconf 85' lang='lat' dir='ltr'><strong>quam</strong></span> 
     </span>
     <span class='ocr_line' id='line_1_5' title="bbox 313 871 2270 956; baseline -0.001 -18"><span class='ocrx_word' id='word_1_24' title='bbox 313 872 472 938; x_wconf 82' lang='lat' dir='ltr'><strong>Rex</strong></span> <span class='ocrx_word' id='word_1_25' title='bbox 529 873 666 940; x_wconf 87' lang='lat' dir='ltr'><strong>suis</strong></span> <span class='ocrx_word' id='word_1_26' title='bbox 718 872 949 939; x_wconf 88' lang='lat' dir='ltr'><strong>edictis</strong></span> <span class='ocrx_word' id='word_1_27' title='bbox 990 871 1281 938; x_wconf 82' lang='lat' dir='ltr'><strong>mandat.</strong></span> <span class='ocrx_word' id='word_1_28' title='bbox 1368 872 1635 953; x_wconf 86' lang='lat' dir='ltr'><strong>Litoris,</strong></span> <span class='ocrx_word' id='word_1_29' title='bbox 1702 893 1864 955; x_wconf 89' lang='lat' dir='ltr'><strong>quas</strong></span> <span class='ocrx_word' id='word_1_30' title='bbox 1905 872 2270 956; x_wconf 74' lang='lat' dir='ltr'><strong>impetrasti</strong></span> 
     </span>
     <span class='ocr_line' id='line_1_6' title="bbox 315 957 2274 1042; baseline -0.001 -18"><span class='ocrx_word' id='word_1_31' title='bbox 315 958 490 1024; x_wconf 82' lang='lat' dir='ltr'><strong>nihil</strong></span> <span class='ocrx_word' id='word_1_32' title='bbox 557 959 847 1042; x_wconf 89' lang='lat' dir='ltr'><strong>aequius.</strong></span> <span class='ocrx_word' id='word_1_33' title='bbox 949 958 1085 1024; x_wconf 87' lang='lat' dir='ltr'><strong>Alii</strong></span> <span class='ocrx_word' id='word_1_34' title='bbox 1151 977 1272 1023; x_wconf 87' lang='lat' dir='ltr'><strong>sua</strong></span> <span class='ocrx_word' id='word_1_35' title='bbox 1334 958 1723 1041; x_wconf 79' lang='lat' dir='ltr'><strong>intemperie</strong></span> <span class='ocrx_word' id='word_1_36' title='bbox 1777 957 2274 1042; x_wconf 75' lang='lat' dir='ltr'><strong>pessundabant</strong></span> 
     </span>
     <span class='ocr_line' id='line_1_7' title="bbox 315 1042 2271 1128; baseline -0.002 -17"><span class='ocrx_word' id='word_1_37' title='bbox 315 1051 584 1111; x_wconf 76' lang='lat' dir='ltr'><strong>tantum</strong></span> <span class='ocrx_word' id='word_1_38' title='bbox 604 1045 1009 1112; x_wconf 85' lang='lat' dir='ltr'><strong>beneficium.</strong></span> <span class='ocrx_word' id='word_1_39' title='bbox 1083 1043 1501 1127; x_wconf 89' lang='lat' dir='ltr'><strong>Pergendum</strong></span> <span class='ocrx_word' id='word_1_40' title='bbox 1527 1042 1971 1122; x_wconf 86' lang='lat' dir='ltr'><strong>nihilominus,</strong></span> <span class='ocrx_word' id='word_1_41' title='bbox 2009 1043 2271 1128; x_wconf 88' lang='lat' dir='ltr'><strong>quando</strong></span> 
     </span>
     <span class='ocr_line' id='line_1_8' title="bbox 314 1127 2270 1213; baseline -0.001 -18"><span class='ocrx_word' id='word_1_42' title='bbox 314 1148 446 1195; x_wconf 81' lang='lat' dir='ltr'><strong>nos</strong></span> <span class='ocrx_word' id='word_1_43' title='bbox 509 1129 696 1197; x_wconf 89' lang='lat' dir='ltr'><strong>Deus</strong></span> <span class='ocrx_word' id='word_1_44' title='bbox 761 1130 969 1196; x_wconf 85' lang='lat' dir='ltr'><strong>voluit</strong></span> <span class='ocrx_word' id='word_1_45' title='bbox 1029 1129 1249 1196; x_wconf 90' lang='lat' dir='ltr'><strong>stultis</strong></span> <span class='ocrx_word' id='word_1_46' title='bbox 1315 1150 1458 1195; x_wconf 86' lang='lat' dir='ltr'><strong>esse</strong></span> <span class='ocrx_word' id='word_1_47' title='bbox 1490 1127 1865 1195; x_wconf 61' lang='lat' dir='ltr'><strong>debitores.</strong></span> <span class='ocrx_word' id='word_1_48' title='bbox 1966 1129 2077 1196; x_wconf 83' lang='lat' dir='ltr'><strong>Ex</strong></span> <span class='ocrx_word' id='word_1_49' title='bbox 2142 1150 2270 1213; x_wconf 88' lang='lat' dir='ltr'><strong>quo</strong></span> 
     </span>
     <span class='ocr_line' id='line_1_9' title="bbox 312 1214 2270 1282; baseline -0.001 -1"><span class='ocrx_word' id='word_1_50' title='bbox 312 1215 532 1282; x_wconf 86' lang='lat' dir='ltr'><strong>literis</strong></span> <span class='ocrx_word' id='word_1_51' title='bbox 593 1216 725 1282; x_wconf 81' lang='lat' dir='ltr'><strong>tuis</strong></span> <span class='ocrx_word' id='word_1_52' title='bbox 788 1217 998 1282; x_wconf 86' lang='lat' dir='ltr'><strong>factus</strong></span> <span class='ocrx_word' id='word_1_53' title='bbox 1057 1236 1204 1281; x_wconf 88' lang='lat' dir='ltr'><strong>sum</strong></span> <span class='ocrx_word' id='word_1_54' title='bbox 1271 1216 1511 1282; x_wconf 76' lang='lat' dir='ltr'><strong>certior</strong></span> <span class='ocrx_word' id='word_1_55' title='bbox 1574 1215 1654 1281; x_wconf 90' lang='lat' dir='ltr'><strong>de</strong></span> <span class='ocrx_word' id='word_1_56' title='bbox 1705 1215 2060 1281; x_wconf 73' lang='lat' dir='ltr'><strong>indictione</strong></span> <span class='ocrx_word' id='word_1_57' title='bbox 2113 1214 2270 1280; x_wconf 84' lang='lat' dir='ltr'><strong>novi</strong></span> 
     </span>
     <span class='ocr_line' id='line_1_10' title="bbox 314 1299 2269 1380; baseline -0.002 -12"><span class='ocrx_word' id='word_1_58' title='bbox 314 1310 705 1380; x_wconf 74' lang='lat' dir='ltr'><strong>conventus,</strong></span> <span class='ocrx_word' id='word_1_59' title='bbox 727 1306 786 1380; x_wconf 84' lang='lat'><strong>⁸)</strong></span> <span class='ocrx_word' id='word_1_60' title='bbox 843 1300 925 1368; x_wconf 89' lang='lat' dir='ltr'><strong>de</strong></span> <span class='ocrx_word' id='word_1_61' title='bbox 980 1316 1095 1366; x_wconf 86' lang='lat' dir='ltr'><strong>tuo</strong></span> <span class='ocrx_word' id='word_1_62' title='bbox 1153 1299 1372 1366; x_wconf 91' lang='lat' dir='ltr'><strong>reditu</strong></span> <span class='ocrx_word' id='word_1_63' title='bbox 1417 1302 1761 1367; x_wconf 89' lang='lat' dir='ltr'><strong>consilium</strong></span> <span class='ocrx_word' id='word_1_64' title='bbox 1806 1311 2093 1366; x_wconf 83' lang='lat' dir='ltr'><strong>mutasse</strong></span> <span class='ocrx_word' id='word_1_65' title='bbox 2135 1301 2269 1367; x_wconf 87' lang='lat' dir='ltr'><strong>iam</strong></span> 
     </span>
     <span class='ocr_line' id='line_1_11' title="bbox 318 1386 2269 1465; baseline -0.002 -11"><span class='ocrx_word' id='word_1_66' title='bbox 318 1394 476 1454; x_wconf 86' lang='lat' dir='ltr'><strong>ante</strong></span> <span class='ocrx_word' id='word_1_67' title='bbox 516 1387 923 1454; x_wconf 78' lang='lat' dir='ltr'><strong>intellexisti.</strong></span> <span class='ocrx_word' id='word_1_68' title='bbox 1007 1386 1415 1454; x_wconf 77' lang='lat' dir='ltr'><strong>Manendum</strong></span> <span class='ocrx_word' id='word_1_69' title='bbox 1461 1389 1743 1465; x_wconf 89' lang='lat' dir='ltr'><strong>omnino,</strong></span> <span class='ocrx_word' id='word_1_70' title='bbox 1798 1387 1932 1452; x_wconf 87' lang='lat' dir='ltr'><strong>nisi</strong></span> <span class='ocrx_word' id='word_1_71' title='bbox 1987 1386 2269 1452; x_wconf 83' lang='lat' dir='ltr'><strong>velimus</strong></span> 
     </span>
     <span class='ocr_line' id='line_1_12' title="bbox 315 1472 2266 1557; baseline -0.002 -17"><span class='ocrx_word' id='word_1_72' title='bbox 315 1493 586 1541; x_wconf 86' lang='lat' dir='ltr'><strong>causam</strong></span> <span class='ocrx_word' id='word_1_73' title='bbox 644 1473 919 1557; x_wconf 87' lang='lat' dir='ltr'><strong>prodere</strong></span> <span class='ocrx_word' id='word_1_74' title='bbox 976 1481 1041 1539; x_wconf 91' lang='lat' dir='ltr'><strong>et</strong></span> <span class='ocrx_word' id='word_1_75' title='bbox 1093 1472 1366 1557; x_wconf 88' lang='lat' dir='ltr'><strong>perdere</strong></span> <span class='ocrx_word' id='word_1_76' title='bbox 1424 1494 1593 1556; x_wconf 88' lang='lat' dir='ltr'><strong>quae</strong></span> <span class='ocrx_word' id='word_1_77' title='bbox 1653 1495 1832 1539; x_wconf 90' lang='lat' dir='ltr'><strong>nunc</strong></span> <span class='ocrx_word' id='word_1_78' title='bbox 1885 1474 1958 1537; x_wconf 92' lang='lat' dir='ltr'><strong>in</strong></span> <span class='ocrx_word' id='word_1_79' title='bbox 2010 1492 2266 1538; x_wconf 89' lang='lat' dir='ltr'><strong>summo</strong></span> 
     </span>
     <span class='ocr_line' id='line_1_13' title="bbox 315 1558 2270 1644; baseline -0.002 -19"><span class='ocrx_word' id='word_1_80' title='bbox 315 1559 587 1625; x_wconf 85' lang='lat' dir='ltr'><strong>cardine</strong></span> <span class='ocrx_word' id='word_1_81' title='bbox 650 1560 959 1625; x_wconf 77' lang='lat' dir='ltr'><strong>vertitur:</strong></span> <span class='ocrx_word' id='word_1_82' title='bbox 1039 1559 1384 1643; x_wconf 86' lang='lat' dir='ltr'><strong>praecipue</strong></span> <span class='ocrx_word' id='word_1_83' title='bbox 1461 1559 1734 1644; x_wconf 81' lang='lat' dir='ltr'><strong>gaudee,</strong></span> <span class='ocrx_word' id='word_1_84' title='bbox 1802 1558 2111 1644; x_wconf 75' lang='lat' dir='ltr'><strong>Reqinam</strong></span> <span class='ocrx_word' id='word_1_85' title='bbox 2172 1559 2270 1622; x_wconf 86' lang='lat' dir='ltr'><strong>ita</strong></span> 
     </span>
     <span class='ocr_line' id='line_1_14' title="bbox 314 1640 2267 1730; baseline -0.003 -18"><span class='ocrx_word' id='word_1_86' title='bbox 314 1664 577 1729; x_wconf 85' lang='lat' dir='ltr'><strong>cupere,</strong></span> <span class='ocrx_word' id='word_1_87' title='bbox 643 1646 794 1729; x_wconf 87' lang='lat' dir='ltr'><strong>quia</strong></span> <span class='ocrx_word' id='word_1_88' title='bbox 849 1645 1005 1710; x_wconf 91' lang='lat' dir='ltr'><strong>hinc</strong></span> <span class='ocrx_word' id='word_1_89' title='bbox 1061 1652 1237 1711; x_wconf 90' lang='lat' dir='ltr'><strong>certe</strong></span> <span class='ocrx_word' id='word_1_90' title='bbox 1274 1644 1579 1730; x_wconf 79' lang='lat' dir='ltr'><strong>colligere</strong></span> <span class='ocrx_word' id='word_1_91' title='bbox 1620 1644 1864 1723; x_wconf 85' lang='lat' dir='ltr'><strong>videor,</strong></span> <span class='ocrx_word' id='word_1_92' title='bbox 1909 1665 2053 1710; x_wconf 90' lang='lat' dir='ltr'><strong>eam</strong></span> <span class='ocrx_word' id='word_1_93' title='bbox 2097 1640 2267 1709; x_wconf 88' lang='lat' dir='ltr'><strong>nihil</strong></span> 
     </span>
     <span class='ocr_line' id='line_1_15' title="bbox 314 1729 2266 1816; baseline -0.002 -19"><span class='ocrx_word' id='word_1_94' title='bbox 314 1731 544 1798; x_wconf 75' lang='lat' dir='ltr'><strong>dolose</strong></span> <span class='ocrx_word' id='word_1_95' title='bbox 586 1751 798 1816; x_wconf 88' lang='lat' dir='ltr'><strong>agere.</strong></span> <span class='ocrx_word' id='word_1_96' title='bbox 879 1729 956 1797; x_wconf 77' lang='lat' dir='ltr'><strong>Si</strong></span> <span class='ocrx_word' id='word_1_97' title='bbox 999 1751 1131 1814; x_wconf 88' lang='lat' dir='ltr'><strong>qua</strong></span> <span class='ocrx_word' id='word_1_98' title='bbox 1172 1738 1396 1796; x_wconf 87' lang='lat' dir='ltr'><strong>tamen</strong></span> <span class='ocrx_word' id='word_1_99' title='bbox 1437 1732 1697 1797; x_wconf 83' lang='lat' dir='ltr'><strong>venerit</strong></span> <span class='ocrx_word' id='word_1_100' title='bbox 1736 1751 1956 1796; x_wconf 85' lang='lat' dir='ltr'><strong>morae</strong></span> <span class='ocrx_word' id='word_1_101' title='bbox 1998 1749 2266 1795; x_wconf 86' lang='lat' dir='ltr'><strong>excusa-</strong></span> 
     </span>
     <span class='ocr_line' id='line_1_16' title="bbox 310 1815 2266 1901; baseline -0.001 -19"><span class='ocrx_word' id='word_1_102' title='bbox 310 1819 433 1896; x_wconf 75' lang='lat' dir='ltr'><strong>tio,</strong></span> <span class='ocrx_word' id='word_1_103' title='bbox 479 1827 846 1901; x_wconf 87' lang='lat' dir='ltr'><strong>opportune</strong></span> <span class='ocrx_word' id='word_1_104' title='bbox 879 1824 1132 1882; x_wconf 90' lang='lat' dir='ltr'><strong>metum</strong></span> <span class='ocrx_word' id='word_1_105' title='bbox 1169 1825 1237 1882; x_wconf 85' lang='lat' dir='ltr'><strong>et</strong></span> <span class='ocrx_word' id='word_1_106' title='bbox 1269 1816 1743 1883; x_wconf 83' lang='lat' dir='ltr'><strong>dubitationem</strong></span> <span class='ocrx_word' id='word_1_107' title='bbox 1778 1816 2048 1883; x_wconf 79' lang='lat' dir='ltr'><strong>levabit.</strong></span> <span class='ocrx_word' id='word_1_108' title='bbox 2115 1815 2266 1882; x_wconf 92' lang='lat' dir='ltr'><strong>Non</strong></span> 
     </span>
     <span class='ocr_line' id='line_1_17' title="bbox 314 1901 2266 1986; baseline -0.001 -18"><span class='ocrx_word' id='word_1_109' title='bbox 314 1904 500 1969; x_wconf 82' lang='lat' dir='ltr'><strong>enim</strong></span> <span class='ocrx_word' id='word_1_110' title='bbox 544 1902 789 1983; x_wconf 82' lang='lat' dir='ltr'><strong>credas,</strong></span> <span class='ocrx_word' id='word_1_111' title='bbox 850 1921 1047 1986; x_wconf 90' lang='lat' dir='ltr'><strong>quam</strong></span> <span class='ocrx_word' id='word_1_112' title='bbox 1091 1904 1287 1968; x_wconf 87' lang='lat' dir='ltr'><strong>anxie</strong></span> <span class='ocrx_word' id='word_1_113' title='bbox 1340 1910 1724 1985; x_wconf 85' lang='lat' dir='ltr'><strong>torqueatur</strong></span> <span class='ocrx_word' id='word_1_114' title='bbox 1764 1909 2050 1982; x_wconf 90' lang='lat' dir='ltr'><strong>senatus,</strong></span> <span class='ocrx_word' id='word_1_115' title='bbox 2111 1901 2266 1966; x_wconf 90' lang='lat' dir='ltr'><strong>dum</strong></span> 
     </span>
     <span class='ocr_line' id='line_1_18' title="bbox 313 1986 2267 2073; baseline -0.002 -17"><span class='ocrx_word' id='word_1_116' title='bbox 313 1991 439 2056; x_wconf 83' lang='lat' dir='ltr'><strong>vix</strong></span> <span class='ocrx_word' id='word_1_117' title='bbox 479 1998 547 2055; x_wconf 89' lang='lat' dir='ltr'><strong>te</strong></span> <span class='ocrx_word' id='word_1_118' title='bbox 591 1989 711 2055; x_wconf 89' lang='lat' dir='ltr'><strong>sibi</strong></span> <span class='ocrx_word' id='word_1_119' title='bbox 756 2009 945 2073; x_wconf 88' lang='lat' dir='ltr'><strong>posse</strong></span> <span class='ocrx_word' id='word_1_120' title='bbox 992 2009 1277 2072; x_wconf 86' lang='lat' dir='ltr'><strong>unquam</strong></span> <span class='ocrx_word' id='word_1_121' title='bbox 1321 1989 1578 2054; x_wconf 87' lang='lat' dir='ltr'><strong>restitui</strong></span> <span class='ocrx_word' id='word_1_122' title='bbox 1621 1997 1826 2072; x_wconf 90' lang='lat' dir='ltr'><strong>putat.</strong></span> <span class='ocrx_word' id='word_1_123' title='bbox 1844 1992 1897 2066; x_wconf 81' lang='lat'><strong>⁴)</strong></span> <span class='ocrx_word' id='word_1_124' title='bbox 1978 1987 2054 2054; x_wconf 79' lang='lat' dir='ltr'><strong>Si</strong></span> <span class='ocrx_word' id='word_1_125' title='bbox 2098 1986 2267 2052; x_wconf 88' lang='lat' dir='ltr'><strong>nihil</strong></span> 
     </span>
     <span class='ocr_line' id='line_1_19' title="bbox 313 2073 2265 2157; baseline -0.002 -16"><span class='ocrx_word' id='word_1_126' title='bbox 313 2073 406 2141; x_wconf 86' lang='lat' dir='ltr'><strong>ab</strong></span> <span class='ocrx_word' id='word_1_127' title='bbox 441 2074 607 2155; x_wconf 81' lang='lat' dir='ltr'><strong>aliis,</strong></span> <span class='ocrx_word' id='word_1_128' title='bbox 644 2084 828 2140; x_wconf 88' lang='lat' dir='ltr'><strong>tuum</strong></span> <span class='ocrx_word' id='word_1_129' title='bbox 865 2075 993 2140; x_wconf 90' lang='lat' dir='ltr'><strong>erit</strong></span> <span class='ocrx_word' id='word_1_130' title='bbox 1027 2074 1245 2157; x_wconf 88' lang='lat' dir='ltr'><strong>aliqua</strong></span> <span class='ocrx_word' id='word_1_131' title='bbox 1276 2095 1390 2157; x_wconf 90' lang='lat' dir='ltr'><strong>spe</strong></span> <span class='ocrx_word' id='word_1_132' title='bbox 1412 2093 1709 2141; x_wconf 88' lang='lat' dir='ltr'><strong>recreare</strong></span> <span class='ocrx_word' id='word_1_133' title='bbox 1728 2094 1956 2140; x_wconf 90' lang='lat' dir='ltr'><strong>eorum</strong></span> <span class='ocrx_word' id='word_1_134' title='bbox 1992 2075 2265 2140; x_wconf 86' lang='lat' dir='ltr'><strong>animos.</strong></span> 
     </span>
    </p>

    <p class='ocr_par' dir='ltr' id='par_1_3' title="bbox 306 2159 2267 3258">
     <span class='ocr_line' id='line_1_20' title="bbox 495 2159 2265 2244; baseline -0.002 -18"><span class='ocrx_word' id='word_1_135' title='bbox 495 2161 847 2227; x_wconf 87' lang='lat' dir='ltr'><strong>Praeteriti</strong></span> <span class='ocrx_word' id='word_1_136' title='bbox 911 2160 1229 2244; x_wconf 85' lang='lat' dir='ltr'><strong>temporis</strong></span> <span class='ocrx_word' id='word_1_137' title='bbox 1289 2159 1622 2226; x_wconf 89' lang='lat' dir='ltr'><strong>silentium</strong></span> <span class='ocrx_word' id='word_1_138' title='bbox 1689 2159 1852 2225; x_wconf 88' lang='lat' dir='ltr'><strong>mihi</strong></span> <span class='ocrx_word' id='word_1_139' title='bbox 1910 2159 2265 2237; x_wconf 81' lang='lat' dir='ltr'><strong>adscribes,</strong></span> 
     </span>
     <span class='ocr_line' id='line_1_21' title="bbox 313 2245 2267 2331; baseline -0.001 -19"><span class='ocrx_word' id='word_1_140' title='bbox 313 2246 495 2331; x_wconf 86' lang='lat' dir='ltr'><strong>quod</strong></span> <span class='ocrx_word' id='word_1_141' title='bbox 554 2268 719 2312; x_wconf 91' lang='lat' dir='ltr'><strong>onus</strong></span> <span class='ocrx_word' id='word_1_142' title='bbox 772 2246 940 2311; x_wconf 90' lang='lat' dir='ltr'><strong>illud</strong></span> <span class='ocrx_word' id='word_1_143' title='bbox 990 2247 1366 2330; x_wconf 87' lang='lat' dir='ltr'><strong>receperim.</strong></span> <span class='ocrx_word' id='word_1_144' title='bbox 1454 2245 1845 2330; x_wconf 89' lang='lat' dir='ltr'><strong>Negotiatur</strong></span> <span class='ocrx_word' id='word_1_145' title='bbox 1903 2246 2031 2323; x_wconf 87' lang='lat' dir='ltr'><strong>ille,</strong></span> <span class='ocrx_word' id='word_1_146' title='bbox 2050 2249 2110 2322; x_wconf 61' lang='grc' dir='ltr'><strong>ὃ)</strong></span> <span class='ocrx_word' id='word_1_147' title='bbox 2157 2246 2267 2328; x_wconf 90' lang='lat' dir='ltr'><strong>qui</strong></span> 
     </span>
     <span class='ocr_line' id='line_1_22' title="bbox 310 2331 2266 2416; baseline -0.002 -19"><span class='ocrx_word' id='word_1_148' title='bbox 310 2352 575 2399; x_wconf 87' lang='lat' dir='ltr'><strong>merces</strong></span> <span class='ocrx_word' id='word_1_149' title='bbox 640 2333 1043 2416; x_wconf 84' lang='lat' dir='ltr'><strong>germanicas</strong></span> <span class='ocrx_word' id='word_1_150' title='bbox 1098 2351 1425 2415; x_wconf 89' lang='lat' dir='ltr'><strong>opponere</strong></span> <span class='ocrx_word' id='word_1_151' title='bbox 1482 2333 1670 2397; x_wconf 92' lang='lat' dir='ltr'><strong>nobis</strong></span> <span class='ocrx_word' id='word_1_152' title='bbox 1714 2332 1941 2410; x_wconf 82' lang='lat' dir='ltr'><strong>voluit,</strong></span> <span class='ocrx_word' id='word_1_153' title='bbox 1984 2331 2266 2415; x_wconf 90' lang='lat' dir='ltr'><strong>pretium</strong></span> 
     </span>
     <span class='ocr_line' id='line_1_23' title="bbox 312 2415 2265 2501; baseline -0.002 -17"><span class='ocrx_word' id='word_1_154' title='bbox 312 2419 523 2485; x_wconf 87' lang='lat' dir='ltr'><strong>habet</strong></span> <span class='ocrx_word' id='word_1_155' title='bbox 554 2439 713 2484; x_wconf 87' lang='lat' dir='ltr'><strong>suae</strong></span> <span class='ocrx_word' id='word_1_156' title='bbox 749 2418 1077 2501; x_wconf 84' lang='lat' dir='ltr'><strong>perfidiae.</strong></span> <span class='ocrx_word' id='word_1_157' title='bbox 1149 2415 1284 2483; x_wconf 82' lang='lat' dir='ltr'><strong>Sed</strong></span> <span class='ocrx_word' id='word_1_158' title='bbox 1307 2418 1512 2482; x_wconf 88' lang='lat' dir='ltr'><strong>miror</strong></span> <span class='ocrx_word' id='word_1_159' title='bbox 1532 2418 1625 2482; x_wconf 86' lang='lat' dir='ltr'><strong>ita</strong></span> <span class='ocrx_word' id='word_1_160' title='bbox 1645 2417 1961 2500; x_wconf 87' lang='lat' dir='ltr'><strong>pudorem</strong></span> <span class='ocrx_word' id='word_1_161' title='bbox 1985 2417 2265 2494; x_wconf 83' lang='lat' dir='ltr'><strong>exuisse,</strong></span> 
     </span>
     <span class='ocr_line' id='line_1_24' title="bbox 310 2500 2265 2586; baseline -0.001 -16"><span class='ocrx_word' id='word_1_162' title='bbox 310 2513 400 2570; x_wconf 86' lang='lat' dir='ltr'><strong>ut</strong></span> <span class='ocrx_word' id='word_1_163' title='bbox 440 2505 672 2570; x_wconf 86' lang='lat' dir='ltr'><strong>saltem</strong></span> <span class='ocrx_word' id='word_1_164' title='bbox 718 2523 848 2569; x_wconf 88' lang='lat' dir='ltr'><strong>non</strong></span> <span class='ocrx_word' id='word_1_165' title='bbox 894 2500 1140 2586; x_wconf 87' lang='lat' dir='ltr'><strong>aliquid</strong></span> <span class='ocrx_word' id='word_1_166' title='bbox 1184 2502 1466 2568; x_wconf 87' lang='lat' dir='ltr'><strong>simulet.</strong></span> <span class='ocrx_word' id='word_1_167' title='bbox 1556 2501 1634 2568; x_wconf 82' lang='lat' dir='ltr'><strong>Si</strong></span> <span class='ocrx_word' id='word_1_168' title='bbox 1679 2503 2070 2568; x_wconf 76' lang='lat' dir='ltr'><strong>Hotomanno</strong></span> <span class='ocrx_word' id='word_1_169' title='bbox 2126 2523 2265 2568; x_wconf 87' lang='lat' dir='ltr'><strong>cre-</strong></span> 
     </span>
     <span class='ocr_line' id='line_1_25' title="bbox 314 2586 2265 2674; baseline -0.001 -19"><span class='ocrx_word' id='word_1_170' title='bbox 314 2589 520 2667; x_wconf 85' lang='lat' dir='ltr'><strong>ditur,</strong></span> <span class='ocrx_word' id='word_1_171' title='bbox 566 2589 902 2673; x_wconf 75' lang='lat' dir='ltr'><strong>Boquinus</strong></span> <span class='ocrx_word' id='word_1_172' title='bbox 944 2610 984 2654; x_wconf 91' lang='lat' dir='ltr'><strong>a</strong></span> <span class='ocrx_word' id='word_1_173' title='bbox 1025 2586 1354 2654; x_wconf 68' lang='lat' dir='ltr'><strong>Bazdwino</strong></span> <span class='ocrx_word' id='word_1_174' title='bbox 1399 2587 1587 2653; x_wconf 86' lang='lat' dir='ltr'><strong>valde</strong></span> <span class='ocrx_word' id='word_1_175' title='bbox 1649 2588 1935 2654; x_wconf 89' lang='lat' dir='ltr'><strong>dissidet.</strong></span> <span class='ocrx_word' id='word_1_176' title='bbox 1957 2588 2011 2674; x_wconf 66' lang='grc' dir='ltr'><strong>ὃ)</strong></span> <span class='ocrx_word' id='word_1_177' title='bbox 2103 2589 2265 2654; x_wconf 85' lang='lat' dir='ltr'><strong>Nor·</strong></span> 
     </span>
     <span class='ocr_line' id='line_1_26' title="bbox 312 2673 2265 2759; baseline -0.002 -19"><span class='ocrx_word' id='word_1_178' title='bbox 312 2677 579 2742; x_wconf 72' lang='lat' dir='ltr'><strong>mundio</strong></span> <span class='ocrx_word' id='word_1_179' title='bbox 642 2683 868 2740; x_wconf 88' lang='lat' dir='ltr'><strong>nostro</strong></span> <span class='ocrx_word' id='word_1_180' title='bbox 930 2675 1241 2759; x_wconf 87' lang='lat' dir='ltr'><strong>gratulor,</strong></span> <span class='ocrx_word' id='word_1_181' title='bbox 1322 2673 1491 2757; x_wconf 90' lang='lat' dir='ltr'><strong>quod</strong></span> <span class='ocrx_word' id='word_1_182' title='bbox 1555 2680 1691 2739; x_wconf 90' lang='lat' dir='ltr'><strong>tam</strong></span> <span class='ocrx_word' id='word_1_183' title='bbox 1755 2676 2027 2741; x_wconf 88' lang='lat' dir='ltr'><strong>comiter</strong></span> <span class='ocrx_word' id='word_1_184' title='bbox 2068 2674 2265 2739; x_wconf 87' lang='lat' dir='ltr'><strong>fuerit</strong></span> 
     </span>
     <span class='ocr_line' id='line_1_27' title="bbox 312 2759 2265 2846; baseline -0.002 -18"><span class='ocrx_word' id='word_1_185' title='bbox 312 2769 646 2846; x_wconf 88' lang='lat' dir='ltr'><strong>exceptus.</strong></span> <span class='ocrx_word' id='word_1_186' title='bbox 751 2760 1022 2828; x_wconf 85' lang='lat' dir='ltr'><strong>Utinam</strong></span> <span class='ocrx_word' id='word_1_187' title='bbox 1088 2781 1174 2826; x_wconf 91' lang='lat' dir='ltr'><strong>ne</strong></span> <span class='ocrx_word' id='word_1_188' title='bbox 1235 2780 1416 2825; x_wconf 89' lang='lat' dir='ltr'><strong>more</strong></span> <span class='ocrx_word' id='word_1_189' title='bbox 1481 2759 1707 2825; x_wconf 86' lang='lat' dir='ltr'><strong>aulico.</strong></span> <span class='ocrx_word' id='word_1_190' title='bbox 1823 2759 1958 2826; x_wconf 81' lang='lat' dir='ltr'><strong>Sed</strong></span> <span class='ocrx_word' id='word_1_191' title='bbox 2020 2761 2265 2843; x_wconf 89' lang='lat' dir='ltr'><strong>optime</strong></span> 
     </span>
     <span class='ocr_line' id='line_1_28' title="bbox 312 2845 2264 2931; baseline -0.003 -16"><span class='ocrx_word' id='word_1_192' title='bbox 312 2868 534 2931; x_wconf 81' lang='lat' dir='ltr'><strong>spere,</strong></span> <span class='ocrx_word' id='word_1_193' title='bbox 614 2845 786 2931; x_wconf 90' lang='lat' dir='ltr'><strong>quod</strong></span> <span class='ocrx_word' id='word_1_194' title='bbox 830 2847 1043 2913; x_wconf 88' lang='lat' dir='ltr'><strong>officia</strong></span> <span class='ocrx_word' id='word_1_195' title='bbox 1106 2866 1226 2912; x_wconf 90' lang='lat' dir='ltr'><strong>sua</strong></span> <span class='ocrx_word' id='word_1_196' title='bbox 1289 2845 1464 2912; x_wconf 90' lang='lat' dir='ltr'><strong>ultro</strong></span> <span class='ocrx_word' id='word_1_197' title='bbox 1529 2845 1804 2929; x_wconf 90' lang='lat' dir='ltr'><strong>polliciti</strong></span> <span class='ocrx_word' id='word_1_198' title='bbox 1846 2854 2019 2925; x_wconf 91' lang='lat' dir='ltr'><strong>sunt,</strong></span> <span class='ocrx_word' id='word_1_199' title='bbox 2104 2866 2264 2929; x_wconf 90' lang='lat' dir='ltr'><strong>quos</strong></span> 
     </span>
     <span class='ocr_line' id='line_1_29' title="bbox 310 2929 2261 3017; baseline -0.002 -17"><span class='ocrx_word' id='word_1_200' title='bbox 310 2934 493 3000; x_wconf 85' lang='lat' dir='ltr'><strong>serio</strong></span> <span class='ocrx_word' id='word_1_201' title='bbox 547 2932 724 3017; x_wconf 89' lang='lat' dir='ltr'><strong>loqui</strong></span> <span class='ocrx_word' id='word_1_202' title='bbox 782 2932 1104 2998; x_wconf 87' lang='lat' dir='ltr'><strong>existimo.</strong></span> <span class='ocrx_word' id='word_1_203' title='bbox 1190 2932 1380 3011; x_wconf 86' lang='lat' dir='ltr'><strong>Vale,</strong></span> <span class='ocrx_word' id='word_1_204' title='bbox 1432 2929 1856 3016; x_wconf 87' lang='lat' dir='ltr'><strong>integerrime</strong></span> <span class='ocrx_word' id='word_1_205' title='bbox 1913 2933 2003 2997; x_wconf 71' lang='lat' dir='ltr'><strong>et&#39;</strong></span> <span class='ocrx_word' id='word_1_206' title='bbox 2025 2930 2261 2997; x_wconf 88' lang='lat' dir='ltr'><strong>dulcis-</strong></span> 
     </span>
     <span class='ocr_line' id='line_1_30' title="bbox 308 3016 2265 3101; baseline -0.003 -15"><span class='ocrx_word' id='word_1_207' title='bbox 308 3018 487 3086; x_wconf 83' lang='lat' dir='ltr'><strong>sime</strong></span> <span class='ocrx_word' id='word_1_208' title='bbox 518 3017 737 3085; x_wconf 87' lang='lat' dir='ltr'><strong>frater.</strong></span> <span class='ocrx_word' id='word_1_209' title='bbox 808 3018 1135 3084; x_wconf 86' lang='lat' dir='ltr'><strong>Dominus</strong></span> <span class='ocrx_word' id='word_1_210' title='bbox 1171 3016 1289 3084; x_wconf 92' lang='lat' dir='ltr'><strong>tibi</strong></span> <span class='ocrx_word' id='word_1_211' title='bbox 1326 3036 1583 3101; x_wconf 89' lang='lat' dir='ltr'><strong>semper</strong></span> <span class='ocrx_word' id='word_1_212' title='bbox 1618 3017 1810 3096; x_wconf 89' lang='lat' dir='ltr'><strong>adsit,</strong></span> <span class='ocrx_word' id='word_1_213' title='bbox 1847 3025 1910 3082; x_wconf 88' lang='lat' dir='ltr'><strong>te</strong></span> <span class='ocrx_word' id='word_1_214' title='bbox 1945 3018 2265 3100; x_wconf 85' lang='lat' dir='ltr'><strong>gubernet</strong></span> 
     </span>
     <span class='ocr_line' id='line_1_31' title="bbox 310 3102 2263 3189; baseline -0.003 -16"><span class='ocrx_word' id='word_1_215' title='bbox 310 3127 398 3173; x_wconf 88' lang='lat' dir='ltr'><strong>ac</strong></span> <span class='ocrx_word' id='word_1_216' title='bbox 476 3103 868 3171; x_wconf 87' lang='lat' dir='ltr'><strong>incolumem</strong></span> <span class='ocrx_word' id='word_1_217' title='bbox 946 3109 1230 3171; x_wconf 87' lang='lat' dir='ltr'><strong>tueatur.</strong></span> <span class='ocrx_word' id='word_1_218' title='bbox 1341 3103 1562 3170; x_wconf 89' lang='lat' dir='ltr'><strong>Nostri</strong></span> <span class='ocrx_word' id='word_1_219' title='bbox 1628 3124 1852 3169; x_wconf 87' lang='lat' dir='ltr'><strong>omnes</strong></span> <span class='ocrx_word' id='word_1_220' title='bbox 1917 3102 2263 3189; x_wconf 86' lang='lat' dir='ltr'><strong>diligenter</strong></span> 
     </span>
     <span class='ocr_line' id='line_1_32' title="bbox 306 3191 726 3258; baseline -0.012 0"><span class='ocrx_word' id='word_1_221' title='bbox 306 3199 388 3258; x_wconf 78' lang='lat' dir='ltr'><strong>te</strong></span> <span class='ocrx_word' id='word_1_222' title='bbox 421 3191 726 3257; x_wconf 85' lang='lat' dir='ltr'><strong>salutant.</strong></span> 
     </span>
    </p>

    <p class='ocr_par' dir='ltr' id='par_1_4' title="bbox 305 3274 2261 3786">
     <span class='ocr_line' id='line_1_33' title="bbox 488 3274 2259 3361; baseline -0.002 -19"><span class='ocrx_word' id='word_1_223' title='bbox 488 3275 887 3359; x_wconf 75' lang='lat' dir='ltr'><strong>Buryoinum</strong></span> <span class='ocrx_word' id='word_1_224' title='bbox 906 3275 962 3361; x_wconf 91' lang='lat'><strong>⁷)</strong></span> <span class='ocrx_word' id='word_1_225' title='bbox 1019 3274 1321 3359; x_wconf 84' lang='lat' dir='ltr'><strong>ablegare</strong></span> <span class='ocrx_word' id='word_1_226' title='bbox 1372 3295 1491 3340; x_wconf 90' lang='lat' dir='ltr'><strong>nos</strong></span> <span class='ocrx_word' id='word_1_227' title='bbox 1549 3274 1762 3360; x_wconf 80' lang='lat' dir='ltr'><strong>coegit</strong></span> <span class='ocrx_word' id='word_1_228' title='bbox 1816 3276 1955 3341; x_wconf 78' lang='lat' dir='ltr'><strong>eius</strong></span> <span class='ocrx_word' id='word_1_229' title='bbox 2010 3275 2259 3358; x_wconf 89' lang='lat' dir='ltr'><strong>impru-</strong></span> 
     </span>
     <span class='ocr_line' id='line_1_34' title="bbox 309 3359 2260 3440; baseline -0.003 -10"><span class='ocrx_word' id='word_1_230' title='bbox 309 3364 558 3430; x_wconf 84' lang='lat' dir='ltr'><strong>dentia.</strong></span> <span class='ocrx_word' id='word_1_231' title='bbox 637 3360 782 3426; x_wconf 90' lang='lat' dir='ltr'><strong>Iam</strong></span> <span class='ocrx_word' id='word_1_232' title='bbox 825 3363 975 3428; x_wconf 89' lang='lat' dir='ltr'><strong>istic</strong></span> <span class='ocrx_word' id='word_1_233' title='bbox 1018 3362 1172 3428; x_wconf 91' lang='lat' dir='ltr'><strong>sciri</strong></span> <span class='ocrx_word' id='word_1_234' title='bbox 1228 3359 1528 3440; x_wconf 73' lang='lat' dir='ltr'><strong>arbitror,</strong></span> <span class='ocrx_word' id='word_1_235' title='bbox 1593 3361 1847 3427; x_wconf 89' lang='lat' dir='ltr'><strong>Ducem</strong></span> <span class='ocrx_word' id='word_1_236' title='bbox 1894 3360 2187 3427; x_wconf 74' lang='lat' dir='ltr'><strong>Nemorsi</strong></span> <span class='ocrx_word' id='word_1_237' title='bbox 2200 3362 2260 3439; x_wconf 71' lang='grc' dir='ltr'><strong>Β)</strong></span> 
     </span>
     <span class='ocr_line' id='line_1_35' title="bbox 305 3446 2261 3532; baseline -0.002 -16"><span class='ocrx_word' id='word_1_238' title='bbox 305 3452 390 3516; x_wconf 88' lang='grc'><strong>111</strong></span> <span class='ocrx_word' id='word_1_239' title='bbox 468 3447 694 3513; x_wconf 88' lang='lat' dir='ltr'><strong>nidum</strong></span> <span class='ocrx_word' id='word_1_240' title='bbox 763 3467 957 3512; x_wconf 90' lang='lat' dir='ltr'><strong>suum</strong></span> <span class='ocrx_word' id='word_1_241' title='bbox 1022 3447 1405 3532; x_wconf 86' lang='lat' dir='ltr'><strong>confugisse.</strong></span> <span class='ocrx_word' id='word_1_242' title='bbox 1516 3448 1764 3512; x_wconf 83' lang='lat' dir='ltr'><strong>Parum</strong></span> <span class='ocrx_word' id='word_1_243' title='bbox 1830 3446 2034 3512; x_wconf 81' lang='lat' dir='ltr'><strong>abfuit</strong></span> <span class='ocrx_word' id='word_1_244' title='bbox 2100 3448 2261 3530; x_wconf 90' lang='lat' dir='ltr'><strong>quin</strong></span> 
     </span>
     <span class='ocr_line' id='line_1_36' title="bbox 306 3531 2261 3620; baseline -0.002 -20"><span class='ocrx_word' id='word_1_245' title='bbox 306 3534 684 3620; x_wconf 87' lang='lat' dir='ltr'><strong>praefectus</strong></span> <span class='ocrx_word' id='word_1_246' title='bbox 727 3531 1058 3617; x_wconf 77' lang='lat' dir='ltr'><strong>Gayensis</strong></span> <span class='ocrx_word' id='word_1_247' title='bbox 1100 3535 1326 3618; x_wconf 90' lang='lat' dir='ltr'><strong>ignoto</strong></span> <span class='ocrx_word' id='word_1_248' title='bbox 1378 3552 1647 3597; x_wconf 86' lang='lat' dir='ltr'><strong>manum</strong></span> <span class='ocrx_word' id='word_1_249' title='bbox 1690 3532 2003 3600; x_wconf 89' lang='lat' dir='ltr'><strong>iniiceret.</strong></span> <span class='ocrx_word' id='word_1_250' title='bbox 2093 3532 2261 3598; x_wconf 92' lang='lat' dir='ltr'><strong>Inde</strong></span> 
     </span>
     <span class='ocr_line' id='line_1_37' title="bbox 308 3616 2260 3704; baseline -0.002 -16"><span class='ocrx_word' id='word_1_251' title='bbox 308 3622 581 3704; x_wconf 87' lang='lat' dir='ltr'><strong>elapsus</strong></span> <span class='ocrx_word' id='word_1_252' title='bbox 637 3616 1081 3685; x_wconf 87' lang='lat' dir='ltr'><strong>Chansiacum</strong></span> <span class='ocrx_word' id='word_1_253' title='bbox 1104 3623 1158 3696; x_wconf 78' lang='lat'><strong>⁹)</strong></span> <span class='ocrx_word' id='word_1_254' title='bbox 1211 3625 1408 3685; x_wconf 89' lang='lat' dir='ltr'><strong>noctu</strong></span> <span class='ocrx_word' id='word_1_255' title='bbox 1468 3620 1784 3701; x_wconf 85' lang='lat' dir='ltr'><strong>pervenit,</strong></span> <span class='ocrx_word' id='word_1_256' title='bbox 1851 3618 1965 3683; x_wconf 91' lang='lat' dir='ltr'><strong>ubi</strong></span> <span class='ocrx_word' id='word_1_257' title='bbox 2009 3618 2260 3701; x_wconf 90' lang='lat' dir='ltr'><strong>trepide</strong></span> 
     </span>
     <span class='ocr_line' id='line_1_38' title="bbox 310 3703 2260 3786; baseline -0.003 -11"><span class='ocrx_word' id='word_1_258' title='bbox 310 3706 821 3775; x_wconf 83' lang='lat' dir='ltr'><strong>sciscitabantur</strong></span> <span class='ocrx_word' id='word_1_259' title='bbox 854 3706 999 3771; x_wconf 91' lang='lat' dir='ltr'><strong>eius</strong></span> <span class='ocrx_word' id='word_1_260' title='bbox 1047 3706 1331 3786; x_wconf 90' lang='lat' dir='ltr'><strong>comites,</strong></span> <span class='ocrx_word' id='word_1_261' title='bbox 1374 3709 1679 3770; x_wconf 88' lang='lat' dir='ltr'><strong>essentne</strong></span> <span class='ocrx_word' id='word_1_262' title='bbox 1718 3704 1791 3768; x_wconf 93' lang='lat' dir='ltr'><strong>in</strong></span> <span class='ocrx_word' id='word_1_263' title='bbox 1838 3703 2086 3770; x_wconf 88' lang='lat' dir='ltr'><strong>ditione</strong></span> <span class='ocrx_word' id='word_1_264' title='bbox 2132 3704 2260 3771; x_wconf 82' lang='lat' dir='ltr'><strong>Gre-</strong></span> 
     </span>
    </p>
   </div>
   <div class='ocr_carea' id='block_1_3' title="bbox 322 3880 731 3894">
    <p class='ocr_par' dir='ltr' id='par_1_5' title="bbox 322 3880 731 3894">
     <span class='ocr_line' id='line_1_39' title="bbox 322 3880 731 3894; baseline 0 2223"><span class='ocrx_word' id='word_1_265' title='bbox 322 3880 731 3894; x_wconf 95' lang='lat' dir='ltr'><strong> </strong></span> 
     </span>
    </p>
   </div>
   <div class='ocr_carea' id='block_1_4' title="bbox 308 3941 2262 4404">
    <p class='ocr_par' dir='ltr' id='par_1_6' title="bbox 308 3941 2262 4404">
     <span class='ocr_line' id='line_1_40' title="bbox 308 3941 2262 4115; baseline 0 -81"><span class='ocrx_word' id='word_1_266' title='bbox 308 4051 355 4106; x_wconf 60' lang='grc' dir='ltr'><em>α</em></span> <span class='ocrx_word' id='word_1_267' title='bbox 407 4049 483 4104; x_wconf 61' lang='lat' dir='ltr'><strong>m</strong></span> <span class='ocrx_word' id='word_1_268' title='bbox 522 3979 1054 4115; x_wconf 46' lang='grc' dir='ltr'><strong>Ἇίοηεξτῇανὲζθηὲΐ</strong></span> <span class='ocrx_word' id='word_1_269' title='bbox 1088 3979 1338 4034; x_wconf 60' lang='lat' dir='ltr'><strong>&amp;aarum</strong></span> <span class='ocrx_word' id='word_1_270' title='bbox 1385 3994 1450 4033; x_wconf 61' lang='lat' dir='ltr'><strong>ex</strong></span> <span class='ocrx_word' id='word_1_271' title='bbox 1498 3979 1729 4049; x_wconf 53' lang='lat' dir='ltr'><strong>suffles</strong></span> <span class='ocrx_word' id='word_1_272' title='bbox 1772 3941 2147 4049; x_wconf 58' lang='lat' dir='ltr'><strong>mamm,</strong></span> <span class='ocrx_word' id='word_1_273' title='bbox 2185 3978 2262 4034; x_wconf 78' lang='lat' dir='ltr'><strong>aa</strong></span> 
     </span>
     <span class='ocr_line' id='line_1_41' title="bbox 359 4115 2258 4272; baseline 0 -31"><span class='ocrx_word' id='word_1_274' title='bbox 359 4260 371 4272; x_wconf 29' lang='grc' dir='ltr'>ι</span> <span class='ocrx_word' id='word_1_275' title='bbox 524 4119 587 4252; x_wconf 56' lang='lat'><strong>33</strong></span> <span class='ocrx_word' id='word_1_276' title='bbox 622 4117 714 4240; x_wconf 49' lang='lat' dir='ltr'><strong>gg</strong></span> <span class='ocrx_word' id='word_1_277' title='bbox 742 4159 754 4171; x_wconf 39' lang='grc' dir='ltr'><strong>ο</strong></span> <span class='ocrx_word' id='word_1_278' title='bbox 773 4115 1016 4251; x_wconf 44' lang='lat' dir='ltr'><strong>eilangoa</strong></span> <span class='ocrx_word' id='word_1_279' title='bbox 992 4115 1414 4254; x_wconf 37' lang='lat' dir='ltr'><strong>&amp;111²quth</strong></span> <span class='ocrx_word' id='word_1_280' title='bbox 1443 4180 1744 4238; x_wconf 72' lang='lat' dir='ltr'><strong>Germanos</strong></span> <span class='ocrx_word' id='word_1_281' title='bbox 1776 4185 2047 4255; x_wconf 64' lang='lat' dir='ltr'><strong>theologos</strong></span> <span class='ocrx_word' id='word_1_282' title='bbox 2080 4199 2258 4242; x_wconf 77' lang='lat' dir='ltr'><strong>accer-</strong></span> 
     </span>
     <span class='ocr_line' id='line_1_42' title="bbox 309 4256 2260 4404; baseline 0 -26"><span class='ocrx_word' id='word_1_283' title='bbox 309 4272 457 4315; x_wconf 64' lang='lat' dir='ltr'><em>m</em></span> <span class='ocrx_word' id='word_1_284' title='bbox 488 4256 1161 4404; x_wconf 47' lang='grc' dir='ltr'><strong>Ἕῖεῑξξάᾞῠῌαξῖἑῇαηπο</strong></span> <span class='ocrx_word' id='word_1_285' title='bbox 1177 4319 1656 4390; x_wconf 69' lang='lat' dir='ltr'><strong>Heidezboryenm</strong></span> <span class='ocrx_word' id='word_1_286' title='bbox 1679 4323 1854 4388; x_wconf 72' lang='lat' dir='ltr'><strong>fuisse</strong></span> <span class='ocrx_word' id='word_1_287' title='bbox 1877 4321 2069 4380; x_wconf 66' lang='lat' dir='ltr'><strong>maius</strong></span> <span class='ocrx_word' id='word_1_288' title='bbox 2084 4329 2260 4390; x_wconf 70' lang='lat' dir='ltr'><strong>notos,</strong></span> 
     </span>
    </p>
   </div>
   <div class='ocr_carea' id='block_1_5' title="bbox 307 4392 2263 5428">
    <p class='ocr_par' dir='ltr' id='par_1_7' title="bbox 307 4392 2263 5428">
     <span class='ocr_line' id='line_1_43' title="bbox 567 4392 771 4447; baseline -0.005 0"><span class='ocrx_word' id='word_1_289' title='bbox 567 4392 771 4447; x_wconf 63' lang='lat' dir='ltr'><strong>alanno.</strong></span> 
     </span>
     <span class='ocr_line' id='line_1_44' title="bbox 524 4456 2257 4530; baseline 0.001 -16"><span class='ocrx_word' id='word_1_290' title='bbox 524 4459 583 4529; x_wconf 82' lang='lat'><strong>7)</strong></span> <span class='ocrx_word' id='word_1_291' title='bbox 621 4459 754 4530; x_wconf 75' lang='lat' dir='ltr'><strong>Req.</strong></span> <span class='ocrx_word' id='word_1_292' title='bbox 789 4459 869 4514; x_wconf 78' lang='lat' dir='ltr'><strong>du</strong></span> <span class='ocrx_word' id='word_1_293' title='bbox 907 4457 1127 4514; x_wconf 76' lang='lat' dir='ltr'><strong>Conseil</strong></span> <span class='ocrx_word' id='word_1_294' title='bbox 1168 4456 1216 4511; x_wconf 87' lang='grc'><strong>6.</strong></span> <span class='ocrx_word' id='word_1_295' title='bbox 1264 4457 1442 4513; x_wconf 62' lang='lat' dir='ltr'><strong>Nm)..-</strong></span> <span class='ocrx_word' id='word_1_296' title='bbox 1509 4459 1821 4530; x_wconf 88' lang='lat' dir='ltr'><strong>Bourgoing</strong></span> <span class='ocrx_word' id='word_1_297' title='bbox 1868 4460 2044 4530; x_wconf 86' lang='lat' dir='ltr'><strong>prend</strong></span> <span class='ocrx_word' id='word_1_298' title='bbox 2088 4477 2257 4530; x_wconf 88' lang='lat' dir='ltr'><strong>conge</strong></span> 
     </span>
     <span class='ocr_line' id='line_1_45' title="bbox 313 4527 2258 4600; baseline -0.001 -15"><span class='ocrx_word' id='word_1_299' title='bbox 313 4551 350 4586; x_wconf 79' lang='lat' dir='ltr'><strong>a</strong></span> <span class='ocrx_word' id='word_1_300' title='bbox 457 4536 484 4584; x_wconf 92' lang='lat' dir='ltr'><strong>t</strong></span> <span class='ocrx_word' id='word_1_301' title='bbox 530 4537 648 4584; x_wconf 79' lang='lat' dir='ltr'><strong>este</strong></span> <span class='ocrx_word' id='word_1_302' title='bbox 694 4545 901 4600; x_wconf 81' lang='lat' dir='ltr'><strong>envoye</strong></span> <span class='ocrx_word' id='word_1_303' title='bbox 954 4529 1130 4582; x_wconf 80' lang='lat' dir='ltr'><strong>servir</strong></span> <span class='ocrx_word' id='word_1_304' title='bbox 1179 4527 1319 4581; x_wconf 90' lang='lat' dir='ltr'><strong>Dieu</strong></span> <span class='ocrx_word' id='word_1_305' title='bbox 1371 4527 1606 4581; x_wconf 82' lang='lat' dir='ltr'><strong>ailleurs.</strong></span> <span class='ocrx_word' id='word_1_306' title='bbox 1686 4530 1916 4583; x_wconf 77' lang='lat' dir='ltr'><strong>Ari-este</strong></span> <span class='ocrx_word' id='word_1_307' title='bbox 1963 4546 2108 4599; x_wconf 90' lang='lat' dir='ltr'><strong>quon</strong></span> <span class='ocrx_word' id='word_1_308' title='bbox 2155 4546 2258 4599; x_wconf 72' lang='lat' dir='ltr'><strong>aye</strong></span> 
     </span>
     <span class='ocr_line' id='line_1_46' title="bbox 311 4550 2263 4667; baseline -0.002 -12"><span class='ocrx_word' id='word_1_309' title='bbox 311 4550 474 4656; x_wconf 45' lang='lat' dir='ltr'><strong>adt-is</strong></span> <span class='ocrx_word' id='word_1_310' title='bbox 507 4600 577 4653; x_wconf 84' lang='lat' dir='ltr'><strong>de</strong></span> <span class='ocrx_word' id='word_1_311' title='bbox 611 4599 683 4652; x_wconf 77' lang='lat' dir='ltr'><strong>M.</strong></span> <span class='ocrx_word' id='word_1_312' title='bbox 722 4597 912 4652; x_wconf 79' lang='lat' dir='ltr'><strong>Calvin</strong></span> <span class='ocrx_word' id='word_1_313' title='bbox 947 4598 996 4651; x_wconf 89' lang='lat' dir='ltr'><strong>si</strong></span> <span class='ocrx_word' id='word_1_314' title='bbox 1030 4613 1100 4652; x_wconf 88' lang='lat' dir='ltr'><strong>on</strong></span> <span class='ocrx_word' id='word_1_315' title='bbox 1135 4597 1230 4667; x_wconf 79' lang='lat' dir='ltr'><strong>luy</strong></span> <span class='ocrx_word' id='word_1_316' title='bbox 1264 4596 1468 4650; x_wconf 78' lang='lat' dir='ltr'><strong>debvra</strong></span> <span class='ocrx_word' id='word_1_317' title='bbox 1502 4597 1712 4652; x_wconf 85' lang='lat' dir='ltr'><strong>donner</strong></span> <span class='ocrx_word' id='word_1_318' title='bbox 1744 4597 1814 4652; x_wconf 88' lang='lat'><strong>60</strong></span> <span class='ocrx_word' id='word_1_319' title='bbox 1846 4599 1900 4653; x_wconf 88' lang='lat' dir='ltr'><strong>fl.</strong></span> <span class='ocrx_word' id='word_1_320' title='bbox 1934 4614 2072 4666; x_wconf 86' lang='lat' dir='ltr'><strong>pour</strong></span> <span class='ocrx_word' id='word_1_321' title='bbox 2105 4598 2263 4651; x_wconf 81' lang='lat' dir='ltr'><strong>aider</strong></span> 
     </span>
     <span class='ocr_line' id='line_1_47' title="bbox 311 4666 2258 4739; baseline -0.001 -15"><span class='ocrx_word' id='word_1_322' title='bbox 311 4689 351 4724; x_wconf 85' lang='lat' dir='ltr'><strong>a</strong></span> <span class='ocrx_word' id='word_1_323' title='bbox 384 4686 490 4739; x_wconf 89' lang='lat' dir='ltr'><strong>sup</strong></span> <span class='ocrx_word' id='word_1_324' title='bbox 529 4673 681 4723; x_wconf 84' lang='lat' dir='ltr'><strong>orter</strong></span> <span class='ocrx_word' id='word_1_325' title='bbox 725 4670 807 4721; x_wconf 87' lang='lat' dir='ltr'><strong>les</strong></span> <span class='ocrx_word' id='word_1_326' title='bbox 850 4666 1074 4737; x_wconf 81' lang='lat' dir='ltr'><strong>charges</strong></span> <span class='ocrx_word' id='word_1_327' title='bbox 1121 4666 1190 4720; x_wconf 88' lang='lat' dir='ltr'><strong>de</strong></span> <span class='ocrx_word' id='word_1_328' title='bbox 1224 4682 1322 4720; x_wconf 83' lang='lat' dir='ltr'><strong>sou</strong></span> <span class='ocrx_word' id='word_1_329' title='bbox 1373 4666 1577 4735; x_wconf 77' lang='lat' dir='ltr'><strong>voiage.</strong></span> <span class='ocrx_word' id='word_1_330' title='bbox 1612 4694 1679 4706; x_wconf 92' lang='lat'><strong>—-</strong></span> <span class='ocrx_word' id='word_1_331' title='bbox 1714 4667 1864 4723; x_wconf 70' lang='lat' dir='ltr'><strong>Hist.</strong></span> <span class='ocrx_word' id='word_1_332' title='bbox 1898 4667 2017 4724; x_wconf 77' lang='lat' dir='ltr'><strong>eccl.</strong></span> <span class='ocrx_word' id='word_1_333' title='bbox 2051 4667 2093 4721; x_wconf 92' lang='lat'><strong>1.</strong></span> <span class='ocrx_word' id='word_1_334' title='bbox 2132 4666 2258 4722; x_wconf 79' lang='lat'>767:</span> 
     </span>
     <span class='ocr_line' id='line_1_48' title="bbox 308 4686 2259 4810; baseline -0.002 -15"><span class='ocrx_word' id='word_1_335' title='bbox 308 4739 441 4810; x_wconf 65' lang='lat' dir='ltr'><strong>Fre.</strong></span> <span class='ocrx_word' id='word_1_336' title='bbox 481 4686 558 4792; x_wconf 59' lang='grc' dir='ltr'><strong>ἕο</strong></span> <span class='ocrx_word' id='word_1_337' title='bbox 661 4737 752 4791; x_wconf 85' lang='grc'><strong>6111</strong></span> <span class='ocrx_word' id='word_1_338' title='bbox 804 4733 1111 4792; x_wconf 78' lang='lat' dir='ltr'><strong>surnomme</strong></span> <span class='ocrx_word' id='word_1_339' title='bbox 1147 4733 1392 4806; x_wconf 84' lang='lat' dir='ltr'><strong>Dagnon,</strong></span> <span class='ocrx_word' id='word_1_340' title='bbox 1437 4734 1651 4790; x_wconf 89' lang='lat' dir='ltr'><strong>homme</strong></span> <span class='ocrx_word' id='word_1_341' title='bbox 1686 4736 1755 4790; x_wconf 86' lang='lat' dir='ltr'><strong>de</strong></span> <span class='ocrx_word' id='word_1_342' title='bbox 1788 4737 1972 4791; x_wconf 84' lang='lat' dir='ltr'><strong>saveir</strong></span> <span class='ocrx_word' id='word_1_343' title='bbox 2005 4741 2063 4790; x_wconf 90' lang='lat' dir='ltr'><strong>et</strong></span> <span class='ocrx_word' id='word_1_344' title='bbox 2115 4736 2259 4791; x_wconf 83' lang='lat' dir='ltr'><strong>d&#39;ex·</strong></span> 
     </span>
     <span class='ocr_line' id='line_1_49' title="bbox 310 4803 2258 4946; baseline 0 -17"><span class='ocrx_word' id='word_1_345' title='bbox 310 4807 583 4946; x_wconf 41' lang='lat' dir='ltr'><strong>&amp;⁰⁶⁰⁰OE</strong></span> <span class='ocrx_word' id='word_1_346' title='bbox 635 4812 741 4927; x_wconf 63' lang='lat'><strong>3²33</strong></span> <span class='ocrx_word' id='word_1_347' title='bbox 766 4804 975 4927; x_wconf 44' lang='lat'><strong>⁰¹3³?</strong></span> <span class='ocrx_word' id='word_1_348' title='bbox 1014 4803 1351 4926; x_wconf 60' lang='grc' dir='ltr'><strong>ἓὲηῗῗῧῗθ</strong></span> <span class='ocrx_word' id='word_1_349' title='bbox 1373 4803 1687 4940; x_wconf 43' lang='lat' dir='ltr'><strong>&amp;Tm</strong></span> <span class='ocrx_word' id='word_1_350' title='bbox 1738 4822 1876 4927; x_wconf 58' lang='lat'><strong>23:¹¹·</strong></span> <span class='ocrx_word' id='word_1_351' title='bbox 1895 4805 2258 4929; x_wconf 50' lang='lat' dir='ltr'><strong>0¹5⁰”f2&#39;1‘t‘n‘</strong></span> 
     </span>
     <span class='ocr_line' id='line_1_50' title="bbox 588 4891 2258 4929; baseline 0.002 -4"><span class='ocrx_word' id='word_1_352' title='bbox 588 4914 599 4925; x_wconf 91' lang='lat'><strong>.</strong></span> <span class='ocrx_word' id='word_1_353' title='bbox 751 4894 763 4927; x_wconf 93' lang='lat'><strong>:</strong></span> <span class='ocrx_word' id='word_1_354' title='bbox 852 4915 865 4927; x_wconf 93' lang='lat'><strong>.</strong></span> <span class='ocrx_word' id='word_1_355' title='bbox 950 4911 968 4929; x_wconf 87' lang='lat'><strong>.</strong></span> <span class='ocrx_word' id='word_1_356' title='bbox 1682 4891 1719 4926; x_wconf 91' lang='lat' dir='ltr'><strong>n</strong></span> <span class='ocrx_word' id='word_1_357' title='bbox 1823 4891 1892 4926; x_wconf 85' lang='lat' dir='ltr'><strong>an</strong></span> <span class='ocrx_word' id='word_1_358' title='bbox 1928 4891 2017 4928; x_wconf 86' lang='lat' dir='ltr'><strong>me</strong></span> <span class='ocrx_word' id='word_1_359' title='bbox 2089 4891 2119 4928; x_wconf 91' lang='lat' dir='ltr'><strong>e</strong></span> <span class='ocrx_word' id='word_1_360' title='bbox 2206 4891 2258 4928; x_wconf 88' lang='lat' dir='ltr'><strong>e-</strong></span> 
     </span>
     <span class='ocr_line' id='line_1_51' title="bbox 312 4888 2257 5012; baseline -0.002 -11"><span class='ocrx_word' id='word_1_361' title='bbox 312 4963 459 5012; x_wconf 69' lang='grc'><strong>7616,</strong></span> <span class='ocrx_word' id='word_1_362' title='bbox 506 4960 565 4997; x_wconf 90' lang='lat' dir='ltr'><strong>se</strong></span> <span class='ocrx_word' id='word_1_363' title='bbox 609 4943 729 4998; x_wconf 76' lang='lat' dir='ltr'><strong>refu</strong></span> <span class='ocrx_word' id='word_1_364' title='bbox 770 4943 821 4994; x_wconf 84' lang='lat' dir='ltr'><strong>&#39;a</strong></span> <span class='ocrx_word' id='word_1_365' title='bbox 865 4940 897 4993; x_wconf 73' lang='lat' dir='ltr'><strong>a</strong></span> <span class='ocrx_word' id='word_1_366' title='bbox 932 4939 1164 4996; x_wconf 79' lang='lat' dir='ltr'><strong>Geneve.</strong></span> <span class='ocrx_word' id='word_1_367' title='bbox 1211 4888 1588 4995; x_wconf 62' lang='lat' dir='ltr'><strong>futgnministre</strong></span> <span class='ocrx_word' id='word_1_368' title='bbox 1622 4942 1656 4995; x_wconf 74' lang='lat' dir='ltr'><strong>a</strong></span> <span class='ocrx_word' id='word_1_369' title='bbox 1690 4943 1908 5012; x_wconf 81' lang='lat' dir='ltr'><strong>Bossey,</strong></span> <span class='ocrx_word' id='word_1_370' title='bbox 1958 4943 1991 4996; x_wconf 76' lang='lat' dir='ltr'><strong>a</strong></span> <span class='ocrx_word' id='word_1_371' title='bbox 2022 4944 2078 4998; x_wconf 91' lang='lat' dir='ltr'><strong>la</strong></span> <span class='ocrx_word' id='word_1_372' title='bbox 2112 4944 2257 5010; x_wconf 81' lang='lat' dir='ltr'><strong>ville,</strong></span> 
     </span>
     <span class='ocr_line' id='line_1_52' title="bbox 309 5010 2258 5081; baseline 0 -14"><span class='ocrx_word' id='word_1_373' title='bbox 309 5015 348 5069; x_wconf 69' lang='grc' dir='ltr'><em>ὲ</em></span> <span class='ocrx_word' id='word_1_374' title='bbox 381 5014 613 5080; x_wconf 80' lang='lat' dir='ltr'><strong>Ohesne,</strong></span> <span class='ocrx_word' id='word_1_375' title='bbox 667 5010 705 5066; x_wconf 68' lang='lat' dir='ltr'><strong>a</strong></span> <span class='ocrx_word' id='word_1_376' title='bbox 775 5026 919 5080; x_wconf 86' lang='lat' dir='ltr'><strong>ussy,</strong></span> <span class='ocrx_word' id='word_1_377' title='bbox 973 5015 1031 5064; x_wconf 91' lang='lat' dir='ltr'><strong>et</strong></span> <span class='ocrx_word' id='word_1_378' title='bbox 1081 5010 1351 5064; x_wconf 83' lang='lat' dir='ltr'><strong>demanda</strong></span> <span class='ocrx_word' id='word_1_379' title='bbox 1398 5027 1470 5064; x_wconf 91' lang='lat' dir='ltr'><strong>un</strong></span> <span class='ocrx_word' id='word_1_380' title='bbox 1524 5011 1694 5080; x_wconf 76' lang='lat' dir='ltr'><strong>conge</strong></span> <span class='ocrx_word' id='word_1_381' title='bbox 1745 5027 1883 5081; x_wconf 89' lang='lat' dir='ltr'><strong>pour</strong></span> <span class='ocrx_word' id='word_1_382' title='bbox 1925 5017 2142 5067; x_wconf 86' lang='lat' dir='ltr'><strong>rentrer</strong></span> <span class='ocrx_word' id='word_1_383' title='bbox 2190 5029 2258 5067; x_wconf 90' lang='lat' dir='ltr'><strong>en</strong></span> 
     </span>
     <span class='ocr_line' id='line_1_53' title="bbox 309 5078 2259 5152; baseline -0.002 -13"><span class='ocrx_word' id='word_1_384' title='bbox 309 5085 525 5139; x_wconf 79' lang='lat' dir='ltr'><strong>Franco</strong></span> <span class='ocrx_word' id='word_1_385' title='bbox 559 5080 630 5136; x_wconf 82' lang='grc'><strong>611</strong></span> <span class='ocrx_word' id='word_1_386' title='bbox 674 5081 715 5133; x_wconf 90' lang='grc'><strong>11</strong></span> <span class='ocrx_word' id='word_1_387' title='bbox 769 5079 1039 5133; x_wconf 80' lang='lat' dir='ltr'><strong>desservit</strong></span> <span class='ocrx_word' id='word_1_388' title='bbox 1071 5080 1152 5132; x_wconf 86' lang='lat' dir='ltr'><strong>les</strong></span> <span class='ocrx_word' id='word_1_389' title='bbox 1188 5078 1381 5148; x_wconf 77' lang='lat' dir='ltr'><strong>eglises</strong></span> <span class='ocrx_word' id='word_1_390' title='bbox 1417 5079 1485 5133; x_wconf 89' lang='lat' dir='ltr'><strong>de</strong></span> <span class='ocrx_word' id='word_1_391' title='bbox 1521 5079 1824 5135; x_wconf 84' lang='lat' dir='ltr'><strong>Chaumont</strong></span> <span class='ocrx_word' id='word_1_392' title='bbox 1858 5087 1917 5135; x_wconf 87' lang='lat' dir='ltr'><strong>et</strong></span> <span class='ocrx_word' id='word_1_393' title='bbox 1951 5082 2019 5136; x_wconf 84' lang='lat' dir='ltr'><strong>de</strong></span> <span class='ocrx_word' id='word_1_394' title='bbox 2056 5082 2259 5152; x_wconf 86' lang='lat' dir='ltr'><strong>Troyes</strong></span> 
     </span>
     <span class='ocr_line' id='line_1_54' title="bbox 310 5148 1130 5208; baseline -0.01 0"><span class='ocrx_word' id='word_1_395' title='bbox 310 5159 373 5208; x_wconf 87' lang='lat' dir='ltr'><strong>et</strong></span> <span class='ocrx_word' id='word_1_396' title='bbox 406 5150 574 5206; x_wconf 77' lang='lat' dir='ltr'><strong>fonds</strong></span> <span class='ocrx_word' id='word_1_397' title='bbox 607 5149 743 5203; x_wconf 90' lang='lat' dir='ltr'><strong>celle</strong></span> <span class='ocrx_word' id='word_1_398' title='bbox 777 5149 847 5202; x_wconf 87' lang='lat' dir='ltr'><strong>de</strong></span> <span class='ocrx_word' id='word_1_399' title='bbox 882 5148 1130 5203; x_wconf 75' lang='lat' dir='ltr'><strong>Moulins.</strong></span> 
     </span>
     <span class='ocr_line' id='line_1_55' title="bbox 521 5214 1260 5284; baseline -0.008 -11"><span class='ocrx_word' id='word_1_400' title='bbox 521 5218 582 5284; x_wconf 83' lang='lat'><strong>8)</strong></span> <span class='ocrx_word' id='word_1_401' title='bbox 619 5217 701 5275; x_wconf 77' lang='lat' dir='ltr'><strong>N.</strong></span> <span class='ocrx_word' id='word_1_402' title='bbox 731 5215 887 5275; x_wconf 79' lang='lat'><strong>3579.</strong></span> <span class='ocrx_word' id='word_1_403' title='bbox 920 5215 1074 5273; x_wconf 76' lang='lat'><strong>3594.</strong></span> <span class='ocrx_word' id='word_1_404' title='bbox 1106 5214 1260 5270; x_wconf 82' lang='lat'><strong>3599.</strong></span> 
     </span>
     <span class='ocr_line' id='line_1_56' title="bbox 521 5283 2260 5357; baseline 0.001 -15"><span class='ocrx_word' id='word_1_405' title='bbox 521 5287 581 5356; x_wconf 89' lang='grc'><strong>9)</strong></span> <span class='ocrx_word' id='word_1_406' title='bbox 624 5285 864 5357; x_wconf 73' lang='lat' dir='ltr'><strong>chancy,</strong></span> <span class='ocrx_word' id='word_1_407' title='bbox 921 5288 1000 5342; x_wconf 74' lang='lat' dir='ltr'><strong>aa</strong></span> <span class='ocrx_word' id='word_1_408' title='bbox 1046 5283 1393 5351; x_wconf 77' lang='lat' dir='ltr'><strong>Rhodanum,</strong></span> <span class='ocrx_word' id='word_1_409' title='bbox 1446 5286 1604 5341; x_wconf 75' lang='lat' dir='ltr'><strong>vicus</strong></span> <span class='ocrx_word' id='word_1_410' title='bbox 1650 5284 2043 5344; x_wconf 72' lang='lat' dir='ltr'><strong>Gmevensium</strong></span> <span class='ocrx_word' id='word_1_411' title='bbox 2088 5303 2260 5357; x_wconf 74' lang='lat' dir='ltr'><strong>prope</strong></span> 
     </span>
     <span class='ocr_line' id='line_1_57' title="bbox 307 5355 1297 5428; baseline -0.005 -13"><span class='ocrx_word' id='word_1_412' title='bbox 307 5361 452 5428; x_wconf 70' lang='lat' dir='ltr'><strong>fines</strong></span> <span class='ocrx_word' id='word_1_413' title='bbox 487 5355 824 5414; x_wconf 69' lang='lat' dir='ltr'><strong>Saoaudiao.</strong></span> <span class='ocrx_word' id='word_1_414' title='bbox 1296 5361 1297 5364; x_wconf 76' lang='grc'>’</span> 
     </span>
    </p>
   </div>
   <div class='ocr_carea' id='block_1_6' title="bbox 2011 421 2626 493">
    <p class='ocr_par' dir='ltr' id='par_1_8' title="bbox 2011 421 2626 493">
     <span class='ocr_line' id='line_1_58' title="bbox 2011 421 2626 493; baseline 0.005 -3"><span class='ocrx_word' id='word_1_415' title='bbox 2011 429 2168 493; x_wconf 85' lang='grc'><strong>1561</strong></span> <span class='ocrx_word' id='word_1_416' title='bbox 2212 421 2626 493; x_wconf 74' lang='lat' dir='ltr'><strong>NOVEMB.</strong></span> 
     </span>
    </p>
   </div>
   <div class='ocr_carea' id='block_1_7' title="bbox 2307 633 2325 5409">
    <p class='ocr_par' dir='ltr' id='par_1_9' title="bbox 2307 633 2325 5409">
     <span class='ocr_line' id='line_1_59' title="bbox 2307 633 2325 5409; baseline 0 0"><span class='ocrx_word' id='word_1_417' title='bbox 2307 633 2325 5409; x_wconf 95' lang='lat' dir='ltr'><strong> </strong></span> 
     </span>
    </p>
   </div>
   <div class='ocr_carea' id='block_1_8' title="bbox 4194 438 4317 503">
    <p class='ocr_par' dir='ltr' id='par_1_10' title="bbox 4194 438 4317 503">
     <span class='ocr_line' id='line_1_60' title="bbox 4194 438 4317 503; baseline 0.016 -1"><span class='ocrx_word' id='word_1_418' title='bbox 4194 438 4317 503; x_wconf 78' lang='lat'><strong>122</strong></span> 
     </span>
    </p>
   </div>
   <div class='ocr_carea' id='block_1_9' title="bbox 2368 612 4315 1203">
    <p class='ocr_par' dir='ltr' id='par_1_11' title="bbox 2368 612 4315 1203">
     <span class='ocr_line' id='line_1_61' title="bbox 2370 612 4315 708; baseline 0.005 -28"><span class='ocrx_word' id='word_1_419' title='bbox 2370 613 2642 681; x_wconf 78' lang='lat' dir='ltr'><strong>navensi</strong></span> <span class='ocrx_word' id='word_1_420' title='bbox 2675 633 2763 679; x_wconf 89' lang='lat' dir='ltr'><strong>an</strong></span> <span class='ocrx_word' id='word_1_421' title='bbox 2797 612 3142 696; x_wconf 86' lang='lat' dir='ltr'><strong>Beruensi,</strong></span> <span class='ocrx_word' id='word_1_422' title='bbox 3187 623 3447 702; x_wconf 86' lang='lat' dir='ltr'><strong>sumpto</strong></span> <span class='ocrx_word' id='word_1_423' title='bbox 3484 617 3740 688; x_wconf 84' lang='lat' dir='ltr'><strong>itineris</strong></span> <span class='ocrx_word' id='word_1_424' title='bbox 3776 617 3938 687; x_wconf 90' lang='lat' dir='ltr'><strong>duce</strong></span> <span class='ocrx_word' id='word_1_425' title='bbox 3972 621 4045 687; x_wconf 90' lang='lat' dir='ltr'><strong>in</strong></span> <span class='ocrx_word' id='word_1_426' title='bbox 4067 643 4315 708; x_wconf 86' lang='lat' dir='ltr'><strong>pagum</strong></span> 
     </span>
     <span class='ocr_line' id='line_1_62' title="bbox 2368 699 4314 791; baseline 0.006 -26"><span class='ocrx_word' id='word_1_427' title='bbox 2368 699 2758 766; x_wconf 86' lang='lat' dir='ltr'><strong>Lelusetum</strong></span> <span class='ocrx_word' id='word_1_428' title='bbox 2774 703 2867 780; x_wconf 82' lang='lat'><strong>¹⁰)</strong></span> <span class='ocrx_word' id='word_1_429' title='bbox 2910 700 3185 784; x_wconf 84' lang='lat' dir='ltr'><strong>profecti</strong></span> <span class='ocrx_word' id='word_1_430' title='bbox 3239 711 3409 777; x_wconf 89' lang='lat' dir='ltr'><strong>sunt,</strong></span> <span class='ocrx_word' id='word_1_431' title='bbox 3463 705 3578 771; x_wconf 91' lang='lat' dir='ltr'><strong>ubi</strong></span> <span class='ocrx_word' id='word_1_432' title='bbox 3620 726 3705 772; x_wconf 87' lang='lat' dir='ltr'><strong>ex</strong></span> <span class='ocrx_word' id='word_1_433' title='bbox 3747 708 3930 791; x_wconf 89' lang='lat' dir='ltr'><strong>equis</strong></span> <span class='ocrx_word' id='word_1_434' title='bbox 3974 707 4314 777; x_wconf 87' lang='lat' dir='ltr'><strong>duodecim</strong></span> 
     </span>
     <span class='ocr_line' id='line_1_63' title="bbox 2370 785 4313 869; baseline 0.006 -19"><span class='ocrx_word' id='word_1_435' title='bbox 2370 795 2506 851; x_wconf 86' lang='lat' dir='ltr'><strong>tres</strong></span> <span class='ocrx_word' id='word_1_436' title='bbox 2560 785 2968 869; x_wconf 86' lang='lat' dir='ltr'><strong>reliquerunt</strong></span> <span class='ocrx_word' id='word_1_437' title='bbox 3016 786 3403 854; x_wconf 89' lang='lat' dir='ltr'><strong>lassitudine</strong></span> <span class='ocrx_word' id='word_1_438' title='bbox 3458 792 3929 860; x_wconf 89' lang='lat' dir='ltr'><strong>semimortuos.</strong></span> <span class='ocrx_word' id='word_1_439' title='bbox 4023 794 4313 863; x_wconf 74' lang='lat' dir='ltr'><strong>Gallasio</strong></span> 
     </span>
     <span class='ocr_line' id='line_1_64' title="bbox 2368 869 4310 960; baseline 0.006 -24"><span class='ocrx_word' id='word_1_440' title='bbox 2368 870 2720 955; x_wconf 88' lang='lat' dir='ltr'><strong>plurimam</strong></span> <span class='ocrx_word' id='word_1_441' title='bbox 2756 869 3035 938; x_wconf 89' lang='lat' dir='ltr'><strong>salutem</strong></span> <span class='ocrx_word' id='word_1_442' title='bbox 3073 884 3141 939; x_wconf 87' lang='lat' dir='ltr'><strong>et</strong></span> <span class='ocrx_word' id='word_1_443' title='bbox 3174 874 3661 960; x_wconf 89' lang='lat' dir='ltr'><strong>quibuscunque</strong></span> <span class='ocrx_word' id='word_1_444' title='bbox 3695 880 4045 946; x_wconf 85' lang='lat' dir='ltr'><strong>censueris.</strong></span> <span class='ocrx_word' id='word_1_445' title='bbox 4110 880 4310 948; x_wconf 88' lang='lat' dir='ltr'><strong>Vale-</strong></span> 
     </span>
     <span class='ocr_line' id='line_1_65' title="bbox 2369 955 4314 1049; baseline 0.005 -27"><span class='ocrx_word' id='word_1_446' title='bbox 2369 955 2601 1036; x_wconf 88' lang='lat' dir='ltr'><strong>tudini,</strong></span> <span class='ocrx_word' id='word_1_447' title='bbox 2646 958 2896 1037; x_wconf 78' lang='lat' dir='ltr'><strong>amabe,</strong></span> <span class='ocrx_word' id='word_1_448' title='bbox 2942 960 3225 1039; x_wconf 90' lang='lat' dir='ltr'><strong>consule,</strong></span> <span class='ocrx_word' id='word_1_449' title='bbox 3272 982 3353 1027; x_wconf 89' lang='lat' dir='ltr'><strong>ne</strong></span> <span class='ocrx_word' id='word_1_450' title='bbox 3388 968 3452 1027; x_wconf 89' lang='lat' dir='ltr'><strong>te</strong></span> <span class='ocrx_word' id='word_1_451' title='bbox 3487 960 3674 1027; x_wconf 88' lang='lat' dir='ltr'><strong>obrui</strong></span> <span class='ocrx_word' id='word_1_452' title='bbox 3709 964 3886 1030; x_wconf 89' lang='lat' dir='ltr'><strong>sinas</strong></span> <span class='ocrx_word' id='word_1_453' title='bbox 3921 966 4314 1049; x_wconf 86' lang='lat' dir='ltr'><strong>importunis</strong></span> 
     </span>
     <span class='ocr_line' id='line_1_66' title="bbox 2369 1043 4312 1128; baseline 0.005 -20"><span class='ocrx_word' id='word_1_454' title='bbox 2369 1043 2717 1118; x_wconf 84' lang='lat' dir='ltr'><strong>laboribus,</strong></span> <span class='ocrx_word' id='word_1_455' title='bbox 2786 1065 2997 1128; x_wconf 90' lang='lat' dir='ltr'><strong>neque</strong></span> <span class='ocrx_word' id='word_1_456' title='bbox 3056 1046 3229 1110; x_wconf 90' lang='lat' dir='ltr'><strong>enim</strong></span> <span class='ocrx_word' id='word_1_457' title='bbox 3289 1047 3431 1112; x_wconf 91' lang='lat' dir='ltr'><strong>sine</strong></span> <span class='ocrx_word' id='word_1_458' title='bbox 3474 1047 3746 1114; x_wconf 88' lang='lat' dir='ltr'><strong>tristitia</strong></span> <span class='ocrx_word' id='word_1_459' title='bbox 3790 1050 3979 1116; x_wconf 87' lang='lat' dir='ltr'><strong>audio</strong></span> <span class='ocrx_word' id='word_1_460' title='bbox 4022 1061 4088 1116; x_wconf 90' lang='lat' dir='ltr'><strong>te</strong></span> <span class='ocrx_word' id='word_1_461' title='bbox 4128 1060 4312 1119; x_wconf 87' lang='lat' dir='ltr'><strong>exte-</strong></span> 
     </span>
     <span class='ocr_line' id='line_1_67' title="bbox 2371 1129 4200 1203; baseline 0.005 -10"><span class='ocrx_word' id='word_1_462' title='bbox 2371 1140 2648 1196; x_wconf 88' lang='lat' dir='ltr'><strong>nuatum</strong></span> <span class='ocrx_word' id='word_1_463' title='bbox 2694 1143 2861 1195; x_wconf 76' lang='lat' dir='ltr'><strong>esse.‘</strong></span> <span class='ocrx_word' id='word_1_464' title='bbox 2942 1129 3195 1196; x_wconf 89' lang='lat' dir='ltr'><strong>Iterum</strong></span> <span class='ocrx_word' id='word_1_465' title='bbox 3238 1132 3390 1197; x_wconf 80' lang='lat' dir='ltr'><strong>vale</strong></span> <span class='ocrx_word' id='word_1_466' title='bbox 3441 1137 3533 1198; x_wconf 88' lang='lat'><strong>19.</strong></span> <span class='ocrx_word' id='word_1_467' title='bbox 3582 1133 3973 1203; x_wconf 80' lang='lat' dir='ltr'><strong>Novembris</strong></span> <span class='ocrx_word' id='word_1_468' title='bbox 4023 1141 4200 1203; x_wconf 85' lang='lat'><strong>1561.</strong></span> 
     </span>
    </p>
   </div>
   <div class='ocr_carea' id='block_1_10' title="bbox 3289 1237 4137 1341">
    <p class='ocr_par' dir='ltr' id='par_1_12' title="bbox 3289 1237 4137 1341">
     <span class='ocr_line' id='line_1_68' title="bbox 3289 1237 4137 1341; baseline 0.006 -6"><span class='ocrx_word' id='word_1_469' title='bbox 3289 1237 3565 1338; x_wconf 80' lang='lat' dir='ltr'><strong>Carolus</strong></span> <span class='ocrx_word' id='word_1_470' title='bbox 3599 1271 3933 1340; x_wconf 85' lang='lat' dir='ltr'><strong>Passelius</strong></span> <span class='ocrx_word' id='word_1_471' title='bbox 3969 1284 4137 1341; x_wconf 89' lang='lat' dir='ltr'><strong>tuus.</strong></span> 
     </span>
    </p>
   </div>
   <div class='ocr_carea' id='block_1_11' title="bbox 2366 1815 4305 2044">
    <p class='ocr_par' dir='ltr' id='par_1_13' title="bbox 2366 1815 4305 2044">
     <span class='ocr_line' id='line_1_69' title="bbox 3241 1815 3440 1888; baseline 0.015 -3"><span class='ocrx_word' id='word_1_472' title='bbox 3241 1815 3440 1888; x_wconf 81' lang='grc'><strong>3618.</strong></span> 
     </span>
     <span class='ocr_line' id='line_1_70' title="bbox 2366 1969 4305 2044; baseline 0.005 -9"><span class='ocrx_word' id='word_1_473' title='bbox 2366 1969 2719 2035; x_wconf 84' lang='lat' dir='ltr'><strong>OALVIN</strong></span> <span class='ocrx_word' id='word_1_474' title='bbox 2764 1970 2961 2037; x_wconf 83' lang='lat' dir='ltr'><strong>AUX</strong></span> <span class='ocrx_word' id='word_1_475' title='bbox 3003 1970 3511 2039; x_wconf 71' lang='lat' dir='ltr'><strong>MINISTRES</strong></span> <span class='ocrx_word' id='word_1_476' title='bbox 3555 1972 3682 2037; x_wconf 84' lang='lat' dir='ltr'><strong>DE</strong></span> <span class='ocrx_word' id='word_1_477' title='bbox 3728 1973 4305 2044; x_wconf 81' lang='lat' dir='ltr'><strong>NEUOHA&#39;PEL.</strong></span> 
     </span>
    </p>
   </div>
   <div class='ocr_carea' id='block_1_12' title="bbox 2366 2141 4307 2311">
    <p class='ocr_par' dir='ltr' id='par_1_14' title="bbox 2366 2141 4307 2311">
     <span class='ocr_line' id='line_1_71' title="bbox 2540 2141 4307 2230; baseline 0.007 -26"><span class='ocrx_word' id='word_1_478' title='bbox 2540 2141 2618 2204; x_wconf 84' lang='lat' dir='ltr'><strong>Il</strong></span> <span class='ocrx_word' id='word_1_479' title='bbox 2674 2142 2907 2222; x_wconf 70' lang='lat' dir='ltr'><strong>appuis</strong></span> <span class='ocrx_word' id='word_1_480' title='bbox 2961 2141 3026 2206; x_wconf 80' lang='lat' dir='ltr'><strong>la</strong></span> <span class='ocrx_word' id='word_1_481' title='bbox 3073 2143 3376 2209; x_wconf 73' lang='lat' dir='ltr'><strong>demando</strong></span> <span class='ocrx_word' id='word_1_482' title='bbox 3428 2145 3505 2209; x_wconf 82' lang='lat' dir='ltr'><strong>de</strong></span> <span class='ocrx_word' id='word_1_483' title='bbox 3566 2142 3798 2227; x_wconf 62' lang='lat' dir='ltr'><strong>delise</strong></span> <span class='ocrx_word' id='word_1_484' title='bbox 3840 2146 3915 2212; x_wconf 80' lang='lat' dir='ltr'><strong>de</strong></span> <span class='ocrx_word' id='word_1_485' title='bbox 3951 2145 4147 2226; x_wconf 60' lang='lat' dir='ltr'><strong>flens,</strong></span> <span class='ocrx_word' id='word_1_486' title='bbox 4196 2148 4307 2230; x_wconf 78' lang='lat' dir='ltr'><strong>qm&#39;</strong></span> 
     </span>
     <span class='ocr_line' id='line_1_72' title="bbox 2366 2226 3693 2311; baseline 0.003 -20"><span class='ocrx_word' id='word_1_487' title='bbox 2366 2226 2668 2293; x_wconf 71' lang='lat' dir='ltr'><strong>amande</strong></span> <span class='ocrx_word' id='word_1_488' title='bbox 2709 2227 2765 2292; x_wconf 83' lang='lat' dir='ltr'><strong>le</strong></span> <span class='ocrx_word' id='word_1_489' title='bbox 2805 2228 3090 2292; x_wconf 78' lang='lat' dir='ltr'><strong>ministre</strong></span> <span class='ocrx_word' id='word_1_490' title='bbox 3131 2228 3208 2293; x_wconf 79' lang='lat' dir='ltr'><strong>de</strong></span> <span class='ocrx_word' id='word_1_491' title='bbox 3249 2229 3316 2294; x_wconf 82' lang='lat' dir='ltr'><strong>la</strong></span> <span class='ocrx_word' id='word_1_492' title='bbox 3358 2226 3610 2296; x_wconf 74' lang='lat' dir='ltr'><strong>Brosse.</strong></span> <span class='ocrx_word' id='word_1_493' title='bbox 3641 2231 3693 2311; x_wconf 87' lang='lat'><strong>¹)</strong></span> 
     </span>
    </p>
   </div>
   <div class='ocr_carea' id='block_1_13' title="bbox 2367 2397 4304 2537">
    <p class='ocr_par' dir='ltr' id='par_1_15' title="bbox 2367 2397 4304 2537">
     <span class='ocr_line' id='line_1_73' title="bbox 2367 2397 4304 2468; baseline 0.002 -17"><span class='ocrx_word' id='word_1_494' title='bbox 2367 2397 2631 2468; x_wconf 86' lang='lat' dir='ltr'><strong>(Orginal.</strong></span> <span class='ocrx_word' id='word_1_495' title='bbox 2666 2397 2808 2451; x_wconf 89' lang='lat' dir='ltr'><strong>Bibl.</strong></span> <span class='ocrx_word' id='word_1_496' title='bbox 2846 2397 2914 2451; x_wconf 87' lang='lat' dir='ltr'><strong>de</strong></span> <span class='ocrx_word' id='word_1_497' title='bbox 2949 2398 3005 2451; x_wconf 87' lang='lat' dir='ltr'><strong>la</strong></span> <span class='ocrx_word' id='word_1_498' title='bbox 3038 2397 3367 2468; x_wconf 79' lang='lat' dir='ltr'><strong>Compagnie</strong></span> <span class='ocrx_word' id='word_1_499' title='bbox 3402 2400 3472 2454; x_wconf 87' lang='grc'><strong>(16</strong></span> <span class='ocrx_word' id='word_1_500' title='bbox 3504 2400 3817 2455; x_wconf 74' lang='lat' dir='ltr'><strong>Neuchatel.</strong></span> <span class='ocrx_word' id='word_1_501' title='bbox 3855 2400 3980 2455; x_wconf 84' lang='lat' dir='ltr'><strong>Vol.</strong></span> <span class='ocrx_word' id='word_1_502' title='bbox 4012 2404 4081 2456; x_wconf 79' lang='lat' dir='ltr'><strong>A.</strong></span> <span class='ocrx_word' id='word_1_503' title='bbox 4102 2402 4169 2457; x_wconf 86' lang='lat' dir='ltr'><strong>N.</strong></span> <span class='ocrx_word' id='word_1_504' title='bbox 4188 2400 4304 2455; x_wconf 90' lang='lat'><strong>101.</strong></span> 
     </span>
     <span class='ocr_line' id='line_1_74' title="bbox 2632 2464 4031 2537; baseline 0.004 -17"><span class='ocrx_word' id='word_1_505' title='bbox 2632 2464 3003 2536; x_wconf 88' lang='lat' dir='ltr'><strong>Souscription</strong></span> <span class='ocrx_word' id='word_1_506' title='bbox 3040 2469 3390 2537; x_wconf 79' lang='lat' dir='ltr'><strong>autographo.</strong></span> <span class='ocrx_word' id='word_1_507' title='bbox 3430 2497 3494 2507; x_wconf 92' lang='lat'>—</span> <span class='ocrx_word' id='word_1_508' title='bbox 3530 2470 3749 2524; x_wconf 83' lang='lat' dir='ltr'><strong>Bonnet</strong></span> <span class='ocrx_word' id='word_1_509' title='bbox 3779 2469 3847 2524; x_wconf 91' lang='grc' dir='ltr'><strong>Π.</strong></span> <span class='ocrx_word' id='word_1_510' title='bbox 3884 2468 4031 2537; x_wconf 73' lang='lat'><strong>435.)</strong></span> 
     </span>
    </p>
   </div>
   <div class='ocr_carea' id='block_1_14' title="bbox 2367 2637 4308 2898">
    <p class='ocr_par' dir='ltr' id='par_1_16' title="bbox 2367 2637 4308 2898">
     <span class='ocr_line' id='line_1_75' title="bbox 2367 2637 4308 2726; baseline 0.002 -22"><span class='ocrx_word' id='word_1_511' title='bbox 2367 2639 2473 2704; x_wconf 83' lang='lat' dir='ltr'><strong>La</strong></span> <span class='ocrx_word' id='word_1_512' title='bbox 2529 2637 2833 2704; x_wconf 87' lang='lat' dir='ltr'><strong>dilection</strong></span> <span class='ocrx_word' id='word_1_513' title='bbox 2890 2637 2970 2703; x_wconf 90' lang='lat' dir='ltr'><strong>de</strong></span> <span class='ocrx_word' id='word_1_514' title='bbox 3028 2637 3203 2704; x_wconf 92' lang='lat' dir='ltr'><strong>Dieu</strong></span> <span class='ocrx_word' id='word_1_515' title='bbox 3247 2648 3469 2705; x_wconf 88' lang='lat' dir='ltr'><strong>nostre</strong></span> <span class='ocrx_word' id='word_1_516' title='bbox 3524 2660 3680 2724; x_wconf 87' lang='lat' dir='ltr'><strong>pere</strong></span> <span class='ocrx_word' id='word_1_517' title='bbox 3734 2648 3803 2707; x_wconf 90' lang='lat' dir='ltr'><strong>et</strong></span> <span class='ocrx_word' id='word_1_518' title='bbox 3853 2642 3920 2706; x_wconf 90' lang='lat' dir='ltr'><strong>la</strong></span> <span class='ocrx_word' id='word_1_519' title='bbox 3977 2662 4170 2726; x_wconf 86' lang='lat' dir='ltr'><strong>grace</strong></span> <span class='ocrx_word' id='word_1_520' title='bbox 4227 2640 4308 2707; x_wconf 89' lang='lat' dir='ltr'><strong>de</strong></span> 
     </span>
     <span class='ocr_line' id='line_1_76' title="bbox 2367 2722 4308 2808; baseline 0.003 -19"><span class='ocrx_word' id='word_1_521' title='bbox 2367 2731 2592 2790; x_wconf 89' lang='lat' dir='ltr'><strong>nostre</strong></span> <span class='ocrx_word' id='word_1_522' title='bbox 2655 2722 2984 2808; x_wconf 82' lang='lat' dir='ltr'><strong>Seigneur</strong></span> <span class='ocrx_word' id='word_1_523' title='bbox 3046 2724 3235 2790; x_wconf 89' lang='lat' dir='ltr'><strong>Iesus</strong></span> <span class='ocrx_word' id='word_1_524' title='bbox 3304 2724 3534 2791; x_wconf 83' lang='lat' dir='ltr'><strong>Christ</strong></span> <span class='ocrx_word' id='word_1_525' title='bbox 3599 2727 3728 2793; x_wconf 89' lang='lat' dir='ltr'><strong>soit</strong></span> <span class='ocrx_word' id='word_1_526' title='bbox 3792 2729 4117 2794; x_wconf 89' lang='lat' dir='ltr'><strong>tousiours</strong></span> <span class='ocrx_word' id='word_1_527' title='bbox 4192 2749 4308 2794; x_wconf 89' lang='lat' dir='ltr'><strong>sur</strong></span> 
     </span>
     <span class='ocr_line' id='line_1_77' title="bbox 2559 2810 4110 2898; baseline 0.002 -23"><span class='ocrx_word' id='word_1_528' title='bbox 2559 2831 2725 2875; x_wconf 86' lang='lat' dir='ltr'><strong>vous</strong></span> <span class='ocrx_word' id='word_1_529' title='bbox 2769 2831 2887 2893; x_wconf 88' lang='lat' dir='ltr'><strong>par</strong></span> <span class='ocrx_word' id='word_1_530' title='bbox 2929 2810 2995 2876; x_wconf 89' lang='lat' dir='ltr'><strong>la</strong></span> <span class='ocrx_word' id='word_1_531' title='bbox 3040 2811 3587 2878; x_wconf 88' lang='lat' dir='ltr'><strong>communication</strong></span> <span class='ocrx_word' id='word_1_532' title='bbox 3623 2811 3713 2878; x_wconf 92' lang='lat' dir='ltr'><strong>du</strong></span> <span class='ocrx_word' id='word_1_533' title='bbox 3757 2810 3828 2879; x_wconf 80' lang='lat' dir='ltr'><strong>S.</strong></span> <span class='ocrx_word' id='word_1_534' title='bbox 3866 2813 4110 2898; x_wconf 86' lang='lat' dir='ltr'><strong>Esprit.</strong></span> 
     </span>
    </p>
   </div>
   <div class='ocr_carea' id='block_1_15' title="bbox 2360 2980 4309 3738">
    <p class='ocr_par' dir='ltr' id='par_1_17' title="bbox 2360 2980 4309 3738">
     <span class='ocr_line' id='line_1_78' title="bbox 2539 2980 4305 3069; baseline 0.003 -23"><span class='ocrx_word' id='word_1_535' title='bbox 2539 2980 2893 3047; x_wconf 80' lang='lat' dir='ltr'><strong>&#39;Preschers</strong></span> <span class='ocrx_word' id='word_1_536' title='bbox 2936 2988 3001 3047; x_wconf 85' lang='lat' dir='ltr'><strong>et</strong></span> <span class='ocrx_word' id='word_1_537' title='bbox 3043 2981 3327 3049; x_wconf 84' lang='lat' dir='ltr'><strong>honorez</strong></span> <span class='ocrx_word' id='word_1_538' title='bbox 3385 2982 3608 3063; x_wconf 77' lang='lat' dir='ltr'><strong>freres,</strong></span> <span class='ocrx_word' id='word_1_539' title='bbox 3674 2985 3971 3050; x_wconf 88' lang='lat' dir='ltr'><strong>combien</strong></span> <span class='ocrx_word' id='word_1_540' title='bbox 4014 3005 4142 3069; x_wconf 90' lang='lat' dir='ltr'><strong>que</strong></span> <span class='ocrx_word' id='word_1_541' title='bbox 4184 3005 4305 3051; x_wconf 84' lang='lat' dir='ltr'><strong>noz</strong></span> 
     </span>
     <span class='ocr_line' id='line_1_79' title="bbox 2365 3065 4308 3156; baseline 0.002 -22"><span class='ocrx_word' id='word_1_542' title='bbox 2365 3068 2571 3135; x_wconf 80' lang='lat' dir='ltr'><strong>freres</strong></span> <span class='ocrx_word' id='word_1_543' title='bbox 2626 3067 2706 3133; x_wconf 92' lang='lat' dir='ltr'><strong>de</strong></span> <span class='ocrx_word' id='word_1_544' title='bbox 2763 3065 2933 3133; x_wconf 81' lang='lat' dir='ltr'><strong>Sens</strong></span> <span class='ocrx_word' id='word_1_545' title='bbox 2976 3068 3088 3150; x_wconf 89' lang='lat' dir='ltr'><strong>qui</strong></span> <span class='ocrx_word' id='word_1_546' title='bbox 3131 3077 3246 3134; x_wconf 90' lang='lat' dir='ltr'><strong>ont</strong></span> <span class='ocrx_word' id='word_1_547' title='bbox 3289 3089 3541 3153; x_wconf 83' lang='lat' dir='ltr'><strong>envoye</strong></span> <span class='ocrx_word' id='word_1_548' title='bbox 3583 3091 3657 3136; x_wconf 90' lang='lat' dir='ltr'><strong>ce</strong></span> <span class='ocrx_word' id='word_1_549' title='bbox 3696 3089 4032 3156; x_wconf 87' lang='lat' dir='ltr'><strong>messager</strong></span> <span class='ocrx_word' id='word_1_550' title='bbox 4072 3092 4308 3155; x_wconf 86' lang='lat' dir='ltr'><strong>expres</strong></span> 
     </span>
     <span class='ocr_line' id='line_1_80' title="bbox 2367 3153 4308 3242; baseline 0.003 -24"><span class='ocrx_word' id='word_1_551' title='bbox 2367 3175 2453 3219; x_wconf 91' lang='lat' dir='ltr'><strong>ne</strong></span> <span class='ocrx_word' id='word_1_552' title='bbox 2486 3175 2650 3221; x_wconf 84' lang='lat' dir='ltr'><strong>vous</strong></span> <span class='ocrx_word' id='word_1_553' title='bbox 2685 3159 2886 3238; x_wconf 78' lang='lat' dir='ltr'><strong>ayant</strong></span> <span class='ocrx_word' id='word_1_554' title='bbox 2927 3155 3111 3235; x_wconf 90' lang='lat' dir='ltr'><strong>point</strong></span> <span class='ocrx_word' id='word_1_555' title='bbox 3152 3153 3367 3236; x_wconf 89' lang='lat' dir='ltr'><strong>escrit,</strong></span> <span class='ocrx_word' id='word_1_556' title='bbox 3409 3155 3469 3219; x_wconf 89' lang='lat' dir='ltr'><strong>ie</strong></span> <span class='ocrx_word' id='word_1_557' title='bbox 3513 3178 3676 3223; x_wconf 85' lang='lat' dir='ltr'><strong>vous</strong></span> <span class='ocrx_word' id='word_1_558' title='bbox 3755 3157 3977 3242; x_wconf 77' lang='lat' dir='ltr'><strong>rieray</strong></span> <span class='ocrx_word' id='word_1_559' title='bbox 4011 3157 4094 3222; x_wconf 87' lang='lat' dir='ltr'><strong>de</strong></span> <span class='ocrx_word' id='word_1_560' title='bbox 4128 3176 4308 3223; x_wconf 89' lang='lat' dir='ltr'><strong>rece-</strong></span> 
     </span>
     <span class='ocr_line' id='line_1_81' title="bbox 2365 3238 4308 3328; baseline 0.002 -22"><span class='ocrx_word' id='word_1_561' title='bbox 2365 3242 2512 3306; x_wconf 84' lang='lat' dir='ltr'><strong>voir</strong></span> <span class='ocrx_word' id='word_1_562' title='bbox 2574 3238 2719 3306; x_wconf 87' lang='lat' dir='ltr'><strong>leur</strong></span> <span class='ocrx_word' id='word_1_563' title='bbox 2780 3247 3101 3323; x_wconf 87' lang='lat' dir='ltr'><strong>requeste,</strong></span> <span class='ocrx_word' id='word_1_564' title='bbox 3145 3260 3395 3305; x_wconf 90' lang='lat' dir='ltr'><strong>comme</strong></span> <span class='ocrx_word' id='word_1_565' title='bbox 3457 3241 3513 3307; x_wconf 92' lang='lat' dir='ltr'><strong>si</strong></span> <span class='ocrx_word' id='word_1_566' title='bbox 3571 3263 3646 3309; x_wconf 92' lang='lat' dir='ltr'><strong>ce</strong></span> <span class='ocrx_word' id='word_1_567' title='bbox 3745 3242 3926 3308; x_wconf 81' lang='lat' dir='ltr'><strong>efaut</strong></span> <span class='ocrx_word' id='word_1_568' title='bbox 3968 3244 4058 3328; x_wconf 84' lang='lat' dir='ltr'><strong>n’j</strong></span> <span class='ocrx_word' id='word_1_569' title='bbox 4112 3244 4308 3310; x_wconf 86' lang='lat' dir='ltr'><strong>estoit</strong></span> 
     </span>
     <span class='ocr_line' id='line_1_82' title="bbox 2364 3324 4309 3411; baseline 0.002 -20"><span class='ocrx_word' id='word_1_570' title='bbox 2364 3326 2570 3410; x_wconf 90' lang='lat' dir='ltr'><strong>point,</strong></span> <span class='ocrx_word' id='word_1_571' title='bbox 2626 3326 2837 3410; x_wconf 90' lang='lat' dir='ltr'><strong>lequel</strong></span> <span class='ocrx_word' id='word_1_572' title='bbox 2882 3333 2982 3392; x_wconf 87' lang='lat' dir='ltr'><strong>cst</strong></span> <span class='ocrx_word' id='word_1_573' title='bbox 3024 3324 3286 3392; x_wconf 81' lang='lat' dir='ltr'><strong>advenu</strong></span> <span class='ocrx_word' id='word_1_574' title='bbox 3325 3347 3447 3411; x_wconf 87' lang='lat' dir='ltr'><strong>par</strong></span> <span class='ocrx_word' id='word_1_575' title='bbox 3487 3327 3971 3411; x_wconf 85' lang='lat' dir='ltr'><strong>inadvertence,</strong></span> <span class='ocrx_word' id='word_1_576' title='bbox 4033 3328 4309 3395; x_wconf 88' lang='lat' dir='ltr'><strong>dautent</strong></span> 
     </span>
     <span class='ocr_line' id='line_1_83' title="bbox 2363 3411 4305 3498; baseline 0.001 -20"><span class='ocrx_word' id='word_1_577' title='bbox 2363 3412 2534 3496; x_wconf 88' lang='lat' dir='ltr'><strong>quils</strong></span> <span class='ocrx_word' id='word_1_578' title='bbox 2597 3432 2683 3478; x_wconf 90' lang='lat' dir='ltr'><strong>ne</strong></span> <span class='ocrx_word' id='word_1_579' title='bbox 2748 3418 2979 3478; x_wconf 86' lang='lat' dir='ltr'><strong>savent</strong></span> <span class='ocrx_word' id='word_1_580' title='bbox 3042 3412 3188 3477; x_wconf 88' lang='lat' dir='ltr'><strong>rien</strong></span> <span class='ocrx_word' id='word_1_581' title='bbox 3253 3411 3336 3477; x_wconf 89' lang='lat' dir='ltr'><strong>de</strong></span> <span class='ocrx_word' id='word_1_582' title='bbox 3400 3412 3596 3479; x_wconf 87' lang='lat' dir='ltr'><strong>lestat</strong></span> <span class='ocrx_word' id='word_1_583' title='bbox 3661 3411 3742 3480; x_wconf 88' lang='lat' dir='ltr'><strong>de</strong></span> <span class='ocrx_word' id='word_1_584' title='bbox 3806 3434 3928 3498; x_wconf 84' lang='lat' dir='ltr'><strong>par</strong></span> <span class='ocrx_word' id='word_1_585' title='bbox 3984 3413 4169 3481; x_wconf 86' lang='lat' dir='ltr'><strong>deca:</strong></span> <span class='ocrx_word' id='word_1_586' title='bbox 4237 3422 4305 3480; x_wconf 90' lang='lat' dir='ltr'><strong>et</strong></span> 
     </span>
     <span class='ocr_line' id='line_1_84' title="bbox 2363 3496 4303 3584; baseline 0.002 -21"><span class='ocrx_word' id='word_1_587' title='bbox 2363 3506 2672 3582; x_wconf 88' lang='lat' dir='ltr'><strong>pourtant</strong></span> <span class='ocrx_word' id='word_1_588' title='bbox 2715 3518 2785 3564; x_wconf 91' lang='lat' dir='ltr'><strong>se</strong></span> <span class='ocrx_word' id='word_1_589' title='bbox 2839 3505 2989 3563; x_wconf 90' lang='lat' dir='ltr'><strong>sont</strong></span> <span class='ocrx_word' id='word_1_590' title='bbox 3044 3496 3387 3564; x_wconf 82' lang='lat' dir='ltr'><strong>addressez</strong></span> <span class='ocrx_word' id='word_1_591' title='bbox 3445 3521 3485 3564; x_wconf 84' lang='lat' dir='ltr'><strong>a</strong></span> <span class='ocrx_word' id='word_1_592' title='bbox 3525 3519 3680 3584; x_wconf 81' lang='lat' dir='ltr'><strong>moy</strong></span> <span class='ocrx_word' id='word_1_593' title='bbox 3723 3520 3795 3565; x_wconf 90' lang='lat' dir='ltr'><strong>se</strong></span> <span class='ocrx_word' id='word_1_594' title='bbox 3839 3502 4128 3567; x_wconf 90' lang='lat' dir='ltr'><strong>confiant</strong></span> <span class='ocrx_word' id='word_1_595' title='bbox 4179 3519 4303 3583; x_wconf 90' lang='lat' dir='ltr'><strong>que</strong></span> 
     </span>
     <span class='ocr_line' id='line_1_85' title="bbox 2360 3583 4300 3670; baseline -0.001 -18"><span class='ocrx_word' id='word_1_596' title='bbox 2360 3586 2424 3652; x_wconf 89' lang='lat' dir='ltr'><strong>ie</strong></span> <span class='ocrx_word' id='word_1_597' title='bbox 2478 3585 2699 3669; x_wconf 79' lang='lat' dir='ltr'><strong>feroye</strong></span> <span class='ocrx_word' id='word_1_598' title='bbox 2754 3604 2838 3648; x_wconf 88' lang='lat' dir='ltr'><strong>en</strong></span> <span class='ocrx_word' id='word_1_599' title='bbox 2890 3583 3037 3649; x_wconf 89' lang='lat' dir='ltr'><strong>leur</strong></span> <span class='ocrx_word' id='word_1_600' title='bbox 3090 3605 3246 3649; x_wconf 91' lang='lat' dir='ltr'><strong>nom</strong></span> <span class='ocrx_word' id='word_1_601' title='bbox 3301 3591 3448 3649; x_wconf 90' lang='lat' dir='ltr'><strong>tout</strong></span> <span class='ocrx_word' id='word_1_602' title='bbox 3503 3606 3576 3652; x_wconf 91' lang='lat' dir='ltr'><strong>ce</strong></span> <span class='ocrx_word' id='word_1_603' title='bbox 3633 3587 3743 3670; x_wconf 90' lang='lat' dir='ltr'><strong>qui</strong></span> <span class='ocrx_word' id='word_1_604' title='bbox 3802 3587 4002 3650; x_wconf 89' lang='lat' dir='ltr'><strong>seroit</strong></span> <span class='ocrx_word' id='word_1_605' title='bbox 4057 3586 4300 3652; x_wconf 90' lang='lat' dir='ltr'><strong>besoin.</strong></span> 
     </span>
     <span class='ocr_line' id='line_1_86' title="bbox 2361 3669 4306 3738; baseline 0.001 -2"><span class='ocrx_word' id='word_1_606' title='bbox 2361 3669 2462 3736; x_wconf 89' lang='lat' dir='ltr'><strong>Or</strong></span> <span class='ocrx_word' id='word_1_607' title='bbox 2492 3671 2575 3736; x_wconf 90' lang='lat' dir='ltr'><strong>ils</strong></span> <span class='ocrx_word' id='word_1_608' title='bbox 2609 3669 2899 3736; x_wconf 86' lang='lat' dir='ltr'><strong>desirent</strong></span> <span class='ocrx_word' id='word_1_609' title='bbox 2930 3690 3015 3735; x_wconf 91' lang='lat' dir='ltr'><strong>en</strong></span> <span class='ocrx_word' id='word_1_610' title='bbox 3050 3690 3297 3736; x_wconf 90' lang='lat' dir='ltr'><strong>somme</strong></span> <span class='ocrx_word' id='word_1_611' title='bbox 3332 3669 3562 3738; x_wconf 82' lang='lat' dir='ltr'><strong>davoir</strong></span> <span class='ocrx_word' id='word_1_612' title='bbox 3595 3679 3819 3737; x_wconf 89' lang='lat' dir='ltr'><strong>nostre</strong></span> <span class='ocrx_word' id='word_1_613' title='bbox 3836 3672 4008 3738; x_wconf 82' lang='lat' dir='ltr'><strong>frere</strong></span> <span class='ocrx_word' id='word_1_614' title='bbox 4029 3672 4306 3737; x_wconf 80' lang='lat' dir='ltr'><strong>Maistre</strong></span> 
     </span>
    </p>
   </div>
   <div class='ocr_carea' id='block_1_16' title="bbox 2360 3755 4412 3841">
    <p class='ocr_par' dir='ltr' id='par_1_18' title="bbox 2360 3755 4412 3841">
     <span class='ocr_line' id='line_1_87' title="bbox 2360 3755 4412 3841; baseline 0.001 -19"><span class='ocrx_word' id='word_1_615' title='bbox 2360 3757 2659 3822; x_wconf 85' lang='lat' dir='ltr'><strong>Maturin</strong></span> <span class='ocrx_word' id='word_1_616' title='bbox 2716 3757 2793 3822; x_wconf 80' lang='lat' dir='ltr'><strong>de</strong></span> <span class='ocrx_word' id='word_1_617' title='bbox 2840 3755 2906 3821; x_wconf 81' lang='lat' dir='ltr'><strong>lo</strong></span> <span class='ocrx_word' id='word_1_618' title='bbox 2950 3756 3161 3822; x_wconf 74' lang='lat' dir='ltr'><strong>bro-sse</strong></span> <span class='ocrx_word' id='word_1_619' title='bbox 3202 3756 3440 3840; x_wconf 89' lang='lat' dir='ltr'><strong>duquel</strong></span> <span class='ocrx_word' id='word_1_620' title='bbox 3497 3757 3580 3823; x_wconf 90' lang='lat' dir='ltr'><strong>ils</strong></span> <span class='ocrx_word' id='word_1_621' title='bbox 3614 3766 3733 3822; x_wconf 90' lang='lat' dir='ltr'><strong>ont</strong></span> <span class='ocrx_word' id='word_1_622' title='bbox 3774 3779 3856 3824; x_wconf 90' lang='lat' dir='ltr'><strong>eu</strong></span> <span class='ocrx_word' id='word_1_623' title='bbox 3897 3759 3989 3824; x_wconf 87' lang='lat' dir='ltr'><strong>tel</strong></span> <span class='ocrx_word' id='word_1_624' title='bbox 4031 3764 4303 3841; x_wconf 85' lang='lat' dir='ltr'><strong>rapport</strong></span> <span class='ocrx_word' id='word_1_625' title='bbox 4407 3819 4412 3824; x_wconf 92' lang='lat'><strong>.</strong></span> 
     </span>
    </p>
   </div>
   <div class='ocr_carea' id='block_1_17' title="bbox 2358 3841 4304 4955">
    <p class='ocr_par' dir='ltr' id='par_1_19' title="bbox 2358 3841 4304 4955">
     <span class='ocr_line' id='line_1_88' title="bbox 2360 3841 4303 3926; baseline -0.001 -18"><span class='ocrx_word' id='word_1_626' title='bbox 2360 3842 2534 3926; x_wconf 90' lang='lat' dir='ltr'><strong>quils</strong></span> <span class='ocrx_word' id='word_1_627' title='bbox 2589 3849 2888 3926; x_wconf 87' lang='lat' dir='ltr'><strong>esperent</strong></span> <span class='ocrx_word' id='word_1_628' title='bbox 2946 3850 3117 3907; x_wconf 87' lang='lat' dir='ltr'><strong>estre</strong></span> <span class='ocrx_word' id='word_1_629' title='bbox 3170 3841 3323 3907; x_wconf 89' lang='lat' dir='ltr'><strong>bien</strong></span> <span class='ocrx_word' id='word_1_630' title='bbox 3377 3863 3678 3925; x_wconf 87' lang='lat' dir='ltr'><strong>proveus,</strong></span> <span class='ocrx_word' id='word_1_631' title='bbox 3744 3844 3859 3910; x_wconf 89' lang='lat' dir='ltr'><strong>sils</strong></span> <span class='ocrx_word' id='word_1_632' title='bbox 3901 3844 3964 3909; x_wconf 89' lang='lat' dir='ltr'><strong>le</strong></span> <span class='ocrx_word' id='word_1_633' title='bbox 4013 3850 4303 3926; x_wconf 85' lang='lat' dir='ltr'><strong>peuvent</strong></span> 
     </span>
     <span class='ocr_line' id='line_1_89' title="bbox 2359 3928 4303 4012; baseline 0.001 -19"><span class='ocrx_word' id='word_1_634' title='bbox 2359 3928 2634 3994; x_wconf 88' lang='lat' dir='ltr'><strong>obtenir.</strong></span> <span class='ocrx_word' id='word_1_635' title='bbox 2705 3928 2888 3993; x_wconf 87' lang='lat' dir='ltr'><strong>Vous</strong></span> <span class='ocrx_word' id='word_1_636' title='bbox 2931 3949 3118 3995; x_wconf 83' lang='lat' dir='ltr'><strong>saves</strong></span> <span class='ocrx_word' id='word_1_637' title='bbox 3153 3948 3277 4011; x_wconf 90' lang='lat' dir='ltr'><strong>que</strong></span> <span class='ocrx_word' id='word_1_638' title='bbox 3319 3928 3595 4012; x_wconf 89' lang='lat' dir='ltr'><strong>iusquici</strong></span> <span class='ocrx_word' id='word_1_639' title='bbox 3638 3929 3700 3993; x_wconf 90' lang='lat' dir='ltr'><strong>ie</strong></span> <span class='ocrx_word' id='word_1_640' title='bbox 3734 3951 3820 3994; x_wconf 93' lang='lat' dir='ltr'><strong>ne</strong></span> <span class='ocrx_word' id='word_1_641' title='bbox 3852 3950 3958 3993; x_wconf 89' lang='lat' dir='ltr'><strong>me</strong></span> <span class='ocrx_word' id='word_1_642' title='bbox 4000 3929 4134 3993; x_wconf 90' lang='lat' dir='ltr'><strong>suis</strong></span> <span class='ocrx_word' id='word_1_643' title='bbox 4180 3948 4303 4010; x_wconf 86' lang='lat' dir='ltr'><strong>pas</strong></span> 
     </span>
     <span class='ocr_line' id='line_1_90' title="bbox 2358 4012 4303 4099; baseline 0 -21"><span class='ocrx_word' id='word_1_644' title='bbox 2358 4015 2588 4099; x_wconf 88' lang='lat' dir='ltr'><strong>ingere</strong></span> <span class='ocrx_word' id='word_1_645' title='bbox 2650 4012 2732 4078; x_wconf 89' lang='lat' dir='ltr'><strong>de</strong></span> <span class='ocrx_word' id='word_1_646' title='bbox 2795 4012 2958 4078; x_wconf 86' lang='lat' dir='ltr'><strong>faire</strong></span> <span class='ocrx_word' id='word_1_647' title='bbox 3024 4014 3204 4078; x_wconf 91' lang='lat' dir='ltr'><strong>nulle</strong></span> <span class='ocrx_word' id='word_1_648' title='bbox 3267 4023 3567 4097; x_wconf 89' lang='lat' dir='ltr'><strong>requeste</strong></span> <span class='ocrx_word' id='word_1_649' title='bbox 3632 4015 3701 4077; x_wconf 88' lang='lat' dir='ltr'><strong>ni</strong></span> <span class='ocrx_word' id='word_1_650' title='bbox 3771 4013 4120 4096; x_wconf 87' lang='lat' dir='ltr'><strong>poursuite.</strong></span> <span class='ocrx_word' id='word_1_651' title='bbox 4209 4014 4303 4078; x_wconf 86' lang='lat' dir='ltr'><strong>Et</strong></span> 
     </span>
     <span class='ocr_line' id='line_1_91' title="bbox 2360 4098 4304 4184; baseline -0.001 -19"><span class='ocrx_word' id='word_1_652' title='bbox 2360 4120 2607 4166; x_wconf 87' lang='lat' dir='ltr'><strong>mesme</strong></span> <span class='ocrx_word' id='word_1_653' title='bbox 2649 4098 2944 4166; x_wconf 90' lang='lat' dir='ltr'><strong>combien</strong></span> <span class='ocrx_word' id='word_1_654' title='bbox 2988 4120 3111 4182; x_wconf 90' lang='lat' dir='ltr'><strong>que</strong></span> <span class='ocrx_word' id='word_1_655' title='bbox 3153 4119 3322 4165; x_wconf 84' lang='lat' dir='ltr'><strong>ceux</strong></span> <span class='ocrx_word' id='word_1_656' title='bbox 3358 4099 3439 4166; x_wconf 92' lang='lat' dir='ltr'><strong>de</strong></span> <span class='ocrx_word' id='word_1_657' title='bbox 3474 4100 3686 4184; x_wconf 67' lang='lat' dir='ltr'><strong>{Pr-oye</strong></span> <span class='ocrx_word' id='word_1_658' title='bbox 3727 4119 3834 4163; x_wconf 92' lang='lat' dir='ltr'><strong>me</strong></span> <span class='ocrx_word' id='word_1_659' title='bbox 3868 4098 4304 4164; x_wconf 84' lang='lat' dir='ltr'><strong>solicitassent</strong></span> 
     </span>
     <span class='ocr_line' id='line_1_92' title="bbox 2362 4183 4301 4269; baseline 0 -18"><span class='ocrx_word' id='word_1_660' title='bbox 2362 4206 2401 4251; x_wconf 88' lang='lat' dir='ltr'><strong>a</strong></span> <span class='ocrx_word' id='word_1_661' title='bbox 2434 4186 2532 4251; x_wconf 89' lang='lat' dir='ltr'><strong>les</strong></span> <span class='ocrx_word' id='word_1_662' title='bbox 2586 4184 2791 4269; x_wconf 84' lang='lat' dir='ltr'><strong>ayder</strong></span> <span class='ocrx_word' id='word_1_663' title='bbox 2847 4205 2969 4268; x_wconf 91' lang='lat' dir='ltr'><strong>por</strong></span> <span class='ocrx_word' id='word_1_664' title='bbox 3024 4186 3210 4250; x_wconf 86' lang='lat' dir='ltr'><strong>avoir</strong></span> <span class='ocrx_word' id='word_1_665' title='bbox 3263 4194 3486 4250; x_wconf 89' lang='lat' dir='ltr'><strong>nostre</strong></span> <span class='ocrx_word' id='word_1_666' title='bbox 3539 4186 3710 4250; x_wconf 84' lang='lat' dir='ltr'><strong>frere</strong></span> <span class='ocrx_word' id='word_1_667' title='bbox 3753 4183 4017 4249; x_wconf 86' lang='lat' dir='ltr'><strong>Maistre</strong></span> <span class='ocrx_word' id='word_1_668' title='bbox 4061 4184 4301 4268; x_wconf 88' lang='lat' dir='ltr'><strong>Iaques</strong></span> 
     </span>
     <span class='ocr_line' id='line_1_93' title="bbox 2359 4270 4302 4356; baseline -0.001 -18"><span class='ocrx_word' id='word_1_669' title='bbox 2359 4272 2537 4351; x_wconf 77' lang='lat' dir='ltr'><strong>sorel,</strong></span> <span class='ocrx_word' id='word_1_670' title='bbox 2595 4272 2656 4337; x_wconf 87' lang='lat' dir='ltr'><strong>ie</strong></span> <span class='ocrx_word' id='word_1_671' title='bbox 2698 4291 2852 4336; x_wconf 91' lang='lat' dir='ltr'><strong>men</strong></span> <span class='ocrx_word' id='word_1_672' title='bbox 2898 4270 3233 4356; x_wconf 80' lang='lat' dir='ltr'><strong>deportay.</strong></span> <span class='ocrx_word' id='word_1_673' title='bbox 3256 4275 3313 4350; x_wconf 77' lang='lat'><strong>²)</strong></span> <span class='ocrx_word' id='word_1_674' title='bbox 3400 4270 3573 4335; x_wconf 83' lang='lat' dir='ltr'><strong>Mais</strong></span> <span class='ocrx_word' id='word_1_675' title='bbox 3629 4270 3692 4334; x_wconf 92' lang='lat' dir='ltr'><strong>ie</strong></span> <span class='ocrx_word' id='word_1_676' title='bbox 3747 4289 3876 4354; x_wconf 81' lang='lat' dir='ltr'><strong>nay</strong></span> <span class='ocrx_word' id='word_1_677' title='bbox 3930 4290 4058 4353; x_wconf 88' lang='lat' dir='ltr'><strong>peu</strong></span> <span class='ocrx_word' id='word_1_678' title='bbox 4115 4291 4302 4336; x_wconf 86' lang='lat' dir='ltr'><strong>mex-</strong></span> 
     </span>
     <span class='ocr_line' id='line_1_94' title="bbox 2363 4354 4301 4441; baseline 0 -18"><span class='ocrx_word' id='word_1_679' title='bbox 2363 4365 2617 4441; x_wconf 87' lang='lat' dir='ltr'><strong>empter</strong></span> <span class='ocrx_word' id='word_1_680' title='bbox 2670 4376 2712 4421; x_wconf 89' lang='lat' dir='ltr'><strong>a</strong></span> <span class='ocrx_word' id='word_1_681' title='bbox 2766 4377 2838 4423; x_wconf 91' lang='lat' dir='ltr'><strong>ce</strong></span> <span class='ocrx_word' id='word_1_682' title='bbox 2906 4377 3072 4440; x_wconf 90' lang='lat' dir='ltr'><strong>coup</strong></span> <span class='ocrx_word' id='word_1_683' title='bbox 3115 4376 3242 4440; x_wconf 92' lang='lat' dir='ltr'><strong>que</strong></span> <span class='ocrx_word' id='word_1_684' title='bbox 3294 4376 3458 4438; x_wconf 88' lang='lat' dir='ltr'><strong>pour</strong></span> <span class='ocrx_word' id='word_1_685' title='bbox 3512 4354 3574 4419; x_wconf 93' lang='lat' dir='ltr'><strong>le</strong></span> <span class='ocrx_word' id='word_1_686' title='bbox 3631 4354 3843 4420; x_wconf 89' lang='lat' dir='ltr'><strong>moins</strong></span> <span class='ocrx_word' id='word_1_687' title='bbox 3908 4356 3967 4421; x_wconf 89' lang='lat' dir='ltr'><strong>ie</strong></span> <span class='ocrx_word' id='word_1_688' title='bbox 4011 4376 4093 4421; x_wconf 91' lang='lat' dir='ltr'><strong>ne</strong></span> <span class='ocrx_word' id='word_1_689' title='bbox 4139 4378 4301 4424; x_wconf 86' lang='lat' dir='ltr'><strong>vous</strong></span> 
     </span>
     <span class='ocr_line' id='line_1_95' title="bbox 2360 4439 4300 4526; baseline 0 -18"><span class='ocrx_word' id='word_1_690' title='bbox 2360 4444 2513 4510; x_wconf 88' lang='lat' dir='ltr'><strong>fisse</strong></span> <span class='ocrx_word' id='word_1_691' title='bbox 2569 4443 2631 4509; x_wconf 92' lang='lat' dir='ltr'><strong>le</strong></span> <span class='ocrx_word' id='word_1_692' title='bbox 2687 4443 2852 4509; x_wconf 89' lang='lat' dir='ltr'><strong>recit</strong></span> <span class='ocrx_word' id='word_1_693' title='bbox 2909 4442 2988 4507; x_wconf 89' lang='lat' dir='ltr'><strong>de</strong></span> <span class='ocrx_word' id='word_1_694' title='bbox 3043 4442 3110 4507; x_wconf 90' lang='lat' dir='ltr'><strong>la</strong></span> <span class='ocrx_word' id='word_1_695' title='bbox 3166 4439 3484 4507; x_wconf 81' lang='lat' dir='ltr'><strong>demands</strong></span> <span class='ocrx_word' id='word_1_696' title='bbox 3540 4439 3618 4505; x_wconf 91' lang='lat' dir='ltr'><strong>de</strong></span> <span class='ocrx_word' id='word_1_697' title='bbox 3676 4461 3784 4506; x_wconf 91' lang='lat' dir='ltr'><strong>ces</strong></span> <span class='ocrx_word' id='word_1_698' title='bbox 3827 4439 4076 4508; x_wconf 89' lang='lat' dir='ltr'><strong>bonnes</strong></span> <span class='ocrx_word' id='word_1_699' title='bbox 4119 4463 4300 4526; x_wconf 84' lang='lat' dir='ltr'><strong>gens,</strong></span> 
     </span>
     <span class='ocr_line' id='line_1_96' title="bbox 2359 4526 4300 4614; baseline 0 -20"><span class='ocrx_word' id='word_1_700' title='bbox 2359 4529 2512 4614; x_wconf 91' lang='lat' dir='ltr'><strong>puis</strong></span> <span class='ocrx_word' id='word_1_701' title='bbox 2554 4528 2722 4613; x_wconf 77' lang='lat' dir='ltr'><strong>quil·</strong></span> <span class='ocrx_word' id='word_1_702' title='bbox 2767 4549 2884 4594; x_wconf 87' lang='lat' dir='ltr'><strong>sen</strong></span> <span class='ocrx_word' id='word_1_703' title='bbox 2928 4535 3080 4594; x_wconf 89' lang='lat' dir='ltr'><strong>sont</strong></span> <span class='ocrx_word' id='word_1_704' title='bbox 3122 4526 3427 4593; x_wconf 88' lang='lat' dir='ltr'><strong>attendus</strong></span> <span class='ocrx_word' id='word_1_705' title='bbox 3471 4546 3510 4590; x_wconf 86' lang='lat' dir='ltr'><strong>a</strong></span> <span class='ocrx_word' id='word_1_706' title='bbox 3552 4545 3706 4611; x_wconf 82' lang='lat' dir='ltr'><strong>moy</strong></span> <span class='ocrx_word' id='word_1_707' title='bbox 3754 4533 3819 4593; x_wconf 87' lang='lat' dir='ltr'><strong>et</strong></span> <span class='ocrx_word' id='word_1_708' title='bbox 3868 4526 3944 4612; x_wconf 86' lang='lat' dir='ltr'><strong>s’j</strong></span> <span class='ocrx_word' id='word_1_709' title='bbox 3979 4536 4300 4612; x_wconf 87' lang='lat' dir='ltr'><strong>reposent.</strong></span> 
     </span>
     <span class='ocr_line' id='line_1_97' title="bbox 2361 4611 4303 4700; baseline -0.001 -19"><span class='ocrx_word' id='word_1_710' title='bbox 2361 4616 2543 4681; x_wconf 90' lang='lat' dir='ltr'><strong>Leur</strong></span> <span class='ocrx_word' id='word_1_711' title='bbox 2606 4615 2832 4700; x_wconf 85' lang='lat' dir='ltr'><strong>Eglise</strong></span> <span class='ocrx_word' id='word_1_712' title='bbox 2897 4621 3114 4679; x_wconf 88' lang='lat' dir='ltr'><strong>estant</strong></span> <span class='ocrx_word' id='word_1_713' title='bbox 3176 4612 3327 4677; x_wconf 91' lang='lat' dir='ltr'><strong>bien</strong></span> <span class='ocrx_word' id='word_1_714' title='bbox 3389 4611 3646 4677; x_wconf 89' lang='lat' dir='ltr'><strong>dressee</strong></span> <span class='ocrx_word' id='word_1_715' title='bbox 3710 4633 3858 4679; x_wconf 91' lang='lat' dir='ltr'><strong>sera</strong></span> <span class='ocrx_word' id='word_1_716' title='bbox 3915 4613 3994 4679; x_wconf 90' lang='lat' dir='ltr'><strong>de</strong></span> <span class='ocrx_word' id='word_1_717' title='bbox 4051 4613 4303 4698; x_wconf 87' lang='lat' dir='ltr'><strong>grande</strong></span> 
     </span>
     <span class='ocr_line' id='line_1_98' title="bbox 2359 4696 4303 4786; baseline -0.001 -19"><span class='ocrx_word' id='word_1_718' title='bbox 2359 4721 2820 4786; x_wconf 84' lang='lat' dir='ltr'><strong>consequence,</strong></span> <span class='ocrx_word' id='word_1_719' title='bbox 2866 4705 3007 4763; x_wconf 88' lang='lat' dir='ltr'><strong>tant</strong></span> <span class='ocrx_word' id='word_1_720' title='bbox 3050 4719 3212 4782; x_wconf 89' lang='lat' dir='ltr'><strong>pour</strong></span> <span class='ocrx_word' id='word_1_721' title='bbox 3244 4699 3308 4762; x_wconf 90' lang='lat' dir='ltr'><strong>le</strong></span> <span class='ocrx_word' id='word_1_722' title='bbox 3343 4696 3552 4783; x_wconf 83' lang='lat' dir='ltr'><strong>grand</strong></span> <span class='ocrx_word' id='word_1_723' title='bbox 3587 4706 3832 4764; x_wconf 88' lang='lat' dir='ltr'><strong>ressort</strong></span> <span class='ocrx_word' id='word_1_724' title='bbox 3866 4698 3946 4764; x_wconf 91' lang='lat' dir='ltr'><strong>de</strong></span> <span class='ocrx_word' id='word_1_725' title='bbox 3979 4700 4303 4784; x_wconf 86' lang='lat' dir='ltr'><strong>Bailliage</strong></span> 
     </span>
     <span class='ocr_line' id='line_1_99' title="bbox 2361 4783 4298 4872; baseline -0.001 -20"><span class='ocrx_word' id='word_1_726' title='bbox 2361 4807 2490 4871; x_wconf 91' lang='lat' dir='ltr'><strong>que</strong></span> <span class='ocrx_word' id='word_1_727' title='bbox 2512 4807 2753 4872; x_wconf 88' lang='lat' dir='ltr'><strong>pource</strong></span> <span class='ocrx_word' id='word_1_728' title='bbox 2774 4806 2901 4868; x_wconf 92' lang='lat' dir='ltr'><strong>que</strong></span> <span class='ocrx_word' id='word_1_729' title='bbox 2921 4790 3058 4851; x_wconf 89' lang='lat' dir='ltr'><strong>cest</strong></span> <span class='ocrx_word' id='word_1_730' title='bbox 3092 4785 3268 4868; x_wconf 90' lang='lat' dir='ltr'><strong>siege</strong></span> <span class='ocrx_word' id='word_1_731' title='bbox 3304 4783 3855 4869; x_wconf 88' lang='lat' dir='ltr'><strong>archiepiscopale</strong></span> <span class='ocrx_word' id='word_1_732' title='bbox 3890 4792 3958 4850; x_wconf 91' lang='lat' dir='ltr'><strong>et</strong></span> <span class='ocrx_word' id='word_1_733' title='bbox 3990 4786 4298 4868; x_wconf 89' lang='lat' dir='ltr'><strong>primace.</strong></span> 
     </span>
     <span class='ocr_line' id='line_1_100' title="bbox 2358 4869 4301 4955; baseline -0.002 -16"><span class='ocrx_word' id='word_1_734' title='bbox 2358 4873 2615 4939; x_wconf 89' lang='lat' dir='ltr'><strong>Pource</strong></span> <span class='ocrx_word' id='word_1_735' title='bbox 2673 4892 2796 4954; x_wconf 89' lang='lat' dir='ltr'><strong>que</strong></span> <span class='ocrx_word' id='word_1_736' title='bbox 2853 4871 2916 4936; x_wconf 93' lang='grc'><strong>16</strong></span> <span class='ocrx_word' id='word_1_737' title='bbox 2957 4890 3042 4936; x_wconf 86' lang='lat' dir='ltr'><strong>ne</strong></span> <span class='ocrx_word' id='word_1_738' title='bbox 3086 4869 3282 4936; x_wconf 89' lang='lat' dir='ltr'><strong>doute</strong></span> <span class='ocrx_word' id='word_1_739' title='bbox 3322 4870 3507 4955; x_wconf 89' lang='lat' dir='ltr'><strong>point</strong></span> <span class='ocrx_word' id='word_1_740' title='bbox 3549 4891 3675 4954; x_wconf 91' lang='lat' dir='ltr'><strong>que</strong></span> <span class='ocrx_word' id='word_1_741' title='bbox 3718 4871 4170 4937; x_wconf 85' lang='lat' dir='ltr'><strong>lavancement</strong></span> <span class='ocrx_word' id='word_1_742' title='bbox 4213 4871 4301 4935; x_wconf 90' lang='lat' dir='ltr'><strong>du</strong></span> 
     </span>
    </p>
   </div>
   <div class='ocr_carea' id='block_1_18' title="bbox 2499 5047 2726 5055">
    <p class='ocr_par' dir='ltr' id='par_1_20' title="bbox 2499 5047 2726 5055">
     <span class='ocr_line' id='line_1_101' title="bbox 2499 5047 2726 5055; baseline 0 1062"><span class='ocrx_word' id='word_1_743' title='bbox 2499 5047 2726 5055; x_wconf 95' lang='lat' dir='ltr'><strong> </strong></span> 
     </span>
    </p>
   </div>
   <div class='ocr_carea' id='block_1_19' title="bbox 2361 5049 2488 5056">
    <p class='ocr_par' dir='ltr' id='par_1_21' title="bbox 2361 5049 2488 5056">
     <span class='ocr_line' id='line_1_102' title="bbox 2361 5049 2488 5056; baseline -0.008 -1"><span class='ocrx_word' id='word_1_744' title='bbox 2361 5049 2488 5056; x_wconf 57' lang='lat'><strong>*-</strong></span> 
     </span>
    </p>
   </div>
   <div class='ocr_carea' id='block_1_20' title="bbox 2357 5142 4300 5352">
    <p class='ocr_par' dir='ltr' id='par_1_22' title="bbox 2357 5142 4300 5352">
     <span class='ocr_line' id='line_1_103' title="bbox 2531 5142 4300 5213; baseline -0.001 -13"><span class='ocrx_word' id='word_1_745' title='bbox 2531 5143 2619 5210; x_wconf 89' lang='lat'><strong>10)</strong></span> <span class='ocrx_word' id='word_1_746' title='bbox 2657 5142 2914 5209; x_wconf 70' lang='lat' dir='ltr'><strong>Leluo‘set,</strong></span> <span class='ocrx_word' id='word_1_747' title='bbox 2961 5148 3090 5199; x_wconf 72' lang='lat' dir='ltr'><strong>tunc</strong></span> <span class='ocrx_word' id='word_1_748' title='bbox 3141 5146 3399 5212; x_wconf 71' lang='lat' dir='ltr'><strong>temporis</strong></span> <span class='ocrx_word' id='word_1_749' title='bbox 3443 5146 3506 5200; x_wconf 72' lang='lat' dir='ltr'><strong>in</strong></span> <span class='ocrx_word' id='word_1_750' title='bbox 3547 5146 3894 5213; x_wconf 53' lang='lat' dir='ltr'><strong>&amp;aefectum</strong></span> <span class='ocrx_word' id='word_1_751' title='bbox 3939 5144 4300 5199; x_wconf 62' lang='lat' dir='ltr'><strong>Ber-sensim</strong></span> 
     </span>
     <span class='ocr_line' id='line_1_104' title="bbox 2369 5212 3611 5279; baseline -0.002 -11"><span class='ocrx_word' id='word_1_752' title='bbox 2369 5212 2733 5278; x_wconf 72' lang='lat' dir='ltr'><strong>Tmiacemi,</strong></span> <span class='ocrx_word' id='word_1_753' title='bbox 2767 5227 2916 5266; x_wconf 77' lang='lat' dir='ltr'><strong>nunc</strong></span> <span class='ocrx_word' id='word_1_754' title='bbox 2949 5212 3012 5265; x_wconf 74' lang='lat' dir='ltr'><strong>in</strong></span> <span class='ocrx_word' id='word_1_755' title='bbox 3040 5212 3245 5279; x_wconf 70' lang='lat' dir='ltr'><strong>finibus</strong></span> <span class='ocrx_word' id='word_1_756' title='bbox 3283 5212 3611 5269; x_wconf 75' lang='lat' dir='ltr'><strong>Sabaudiae.</strong></span> 
     </span>
     <span class='ocr_line' id='line_1_105' title="bbox 2357 5280 3428 5352; baseline -0.002 -15"><span class='ocrx_word' id='word_1_757' title='bbox 2357 5282 2537 5338; x_wconf 78' lang='lat'><strong>8618.</strong></span> <span class='ocrx_word' id='word_1_758' title='bbox 2557 5283 2614 5346; x_wconf 85' lang='lat'><strong>1)</strong></span> <span class='ocrx_word' id='word_1_759' title='bbox 2661 5281 2840 5352; x_wconf 68' lang='lat' dir='ltr'><strong>Voyez</strong></span> <span class='ocrx_word' id='word_1_760' title='bbox 2873 5280 2951 5335; x_wconf 78' lang='lat' dir='ltr'><strong>les</strong></span> <span class='ocrx_word' id='word_1_761' title='bbox 2987 5280 3064 5337; x_wconf 88' lang='lat' dir='ltr'><strong>N.</strong></span> <span class='ocrx_word' id='word_1_762' title='bbox 3097 5280 3252 5336; x_wconf 79' lang='lat'><strong>3604.</strong></span> <span class='ocrx_word' id='word_1_763' title='bbox 3290 5284 3428 5338; x_wconf 72' lang='lat' dir='ltr'><strong>suiv.</strong></span> 
     </span>
    </p>
   </div>
   <div class='ocr_carea' id='block_1_21' title="bbox 2561 5348 2927 5417">
    <p class='ocr_par' dir='ltr' id='par_1_23' title="bbox 2561 5348 2927 5417">
     <span class='ocr_line' id='line_1_106' title="bbox 2561 5348 2927 5417; baseline 0.008 -13"><span class='ocrx_word' id='word_1_764' title='bbox 2561 5349 2624 5417; x_wconf 80' lang='lat'><strong>2)</strong></span> <span class='ocrx_word' id='word_1_765' title='bbox 2662 5350 2739 5406; x_wconf 81' lang='lat' dir='ltr'><strong>N.</strong></span> <span class='ocrx_word' id='word_1_766' title='bbox 2775 5348 2927 5407; x_wconf 82' lang='lat'><strong>3586.</strong></span> 
     </span>
    </p>
   </div>
  </div>
 </body>
</html>
