4850 6117
638 354 765 419 685

638 539 967 626 Seigneur
1021 537 1207 606 Iesus
1261 537 1490 605 Christ
1545 543 1768 604 estant
1823 557 1908 602 en
1964 542 2183 603 vostre
2235 535 2394 602 ville
2450 556 2577 620 que

637 628 763 713 icy.
821 624 1131 709 Parquoy
1174 644 1363 706 apres
1406 625 1594 693 avoir
1636 644 1768 708 ouy
1810 622 1953 688 leur
1995 642 2326 706 response,
2370 620 2579 688 d’aul-

637 720 786 778 tant
827 732 952 795 que
994 730 1161 776 nous
1195 709 1491 777 desirons
1532 731 1657 793 que
1690 707 2062 793 l'Evangile
2105 708 2199 774 ait
2232 728 2354 774 son
2388 728 2582 776 cours

636 817 760 883 par
800 805 960 876 tout,
1018 804 1087 861 et
1143 818 1226 861 ne
1277 816 1559 862 sommes
1620 816 1740 879 pas
1795 802 1943 859 tant
1996 792 2287 860 adonnez
2331 801 2373 860 a
2416 814 2582 860 nous

636 903 919 949 mesmes
963 890 1032 947 et
1074 889 1116 948 a
1158 890 1382 948 nostre
1436 882 1592 948 bien
1648 878 2029 966 particulier
2086 901 2213 963 que
2270 900 2442 946 nous
2496 900 2581 945 ne

634 969 999 1054 preferions
1062 966 1477 1035 l'edification
1540 966 1846 1053 generale
1878 964 1984 1030 ‘de
2047 975 2231 1031 toute
2292 966 2586 1051 l'Eglise,

637 1076 805 1120 nous
869 1056 1150 1122 n’avons
1205 1074 1326 1139 pas
1378 1054 1578 1121 voulu
1635 1052 2054 1135 simplement
2104 1072 2267 1118 vous
2330 1053 2585 1118 refuser

642 1149 859 1209 vostre
920 1147 1239 1223 requeste.
1326 1138 1709 1207 Seulement
1761 1158 1930 1204 nous
2010 1144 2364 1221 exceptons
2408 1137 2585 1204 deux

637 1226 910 1311 poincts.
995 1226 1099 1292 Le
1138 1226 1423 1310 premier
1465 1233 1566 1292 est
1609 1246 1736 1309 que
1780 1245 1940 1291 vous
1984 1222 2266 1290 advisiez
2310 1222 2467 1290 bien
2502 1223 2585 1290 de

638 1312 893 1378 n'avoir
955 1311 1146 1395 point
1200 1311 1291 1377 tel
1352 1333 1424 1378 es
1653 1316 1695 1375 a
1749 1330 1912 1377 vous
1976 1330 2103 1393 que
2166 1330 2334 1376 nous
2398 1309 2585 1375 aions

639 1396 983 1483 dommage
1046 1419 1133 1463 ou
1195 1396 1541 1480 preiudme.
1652 1394 1785 1463 Oar
1858 1394 2154 1462 combien
2217 1416 2343 1480 que
2405 1395 2585 1462 Dieu

638 1504 805 1550 nous
849 1485 945 1549 ait
998 1502 1291 1566 pourveu
1334 1481 1752 1567 auiourdhuy
1804 1500 1971 1547 nous
2026 1482 2375 1566 craignons
2432 1481 2584 1547 bien

638 1569 888 1637 d’avoir
929 1569 1130 1636 faulte
1172 1568 1255 1634 de
1298 1569 1423 1634 telz
1465 1568 1799 1634 ministres
1841 1587 2092 1633 comme
2146 1576 2322 1633 ceste
2353 1567 2585 1653 Eglise

636 1654 736 1721 les
778 1655 1088 1739 requiert,
1134 1676 1259 1721 veu
1301 1658 1542 1738 qu’une
1584 1662 1783 1735 grant
1836 1653 2051 1738 partie
2105 1653 2183 1719 de
2235 1653 2300 1718 la
2361 1653 2584 1738 provi-

639 1742 784 1808 sion
828 1739 909 1806 de
950 1740 1207 1807 Franco
1251 1761 1337 1807 en
1395 1749 1496 1819 est
1558 1741 1773 1806 sortie.
1861 1740 1963 1805 Le
2020 1740 2258 1805 second
2317 1747 2416 1806 est
2458 1760 2585 1822 que

635 1826 838 1894 ledict
887 1826 1158 1892 maistre
1201 1827 1432 1892 Pierre
1490 1825 1665 1892 Viret
1707 1825 1768 1890 le
1826 1833 2062 1891 trouve
2116 1825 2249 1891 bon
2307 1834 2373 1891 et
2428 1845 2587 1892 con-

733 1913 899 1979 cisse
984 1932 1067 1977 ue
1111 1932 1230 1977 son
1284 1911 1513 1978 labeur
1554 1919 1655 1976 est
1696 1910 2034 1977 tellement
2075 1910 2415 1995 profitable
2468 1932 2586 1995 par

719 1997 784 2063 la
877 1933 994 2063 u'il
1034 2019 1082 2082 y
1126 1996 1307 2063 doibt
1350 1997 1707 2064 domeurer.
1797 1996 1933 2062 Oar
1983 1996 2034 2060 il
2075 2018 2161 2063 ne
2202 2001 2358 2063 s'est
2398 1998 2587 2081 point

635 2084 974 2151 tellement
1014 2090 1205 2167 porte
1259 2105 1496 2150 envers
1555 2103 1722 2148 nous
1774 2102 1903 2166 que
1946 2102 2116 2149 nous
2159 2090 2228 2148 et
2266 2104 2371 2149 ses
2410 2104 2585 2150 oom-

634 2171 957 2254 paignons
999 2190 1085 2235 ne
1129 2166 1450 2235 desirions
1491 2168 1729 2235 d'estre
1763 2168 2017 2253 quietes
2063 2169 2144 2234 de
2187 2168 2324 2254 luy,
2396 2170 2583 2236 sinon

634 2275 761 2340 que
803 2256 871 2320 la
912 2255 1231 2321 necessite
1275 2254 1572 2338 requiere
1615 2254 1750 2339 quil
1794 2255 1922 2320 soit
1964 2254 2250 2321 ailleurs.

804 2340 1032 2423 Quant
1073 2349 1117 2407 a
1158 2362 1231 2407 oe
1275 2361 1404 2425 que
1438 2363 1603 2407 nous
1646 2361 1849 2407 avons
1890 2340 2133 2425 fourny
2168 2360 2332 2425 pour
2367 2347 2585 2406 entre-

631 2427 809 2493 tenir
873 2448 949 2492 sa
1009 2426 1256 2493 famille
1319 2446 1487 2493 nous
1550 2426 1979 2493 n’entendons
2044 2447 2161 2509 pas
2220 2424 2366 2492 d'en
2410 2435 2583 2493 estre

631 2510 1081 2578 remboursez:
1125 2534 1238 2579 car
1270 2533 1439 2578 nous
1471 2511 1850 2578 vouldrions
1887 2510 2223 2596 beaucoup
2247 2512 2398 2597 plus
2420 2513 2583 2579 faire

630 2619 798 2683 pour
840 2598 902 2662 le
937 2597 1393 2684 soulagcment
1435 2596 1517 2663 de
1560 2605 1778 2665 vostre
1801 2597 2027 2683 Eglise
2064 2604 2133 2664 et
2167 2598 2283 2665 des
2316 2599 2582 2676 aultres,

633 2691 701 2750 et
744 2703 944 2768 aussy
985 2704 1152 2751 nous
1195 2684 1313 2768 luy
1354 2704 1637 2750 summes
1694 2682 2078 2751 redevables
2122 2685 2202 2751 de
2245 2684 2582 2768 beaucoup

629 2769 800 2855 plus,
843 2790 1097 2836 comme
1138 2790 1305 2854 pour
1346 2769 1666 2837 l'advonir
1709 2791 1879 2837 nous
1915 2792 2002 2837 ne
2039 2770 2159 2857 luy
2192 2769 2582 2837 vouldrions

615 2876 991 2941 -espargner
1055 2856 1198 2922 rien
1235 2855 1317 2921 de
1360 2876 1434 2922 ce
1476 2878 1604 2939 que
1649 2855 1820 2922 Dieu
1885 2877 2049 2924 nous
2113 2877 2275 2923 aura
2342 2854 2580 2923 donne.

631 2940 725 3008 Et
765 2949 1082 3027 pourtant
1125 2964 1212 3008 ne
1254 2962 1418 3008 vous
1460 2962 1545 3008 en
1586 2950 1833 3009 mectez
1888 2963 2008 3027 pas
2056 2964 2140 3008 en
2192 2943 2403 3028 peine,
2473 2963 2582 3010 cas

631 3027 964 3096 advenant
996 3028 1156 3111 qu‘il
1191 3049 1359 3097 vous
1394 3028 1717 3095 domeure.
1786 3027 1922 3095 Sur
1956 3049 2132 3114 quoy
2167 3038 2286 3097 etc.
2343 3027 2584 3097 Donne

632 3134 708 3181 ce
757 3116 863 3178 120
897 3113 1163 3199 Janvier
1213 3116 1396 3181 1563.
1425 3118 1476 3191 ι)

1474 3662 1681 3736 3899.

1025 3815 1697 3886 BULLINGERUS
1742 3818 2181 3887 GALVINO.

807 3987 1102 4054 Pessimu
1142 4008 1418 4071 quaeque
1460 3989 1813 4056 audiuntur
1852 3992 1929 4057 de
1958 3993 2207 4073 proelio
2247 3993 2333 4058 od
2354 3990 2582 4059 Drm

627 4073 792 4157 fado
833 4080 892 4139 et
928 4075 1101 4157 fusis
1133 4076 1615 4155 protestantium
1654 4077 1869 4158 copiis·
1937 4076 2283 4159 Responsio
2319 4077 2582 4146 Brentio

631 4160 943 4228 destinata
983 4160 1119 4225 iam
1153 4180 1298 4225 sum
1327 4160 1511 4242 prelo
1549 4165 1653 4227 est.

633 4332 748 4400 (Ex
782 4330 1122 4400 autographo
1160 4331 1323 4385 Arch.
1372 4330 1556 4384 Turio.
1608 4332 1750 4386 Plut.
1796 4332 1885 4386 vl.
1921 4333 2040 4388 Vol.
2076 4332 2196 4398 129,
2239 4335 2371 4388 olim
2405 4334 2580 4388 Scrin.

861 4399 921 4452 B.
957 4399 1100 4468 Epp.
1136 4399 1289 4454 Tom.
1324 4398 1410 4466 30,
1444 4399 1536 4453 fol.
1570 4398 1690 4453 462.
1728 4428 1792 4440 -
1827 4401 2036 4457 Simler.
2075 4403 2194 4458 Vol.
2234 4401 2376 4466 106.)

631 4657 814 4712 8896.
836 4657 897 4720 1)
930 4655 1066 4724 Ray.
1101 4655 1178 4711 du
1216 4656 1435 4711 Causea
1466 4654 1551 4709 10.
1585 4655 1730 4712 Noo.
1766 4656 1939 4711 1563.-
2011 4657 2205 4714 Galoin
2413 4675 2471 4715 se
2504 4676 2581 4714 au

629 4725 834 4783 cumea
877 4725 944 4780 de
985 4725 1236 4793 roppeler
1280 4726 1431 4781 Viret
1492 4726 1628 4780 dont
1671 4728 1721 4781 le
1762 4726 1927 4796 conae
1958 4732 2037 4783 m
2070 4728 2228 4797 expir-
2258 4769 2273 4784 .
2356 4745 2442 4785 oo.
2480 4728 2581 4783 18.-

630 4793 911 4851 Noaveues
945 4793 1239 4876 amandes
1271 4794 1368 4848 dea
1404 4766 1692 4865 iyonmio
1733 4809 1880 4865 pour
1911 4797 2121 4852 obtenir
2152 4813 2258 4853 une
2286 4798 2581 4867 prolonya-

630 4862 994 4920 tn‘onducon
1063 4862 1476 4919 .-Νου.19.·
1545 4863 1742 4920 Calvia
1782 4871 2041 4934 rapporte
2159 4866 2354 4922 'aar
2486 4866 2582 4921 dea

629 4934 809 4988 lettres
861 4932 931 4986 de
1089 4946 1128 4984 n
1177 4933 1249 4986 οὐ
1298 4933 1408 4988 l’on
1459 4933 1723 4989 ἀαηωιᾶο
1764 4935 1803 4990 ὰ
1842 4933 2049 5003 garder
2149 4936 2269 4991 iret.
2447 4937 2586 4992 καλοί

630 5001 862 5072 n’ayant
900 5013 1010 5068 pao
1056 4998 1190 5053 e'crit
1236 4999 1500 5056 lui-meme
1532 5018 1604 5058 on
1646 5008 1814 5058 temet
1856 5005 1914 5059 la
1946 5002 2173 5072 re'ponse
2204 5006 2242 5060 ὰ
2269 5004 2400 5073 plus
2435 5005 2580 5068 rard,

631 5086 731 5126 m
762 5086 864 5125 eoa
908 5069 1047 5124 avis.
1085 5096 1151 5107 ·-
1187 5066 1270 5120 12.
1306 5070 1467 5124 Iano.
1513 5070 1649 5126 1563
1668 5095 1683 5124 .·
1727 5071 1960 5141 L’e'qh‘ee
2004 5072 2071 5127 de
2106 5073 2270 5143 Lyon
2315 5073 2581 5129 demando

724 5155 796 5195 on
840 5138 924 5193 lui
965 5135 1093 5193 cede
1136 5140 1255 5190 tout
1298 5139 1485 5219 d'tait
1542 5142 1703 5195 Vir-et.
1772 5140 1891 5212 Ouy
1926 5142 2120 5196 l'advis
2154 5144 2250 5197 des
2284 5143 2577 5209 ministres,

651 5226 688 5264 a
722 5206 988 5332 made
1020 5205 1407 5287 est-occordee.
1459 5207 1544 5262 Le
1574 5211 1803 5280 reqistre
1833 5226 1904 5266 ne
1929 5212 2044 5281 fait
2072 5226 2181 5279 pas
2213 5213 2452 5268 mention
2485 5212 2581 5268 des

629 5278 840 5333 clausos
952 5274 1280 5332 common.

2133 345 2660 416 EPISmLAE
2702 350 3127 415 3898—3900

4475 352 4583 415 636

2847 535 3227 604 Clarissimo
3285 536 3427 602 viro
3482 535 3567 602 D.
3611 534 3847 602 Ioanni
3888 533 4168 604 Calvino
4209 535 4587 604 Genevensis

2677 622 2988 691 ecclesiae
3044 622 3291 704 pastori
3344 621 3727 689 fidelissimo
3782 621 4046 688 domino
4102 630 4170 687 et
4226 622 4424 689 amico
4462 643 4587 690 meo

2678 707 2948 776 colendo
2990 716 3056 778 et
3098 708 3395 774 oansslm'
3306 709 3321 723 '
3394 729 3451 773 o.
4229 794 4442 861 Genffi

2853 982 2925 1050 S.
2969 982 3056 1049 D.
3138 983 3275 1049 Vix
3338 983 3563 1050 dixero
3634 982 3751 1049 tibi
3815 990 4057 1067 quanto
4119 982 4248 1049 sim
4310 984 4378 1049 in
4438 982 4599 1050 luctu

2681 1091 2803 1155 pro
2849 1081 2952 1136 ter
2995 1069 3255 1137 Galliae
3314 1091 3423 1136 res
3484 1069 3873 1153 deploratas.
3972 1067 4152 1135 Misit
4187 1069 4341 1135 Rex
4401 1069 4598 1137 literas

2683 1157 2794 1241 qui
2838 1177 2915 1222 us
2978 1154 3310 1240 praedicat
3366 1155 3603 1240 Guysii
3666 1156 3948 1221 virtutes
4012 1163 4081 1221 et
4144 1154 4598 1236 Helvetiorum,

2683 1263 2962 1326 quorum
3029 1241 3573 1326 magnanimitate
3631 1250 3699 1307 et
3752 1241 4029 1308 infracto
4084 1240 4316 1308 robore
4377 1242 4602 1321 vicerit,

2683 1328 2931 1394 fuderit
3000 1327 3460 1412 dissiparitque
3536 1348 3765 1394 omnes
3828 1327 4386 1413 Hugonothorum
4454 1328 4603 1394 acies

2684 1414 2838 1480 licet
2899 1414 3460 1482 instructissimas.
3564 1412 3763 1479 Addit
3819 1411 4200 1482 condensam
4254 1414 4605 1497 Principem

2685 1521 2826 1567 esse
2869 1505 3137 1584 captum
3178 1521 3390 1584 neque
3432 1507 3682 1567 restare
3724 1498 3903 1566 aliud
3936 1519 4134 1584 quam
4176 1506 4256 1565 ut
4290 1499 4606 1566 deleantur

2685 1586 3016 1670 reliquiae.
3107 1586 3308 1653 Paria
3363 1606 3514 1653 cum
3569 1586 3675 1651 his
3717 1586 4095 1651 scribuntur
4138 1590 4178 1648 7
4223 1584 4606 1653 Oantonibus

2687 1694 2728 1823 ἲ
2768 1673 3129 1824 οαὶξίἒιιοίε
3163 1670 3640 1823 Heltvetiorum.d
3706 1670 3995 1738 Aliunde
4032 1691 4289 1771 quoque
4323 1670 4606 1823 adiferun·

2718 1780 2799 1824 ur
2876 1781 2900 1824 ι
2965 1779 3244 1825 raezoa
3317 1778 3431 1824 um
3526 1756 4372 1825 memconestabhumse
4456 1778 4607 1823 mor-

2686 1849 2966 1922 tuum‚²)
2987 1779 3364 1911 Andelotem
3401 1778 3693 1927 grgviter
3715 1843 4156 1924 vulneratum,
4180 1843 4610 1911 21meoe-

2686 1929 2999 1997 cecidisse
3063 1939 3131 1996 et
3190 1933 3425 2014 ipsum.
3446 1928 3504 2017 ²)
3602 1930 3931 1997 Pauculos
3994 1929 4252 2014 elapsos
4317 1951 4402 1996 ex
4471 1928 4611 2013 fuga

2687 2017 3023 2082 Aureliam
3081 2016 3485 2101 pervenisse,
3505 2014 3562 2103 ⁸)
3603 2014 3719 2082 ubi
3759 2037 3940 2083 nunc
3994 2017 4130 2083 sint
4183 2015 4519 2083 obsidendi
4554 2021 4611 2079 et

2686 2101 3057 2202 trucidandi
3102 2122 3177 2204 ac
3221 2101 3480 2168 delendi
3524 2122 3678 2168 mox
3721 2123 3948 2202 omnes
3990 2104 4106 2186 qui
4160 2104 4479 2202 invocant
4510 2122 4610 2166 no-

2686 2187 3218 2341 ffixssffflm
3236 2188 4301 2358 {fflffgssfflssfflffl
4329 2195 4613 2357 ⁸1¹1?me

2685 2360 3001 2440 encomia,
3061 2368 3447 2426 terruerunt
3502 2381 3609 2426 me
3662 2369 3883 2426 tamen
3943 2368 4012 2425 et
4064 2369 4220 2427 tuae
4274 2367 4615 2444 postremae

2684 2446 2915 2512 literae
2978 2446 3099 2513 sub
3167 2448 3299 2512 fine
3363 2447 3520 2512 anni
3582 2447 3926 2531 praeteriti
3990 2445 4201 2523 datae,
4217 2449 4281 2524 ⁴)
4342 2465 4505 2530 quae
4558 2451 4616 2509 et

2683 2533 2867 2616 ipsae
2909 2532 3335 2599 continebant
3375 2540 3635 2599 nostros
3677 2553 3823 2599 esse
3862 2532 4061 2599 fusos.
4141 2532 4343 2599 Nunc
4385 2550 4615 2615 quoque

2682 2617 2861 2684 fama
2914 2618 3098 2697 (licet
3148 2618 3430 2703 incerta)
3486 2618 3740 2704 spargit
3787 2618 4105 2702 Θαφίνην
4145 2640 4188 2683 a
4231 2624 4271 2683 7
4317 2616 4614 2685 cantoni·

2685 2703 2807 2772 bus
2872 2726 3115 2771 novum
3178 2714 3404 2788 petere
3464 2704 3742 2771 militem
3758 2755 3774 2784 ,
3795 2707 3855 2783 ὅ)
3919 2704 4036 2788 qui
4106 2705 4235 2805 ipsi
4303 2711 4373 2770 et
4434 2721 4615 2788 regno

2685 2798 2913 2858 contra
2934 2791 3190 2876 Anglos
3234 2790 3553 2857 auxilium
3597 2791 3783 2859 ferat.
3851 2788 4047 2872 Quod
4089 2811 4148 2856 s1
4189 2810 4433 2857 verum
4465 2795 4615 2854 esset

2686 2884 3033 2961 appareret
3073 2881 3447 2944 nostrorum
3507 2898 3614 2943 res
3667 2875 3962 2943 nondum
4002 2874 4167 2942 adeo
4224 2896 4374 2943 esse
4416 2873 4615 2958 deplo-

2685 2971 2882 3041 ratas,
2939 2963 3144 3063 sicuti·
3189 2962 3510 3064 gloriatur
3561 2984 3715 3047 pars
3770 2962 4065 3063 adversa.
4080 3048 4094 3063 .
4150 2961 4425 3029 Feceris
4477 2978 4614 3060 ergo

2685 3049 3582 3202 ffissetssffsszfflfffisszxss
3609 3054 4440 3203 ssssznzffiss'ffe-ssfiffioeff
4456 3066 4615 3198 0:2¹3:

2682 3222 2891 3306 ipsam
2936 3222 3102 3288 scire
3143 3222 3589 3305 maximopere
3629 3221 3944 3306 cupimus.

2855 3305 3176 3393 Significa
3237 3308 3396 3373 item
3463 3327 3550 3373 an
3615 3307 3838 3373 literas
3894 3305 4243 3374 Polonioas
4305 3302 4614 3389 acceperis

2682 3414 2834 3460 cum
2890 3394 3121 3460 charta
3171 3393 3481 3479 Gregorii
3528 3393 3729 3462 Pauli
3754 3396 3812 3478 ⁶)
3866 3401 3935 3459 et
3989 3389 4148 3493 quid
4204 3412 4475 3493 censeas
4523 3389 4614 3455 his

2680 3476 3441 3649 ffiass⁰⁸1¹1²1⁰a¹3⁶3322⁰232
3478 3480 3653 3632 iffi
3686 3500 3980 3633 3335&
3992 3498 4205 3650 „22¹3
4242 3475 4615 3630 ‘'¹1:⁴32ssssss

2682 3651 2878 3729 onim,
2936 3650 3213 3717 necdum
3270 3651 3419 3717 illas
3462 3651 3609 3718 aliis
3652 3652 4141 3718 communicavi.
4227 3650 4612 3733 Responsm·

3115 3739 3128 3751 .
3746 3738 3760 3751 .
3818 3740 3847 3778 v
4231 3736 4246 3750 .
4481 3734 4496 3748 .

2679 3757 2835 3889 ‘55:3³
2856 3735 3175 3906 ima
3217 3736 3451 3901 312‘3133
3478 3738 3766 3888 „zze-‚33¹
3774 3742 3877 3889 ad>
3903 3736 4611 3906 ..Ρῑῑᾷεωεῗᾙ

2683 3909 2973 3974 tinanter
3016 3908 3135 3975 has
3171 3910 3404 3992 scripsi
3440 3908 3612 3993 quod
3657 3910 4022 3974 invenerim
4066 3908 4201 3973 iam
4236 3928 4417 3973 nunc
4451 3913 4610 3972 recta

2680 3993 2969 4060 Bernam
3014 3995 3457 4077 profecturum
3500 4004 3569 4061 et
3609 3996 3745 4060 iam
3786 3994 4273 4059 abiturientem.
4365 3991 4609 4059 Saluta-

2681 4079 2782 4145 bis
2827 4078 2910 4145 D.
2958 4079 3379 4147 Ionvillaeum
3432 4089 3500 4146 et
3554 4081 3791 4147 statres
3846 4079 4026 4145 alios.
4116 4079 4343 4144 Nostri
4389 4090 4453 4143 te
4493 4096 4609 4141 una

2679 4387 2863 4442 8890.
2886 4386 2945 4450 1)
2976 4394 3209 4455 captum,
3245 4403 3360 4442 aon
3391 4394 3679 4443 mortuum.

2882 4455 2944 4522 2)
2982 4456 3049 4511 de
3081 4463 3173 4511 atr
3241 4471 3310 4511 ue
3337 4456 3520 4523 falsus
3551 4472 3758 4512 rumor.

2884 4524 2946 4591 3)
2985 4524 3175 4579 Etiam
3313 4542 3341 4579 c
3373 4541 3501 4581 vero
3533 4528 3755 4581 minime
3786 4529 4160 4579 ommam
4227 4524 4607 4581 catholicorum

2680 4593 2847 4647 multo
2894 4593 3146 4659 pluribus
3196 4594 3373 4648 caesis
3404 4594 3752 4649 Admiraliuo
3801 4608 3923 4649 eum
3971 4593 4214 4663 eqnaetata
4254 4594 4374 4662 fere
4416 4594 4608 4659 §amoro

2679 4661 2969 4797 danzig?
2991 4676 3273 4799 υσειιεᾶἵὲ
3293 4664 3507 4785 ramis,
3543 4678 3656 4719 non
3677 4670 3740 4719 ut
3773 4677 3841 4718 ox
3870 4663 4011 4730 fuya
4043 4661 4140 4716 sod
4173 4664 4315 4719 bono
4348 4662 4548 4719 ordine.

2976 4732 3134 4786 mbos·
3272 4746 3330 4785 or
3371 4734 3496 4786 itae.

2881 4799 2941 4864 5)
2981 4800 3072 4854 De
3105 4800 3194 4855 hie
3226 4814 3338 4855 non
3370 4805 3598 4856 constat.
3640 4801 3721 4855 Le
3753 4801 3861 4857 duo
3893 4807 4062 4875 ayant
4095 4800 4211 4858 este
4243 4799 4457 4855 declaro
4488 4798 4608 4851 lieu·

2677 4875 2868 4924 tenant
2885 4869 2954 4923 de
2987 4869 3208 4924 l’armee
3226 4869 3263 4924 a
3294 4886 3453 4924 cause
3469 4870 3538 4924 de
3572 4870 3627 4924 la
3698 4871 3846 4925 rison
3864 4871 3939 4926 du
3960 4871 4318 4927 Connestable
4334 4870 4400 4923 fit
4431 4883 4531 4938 que
4546 4862 4605 4918 1‘1

2678 4939 2956 4993 nouvelles
3000 4938 3346 5008 compagnias
3391 4938 3461 4994 de
3504 4954 3636 5006 gens
3794 4956 3852 4994 es
3886 4941 4072 4996 fui-ent
4101 4941 4347 4995 dressees
4380 4943 4528 4993 outre
4558 4935 4607 4988 la

2677 5024 2804 5062 crue
2851 5008 2920 5061 de
2975 5006 3042 5061 10
3083 5012 3283 5073 autres,
3331 5007 3571 5062 chacune
3615 5008 3684 5062 de
3728 5008 3798 5062 20
3842 5009 4099 5065 hommes.
4143 5009 4320 5076 (Hm.
4352 5007 4405 5063 d.
4440 5005 4606 5060 cham

2674 5076 2825 5131 mem.
2858 5093 2913 5158 p.
2963 5074 3091 5144 159)
3126 5076 3388 5131 Helvetiis
3426 5092 3568 5146 prae
3611 5078 3838 5133 meter-'s
3870 5080 4010 5134 male
4042 5080 4203 5134 assit
4233 5092 4424 5147 pugna
4452 5091 4499 5130 o.
4528 5086 4602 5127 oo·

2672 5161 2794 5201 rum
2827 5146 3018 5200 lateras
3050 5142 3128 5199 ad
3157 5160 3288 5201 suos
3319 5161 3357 5201 a
3400 5185 3413 5200 .
3444 5146 3628 5201 Boiam
3661 5146 3732 5201 11.
3771 5145 3872 5202 198
3905 5163 3981 5204 aa.
4015 5147 4186 5218 App.)

2880 5213 2942 5351 ἐς
2974 5213 3237 5337 {aa
3270 5213 3340 5269 38
3377 5213 3408 5268 ⁷
3441 5229 3548 5285 Μ·
