<?xml version="1.0" encoding="UTF-8"?>
<!DOCTYPE html PUBLIC "-//W3C//DTD XHTML 1.0 Transitional//EN"
    "http://www.w3.org/TR/xhtml1/DTD/xhtml1-transitional.dtd">
<html xmlns="http://www.w3.org/1999/xhtml" xml:lang="en" lang="en">
 <head>
  <title>
</title>
<meta http-equiv="Content-Type" content="text/html;charset=utf-8" />
  <meta name='ocr-system' content='tesseract 3.04.00' />
  <meta name='ocr-capabilities' content='ocr_page ocr_carea ocr_par ocr_line ocrx_word'/>
</head>
<body>
  <div class='ocr_page' id='page_1' title='image "./ioanniscalvinio05unkngoog_0302.png"; bbox 0 0 4850 6117; ppageno 0'>
   <div class='ocr_carea' id='block_1_1' title="bbox 597 408 737 473">
    <p class='ocr_par' dir='ltr' id='par_1_1' title="bbox 597 408 737 473">
     <span class='ocr_line' id='line_1_1' title="bbox 597 408 737 473; baseline -0.007 -1"><span class='ocrx_word' id='word_1_1' title='bbox 597 408 737 473; x_wconf 69' lang='lat'>5⁷9</span> 
     </span>
    </p>
   </div>
   <div class='ocr_carea' id='block_1_2' title="bbox 603 583 2566 5048">
    <p class='ocr_par' dir='ltr' id='par_1_2' title="bbox 603 583 2566 2389">
     <span class='ocr_line' id='line_1_2' title="bbox 603 583 2564 678; baseline -0.005 -20"><span class='ocrx_word' id='word_1_2' title='bbox 603 594 720 678; x_wconf 86' lang='lat' dir='ltr'>pie</span> <span class='ocrx_word' id='word_1_3' title='bbox 759 589 1200 660; x_wconf 84' lang='lat' dir='ltr'>observandos</span> <span class='ocrx_word' id='word_1_4' title='bbox 1241 588 1594 654; x_wconf 88' lang='lat' dir='ltr'>immutare</span> <span class='ocrx_word' id='word_1_5' title='bbox 1636 604 1713 653; x_wconf 87' lang='lat' dir='ltr'>ac</span> <span class='ocrx_word' id='word_1_6' title='bbox 1745 584 2031 660; x_wconf 77' lang='lat' dir='ltr'>reficere,</span> <span class='ocrx_word' id='word_1_7' title='bbox 2074 592 2145 650; x_wconf 89' lang='lat' dir='ltr'>et</span> <span class='ocrx_word' id='word_1_8' title='bbox 2178 589 2406 650; x_wconf 86' lang='lat' dir='ltr'>contra</span> <span class='ocrx_word' id='word_1_9' title='bbox 2439 583 2564 669; x_wconf 83' lang='lat' dir='ltr'>fig·</span> 
     </span>
     <span class='ocr_line' id='line_1_3' title="bbox 607 671 2565 745; baseline -0.005 0"><span class='ocrx_word' id='word_1_10' title='bbox 607 678 855 745; x_wconf 87' lang='lat' dir='ltr'>mentis</span> <span class='ocrx_word' id='word_1_11' title='bbox 913 677 1052 743; x_wconf 89' lang='lat' dir='ltr'>suis</span> <span class='ocrx_word' id='word_1_12' title='bbox 1109 695 1186 742; x_wconf 91' lang='lat' dir='ltr'>ac</span> <span class='ocrx_word' id='word_1_13' title='bbox 1244 673 1491 741; x_wconf 80' lang='lat' dir='ltr'>delii-iis</span> <span class='ocrx_word' id='word_1_14' title='bbox 1534 671 1864 738; x_wconf 84' lang='lat' dir='ltr'>Arianicis</span> <span class='ocrx_word' id='word_1_15' title='bbox 1918 672 2240 737; x_wconf 85' lang='lat' dir='ltr'>imbuere:</span> <span class='ocrx_word' id='word_1_16' title='bbox 2298 689 2565 737; x_wconf 89' lang='lat' dir='ltr'>necesse</span> 
     </span>
     <span class='ocr_line' id='line_1_4' title="bbox 609 756 2565 834; baseline -0.005 -3"><span class='ocrx_word' id='word_1_17' title='bbox 609 772 714 831; x_wconf 90' lang='lat' dir='ltr'>est</span> <span class='ocrx_word' id='word_1_18' title='bbox 753 763 1019 830; x_wconf 91' lang='lat' dir='ltr'>omnino</span> <span class='ocrx_word' id='word_1_19' title='bbox 1060 782 1183 828; x_wconf 90' lang='lat' dir='ltr'>nos</span> <span class='ocrx_word' id='word_1_20' title='bbox 1228 782 1356 827; x_wconf 90' lang='lat' dir='ltr'>non</span> <span class='ocrx_word' id='word_1_21' title='bbox 1402 779 1546 826; x_wconf 91' lang='lat' dir='ltr'>esse</span> <span class='ocrx_word' id='word_1_22' title='bbox 1587 766 1803 825; x_wconf 88' lang='lat' dir='ltr'>mutos</span> <span class='ocrx_word' id='word_1_23' title='bbox 1845 778 2060 834; x_wconf 90' lang='lat' dir='ltr'>canes,</span> <span class='ocrx_word' id='word_1_24' title='bbox 2113 756 2244 821; x_wconf 91' lang='lat' dir='ltr'>nisi</span> <span class='ocrx_word' id='word_1_25' title='bbox 2286 756 2565 823; x_wconf 87' lang='lat' dir='ltr'>velimus</span> 
     </span>
     <span class='ocr_line' id='line_1_5' title="bbox 611 841 2566 933; baseline -0.005 -17"><span class='ocrx_word' id='word_1_26' title='bbox 611 870 758 916; x_wconf 90' lang='lat' dir='ltr'>esse</span> <span class='ocrx_word' id='word_1_27' title='bbox 823 847 1187 933; x_wconf 82' lang='lat' dir='ltr'><strong>proditores</strong></span> <span class='ocrx_word' id='word_1_28' title='bbox 1243 846 1551 913; x_wconf 90' lang='lat' dir='ltr'>ecclesiae</span> <span class='ocrx_word' id='word_1_29' title='bbox 1602 843 1857 911; x_wconf 83' lang='lat' dir='ltr'><strong>Christi</strong></span> <span class='ocrx_word' id='word_1_30' title='bbox 1911 842 2195 909; x_wconf 89' lang='lat' dir='ltr'>Domini.</span> <span class='ocrx_word' id='word_1_31' title='bbox 2283 841 2392 908; x_wconf 84' lang='lat' dir='ltr'>Ad</span> <span class='ocrx_word' id='word_1_32' title='bbox 2451 862 2566 907; x_wconf 85' lang='lat' dir='ltr'>ex·</span> 
     </span>
     <span class='ocr_line' id='line_1_6' title="bbox 609 928 2563 1018; baseline -0.004 -17"><span class='ocrx_word' id='word_1_33' title='bbox 609 934 936 1003; x_wconf 89' lang='lat' dir='ltr'>cludenda</span> <span class='ocrx_word' id='word_1_34' title='bbox 977 954 1134 1018; x_wconf 90' lang='lat' dir='ltr'>ergo</span> <span class='ocrx_word' id='word_1_35' title='bbox 1177 940 1243 999; x_wconf 91' lang='lat' dir='ltr'>et</span> <span class='ocrx_word' id='word_1_36' title='bbox 1284 929 1655 998; x_wconf 89' lang='lat' dir='ltr'>damnanda</span> <span class='ocrx_word' id='word_1_37' title='bbox 1696 929 1914 995; x_wconf 88' lang='lat' dir='ltr'>omnia</span> <span class='ocrx_word' id='word_1_38' title='bbox 1970 928 2203 994; x_wconf 91' lang='lat' dir='ltr'>deliria</span> <span class='ocrx_word' id='word_1_39' title='bbox 2246 936 2316 994; x_wconf 89' lang='lat' dir='ltr'>et</span> <span class='ocrx_word' id='word_1_40' title='bbox 2357 948 2563 994; x_wconf 84' lang='lat' dir='ltr'>vanas</span> 
     </span>
     <span class='ocr_line' id='line_1_7' title="bbox 609 1014 2563 1104; baseline -0.004 -17"><span class='ocrx_word' id='word_1_41' title='bbox 609 1017 1088 1104; x_wconf 60' lang='lat' dir='ltr'>speculationes</span> <span class='ocrx_word' id='word_1_42' title='bbox 1121 1020 1398 1084; x_wconf 90' lang='lat' dir='ltr'>istarum</span> <span class='ocrx_word' id='word_1_43' title='bbox 1433 1016 1772 1092; x_wconf 87' lang='lat' dir='ltr'>furiarum,</span> <span class='ocrx_word' id='word_1_44' title='bbox 1808 1016 2196 1082; x_wconf 89' lang='lat' dir='ltr'>confitemur</span> <span class='ocrx_word' id='word_1_45' title='bbox 2231 1014 2368 1080; x_wconf 90' lang='lat' dir='ltr'>alta</span> <span class='ocrx_word' id='word_1_46' title='bbox 2401 1033 2563 1080; x_wconf 81' lang='lat' dir='ltr'>voce</span> 
     </span>
     <span class='ocr_line' id='line_1_8' title="bbox 613 1100 2564 1191; baseline -0.004 -19"><span class='ocrx_word' id='word_1_47' title='bbox 613 1116 683 1172; x_wconf 92' lang='lat' dir='ltr'>et</span> <span class='ocrx_word' id='word_1_48' title='bbox 724 1106 1198 1191; x_wconf 87' lang='lat' dir='ltr'>praedicamus,</span> <span class='ocrx_word' id='word_1_49' title='bbox 1264 1125 1387 1171; x_wconf 88' lang='lat' dir='ltr'>nos</span> <span class='ocrx_word' id='word_1_50' title='bbox 1430 1104 1598 1168; x_wconf 89' lang='lat' dir='ltr'>nihil</span> <span class='ocrx_word' id='word_1_51' title='bbox 1642 1122 1908 1185; x_wconf 88' lang='lat' dir='ltr'>prorsus</span> <span class='ocrx_word' id='word_1_52' title='bbox 1950 1100 2119 1167; x_wconf 84' lang='lat' dir='ltr'>velle</span> <span class='ocrx_word' id='word_1_53' title='bbox 2161 1102 2230 1165; x_wconf 90' lang='lat' dir='ltr'>in</span> <span class='ocrx_word' id='word_1_54' title='bbox 2274 1101 2564 1183; x_wconf 89' lang='lat' dir='ltr'>puritate</span> 
     </span>
     <span class='ocr_line' id='line_1_9' title="bbox 613 1186 2560 1270; baseline -0.004 -13"><span class='ocrx_word' id='word_1_55' title='bbox 613 1191 954 1259; x_wconf 90' lang='lat' dir='ltr'>doctrinae</span> <span class='ocrx_word' id='word_1_56' title='bbox 1007 1192 1346 1269; x_wconf 88' lang='lat' dir='ltr'>innovare,</span> <span class='ocrx_word' id='word_1_57' title='bbox 1411 1209 1647 1254; x_wconf 83' lang='lat' dir='ltr'>verum</span> <span class='ocrx_word' id='word_1_58' title='bbox 1700 1187 1903 1253; x_wconf 91' lang='lat' dir='ltr'>semel</span> <span class='ocrx_word' id='word_1_59' title='bbox 1937 1196 2269 1270; x_wconf 81' lang='lat' dir='ltr'><strong>receptam</strong></span> <span class='ocrx_word' id='word_1_60' title='bbox 2312 1186 2560 1253; x_wconf 83' lang='lat' dir='ltr'>confes-</span> 
     </span>
     <span class='ocr_line' id='line_1_10' title="bbox 613 1271 2562 1356; baseline -0.004 -13"><span class='ocrx_word' id='word_1_61' title='bbox 613 1280 888 1356; x_wconf 79' lang='lat' dir='ltr'>sionem,</span> <span class='ocrx_word' id='word_1_62' title='bbox 955 1278 1149 1343; x_wconf 88' lang='lat' dir='ltr'>sicuti</span> <span class='ocrx_word' id='word_1_63' title='bbox 1194 1277 1275 1343; x_wconf 92' lang='lat' dir='ltr'>ab</span> <span class='ocrx_word' id='word_1_64' title='bbox 1332 1275 1518 1341; x_wconf 91' lang='lat' dir='ltr'>initio</span> <span class='ocrx_word' id='word_1_65' title='bbox 1577 1294 1805 1340; x_wconf 89' lang='lat' dir='ltr'>sumus</span> <span class='ocrx_word' id='word_1_66' title='bbox 1862 1273 1934 1338; x_wconf 92' lang='lat' dir='ltr'>in</span> <span class='ocrx_word' id='word_1_67' title='bbox 1987 1272 2386 1338; x_wconf 68' lang='lat' dir='ltr'>consortium</span> <span class='ocrx_word' id='word_1_68' title='bbox 2442 1271 2562 1336; x_wconf 90' lang='lat' dir='ltr'>filii</span> 
     </span>
     <span class='ocr_line' id='line_1_11' title="bbox 611 1358 2562 1440; baseline -0.002 -12"><span class='ocrx_word' id='word_1_69' title='bbox 611 1363 744 1429; x_wconf 89' lang='lat' dir='ltr'>Dei</span> <span class='ocrx_word' id='word_1_70' title='bbox 789 1362 1020 1440; x_wconf 86' lang='lat' dir='ltr'>vocati,</span> <span class='ocrx_word' id='word_1_71' title='bbox 1066 1364 1238 1428; x_wconf 89' lang='lat' dir='ltr'>tueri</span> <span class='ocrx_word' id='word_1_72' title='bbox 1282 1382 1358 1427; x_wconf 90' lang='lat' dir='ltr'>ac</span> <span class='ocrx_word' id='word_1_73' title='bbox 1391 1359 1752 1426; x_wconf 83' lang='lat' dir='ltr'>defendere.</span> <span class='ocrx_word' id='word_1_74' title='bbox 1816 1359 2139 1425; x_wconf 87' lang='lat' dir='ltr'>Novimus</span> <span class='ocrx_word' id='word_1_75' title='bbox 2183 1359 2360 1423; x_wconf 89' lang='lat' dir='ltr'>enim</span> <span class='ocrx_word' id='word_1_76' title='bbox 2395 1358 2562 1424; x_wconf 89' lang='lat' dir='ltr'>tales</span> 
     </span>
     <span class='ocr_line' id='line_1_12' title="bbox 609 1443 2561 1532; baseline -0.003 -19"><span class='ocrx_word' id='word_1_77' title='bbox 609 1449 1019 1515; x_wconf 81' lang='lat' dir='ltr'>mutationes</span> <span class='ocrx_word' id='word_1_78' title='bbox 1084 1470 1167 1514; x_wconf 88' lang='lat' dir='ltr'>ex</span> <span class='ocrx_word' id='word_1_79' title='bbox 1211 1448 1444 1532; x_wconf 90' lang='lat' dir='ltr'>spiritu</span> <span class='ocrx_word' id='word_1_80' title='bbox 1487 1445 1616 1511; x_wconf 88' lang='lat' dir='ltr'>Dei</span> <span class='ocrx_word' id='word_1_81' title='bbox 1660 1467 1793 1512; x_wconf 92' lang='lat' dir='ltr'>non</span> <span class='ocrx_word' id='word_1_82' title='bbox 1836 1465 1998 1522; x_wconf 87' lang='lat' dir='ltr'>esse,</span> <span class='ocrx_word' id='word_1_83' title='bbox 2043 1444 2156 1510; x_wconf 91' lang='lat' dir='ltr'>sed</span> <span class='ocrx_word' id='word_1_84' title='bbox 2201 1466 2284 1509; x_wconf 87' lang='lat' dir='ltr'>ex</span> <span class='ocrx_word' id='word_1_85' title='bbox 2325 1443 2561 1527; x_wconf 89' lang='lat' dir='ltr'>spiritu</span> 
     </span>
     <span class='ocr_line' id='line_1_13' title="bbox 610 1529 2560 1619; baseline -0.003 -18"><span class='ocrx_word' id='word_1_86' title='bbox 610 1534 985 1619; x_wconf 79' lang='lat' dir='ltr'>vertiginis.</span> <span class='ocrx_word' id='word_1_87' title='bbox 1073 1534 1210 1600; x_wconf 90' lang='lat' dir='ltr'>Nos</span> <span class='ocrx_word' id='word_1_88' title='bbox 1274 1555 1391 1617; x_wconf 89' lang='lat' dir='ltr'>per</span> <span class='ocrx_word' id='word_1_89' title='bbox 1447 1532 1575 1598; x_wconf 92' lang='lat' dir='ltr'>Dei</span> <span class='ocrx_word' id='word_1_90' title='bbox 1633 1533 1914 1616; x_wconf 80' lang='lat' dir='ltr'>gratiam</span> <span class='ocrx_word' id='word_1_91' title='bbox 1970 1532 2042 1595; x_wconf 93' lang='lat' dir='ltr'>in</span> <span class='ocrx_word' id='word_1_92' title='bbox 2098 1529 2221 1596; x_wconf 89' lang='lat' dir='ltr'>hoc</span> <span class='ocrx_word' id='word_1_93' title='bbox 2284 1530 2560 1596; x_wconf 89' lang='lat' dir='ltr'>articulo</span> 
     </span>
     <span class='ocr_line' id='line_1_14' title="bbox 613 1615 2562 1686; baseline -0.002 0"><span class='ocrx_word' id='word_1_94' title='bbox 613 1620 989 1686; x_wconf 84' lang='lat' dir='ltr'>adorandae</span> <span class='ocrx_word' id='word_1_95' title='bbox 1078 1621 1391 1686; x_wconf 83' lang='lat' dir='ltr'>trinitatis</span> <span class='ocrx_word' id='word_1_96' title='bbox 1476 1617 1781 1683; x_wconf 88' lang='lat' dir='ltr'>nolumus</span> <span class='ocrx_word' id='word_1_97' title='bbox 1870 1615 2166 1682; x_wconf 90' lang='lat' dir='ltr'>deserere</span> <span class='ocrx_word' id='word_1_98' title='bbox 2256 1615 2562 1682; x_wconf 85' lang='lat' dir='ltr'>ecclesias</span> 
     </span>
     <span class='ocr_line' id='line_1_15' title="bbox 612 1701 2560 1785; baseline -0.003 -14"><span class='ocrx_word' id='word_1_99' title='bbox 612 1715 898 1785; x_wconf 88' lang='lat' dir='ltr'>sanctas,</span> <span class='ocrx_word' id='word_1_100' title='bbox 962 1705 1405 1782; x_wconf 81' lang='lat' dir='ltr'>Germaniam,</span> <span class='ocrx_word' id='word_1_101' title='bbox 1469 1703 1863 1782; x_wconf 86' lang='lat' dir='ltr'>Helvetiam,</span> <span class='ocrx_word' id='word_1_102' title='bbox 1930 1701 2350 1781; x_wconf 88' lang='lat' dir='ltr'>Sabaudiam,</span> <span class='ocrx_word' id='word_1_103' title='bbox 2417 1704 2560 1767; x_wconf 90' lang='lat' dir='ltr'>An-</span> 
     </span>
     <span class='ocr_line' id='line_1_16' title="bbox 611 1788 2561 1875; baseline -0.003 -18"><span class='ocrx_word' id='word_1_104' title='bbox 611 1792 836 1875; x_wconf 86' lang='lat' dir='ltr'>gliam,</span> <span class='ocrx_word' id='word_1_105' title='bbox 895 1791 1201 1870; x_wconf 76' lang='lat' dir='ltr'>Galliam,</span> <span class='ocrx_word' id='word_1_106' title='bbox 1259 1790 1642 1857; x_wconf 89' lang='lat' dir='ltr'>Bohemiam</span> <span class='ocrx_word' id='word_1_107' title='bbox 1713 1799 1780 1854; x_wconf 91' lang='lat' dir='ltr'>et</span> <span class='ocrx_word' id='word_1_108' title='bbox 1842 1789 2156 1854; x_wconf 89' lang='lat' dir='ltr'>maiorem</span> <span class='ocrx_word' id='word_1_109' title='bbox 2214 1788 2561 1854; x_wconf 90' lang='lat' dir='ltr'>Poloniam</span> 
     </span>
     <span class='ocr_line' id='line_1_17' title="bbox 609 1874 2561 1961; baseline -0.002 -20"><span class='ocrx_word' id='word_1_110' title='bbox 609 1876 1078 1955; x_wconf 84' lang='lat' dir='ltr'>inhabitantes,</span> <span class='ocrx_word' id='word_1_111' title='bbox 1146 1898 1264 1960; x_wconf 90' lang='lat' dir='ltr'>per</span> <span class='ocrx_word' id='word_1_112' title='bbox 1321 1898 1486 1961; x_wconf 92' lang='lat' dir='ltr'>quas</span> <span class='ocrx_word' id='word_1_113' title='bbox 1537 1895 1902 1960; x_wconf 59' lang='lat' dir='ltr'>propagat:</span> <span class='ocrx_word' id='word_1_114' title='bbox 1945 1875 2156 1940; x_wconf 91' lang='lat' dir='ltr'>lucem</span> <span class='ocrx_word' id='word_1_115' title='bbox 2204 1875 2388 1941; x_wconf 84' lang='lat' dir='ltr'>verbi</span> <span class='ocrx_word' id='word_1_116' title='bbox 2432 1874 2561 1940; x_wconf 91' lang='lat' dir='ltr'>Dei</span> 
     </span>
     <span class='ocr_line' id='line_1_18' title="bbox 611 1960 2557 2029; baseline -0.002 -2"><span class='ocrx_word' id='word_1_117' title='bbox 611 1964 687 2027; x_wconf 91' lang='lat' dir='ltr'>in</span> <span class='ocrx_word' id='word_1_118' title='bbox 751 1963 876 2028; x_wconf 90' lang='lat' dir='ltr'>hac</span> <span class='ocrx_word' id='word_1_119' title='bbox 939 1963 1177 2028; x_wconf 89' lang='lat' dir='ltr'>ultima</span> <span class='ocrx_word' id='word_1_120' title='bbox 1235 1968 1500 2029; x_wconf 79' lang='lat' dir='ltr'>senecta</span> <span class='ocrx_word' id='word_1_121' title='bbox 1557 1962 1788 2026; x_wconf 90' lang='lat' dir='ltr'>mundi</span> <span class='ocrx_word' id='word_1_122' title='bbox 1831 1961 2170 2028; x_wconf 91' lang='lat' dir='ltr'>consilium</span> <span class='ocrx_word' id='word_1_123' title='bbox 2216 1961 2343 2025; x_wconf 93' lang='lat' dir='ltr'>Dei</span> <span class='ocrx_word' id='word_1_124' title='bbox 2392 1960 2557 2025; x_wconf 87' lang='lat' dir='ltr'>fuit:</span> 
     </span>
     <span class='ocr_line' id='line_1_19' title="bbox 611 2046 2560 2132; baseline -0.002 -18"><span class='ocrx_word' id='word_1_125' title='bbox 611 2068 764 2114; x_wconf 86' lang='lat' dir='ltr'>cum</span> <span class='ocrx_word' id='word_1_126' title='bbox 808 2049 1041 2132; x_wconf 91' lang='lat' dir='ltr'>quibus</span> <span class='ocrx_word' id='word_1_127' title='bbox 1083 2049 1512 2115; x_wconf 82' lang='lat' dir='ltr'>arctissimam</span> <span class='ocrx_word' id='word_1_128' title='bbox 1565 2048 1875 2113; x_wconf 91' lang='lat' dir='ltr'>unionem</span> <span class='ocrx_word' id='word_1_129' title='bbox 1917 2046 2237 2126; x_wconf 86' lang='lat' dir='ltr'>coluimus</span> <span class='ocrx_word' id='word_1_130' title='bbox 2279 2054 2347 2111; x_wconf 86' lang='lat' dir='ltr'>et</span> <span class='ocrx_word' id='word_1_131' title='bbox 2389 2068 2560 2113; x_wconf 89' lang='lat' dir='ltr'>sem-</span> 
     </span>
     <span class='ocr_line' id='line_1_20' title="bbox 609 2132 2558 2218; baseline -0.002 -18"><span class='ocrx_word' id='word_1_132' title='bbox 609 2155 732 2218; x_wconf 89' lang='lat' dir='ltr'>per</span> <span class='ocrx_word' id='word_1_133' title='bbox 803 2134 1014 2202; x_wconf 91' lang='lat' dir='ltr'>colere</span> <span class='ocrx_word' id='word_1_134' title='bbox 1078 2134 1485 2201; x_wconf 80' lang='lat' dir='ltr'>decrevimus</span> <span class='ocrx_word' id='word_1_135' title='bbox 1509 2185 1525 2213; x_wconf 93' lang='lat'>,</span> <span class='ocrx_word' id='word_1_136' title='bbox 1596 2132 1924 2200; x_wconf 87' lang='lat' dir='ltr'>furoribus</span> <span class='ocrx_word' id='word_1_137' title='bbox 1989 2141 2208 2197; x_wconf 90' lang='lat' dir='ltr'>autem</span> <span class='ocrx_word' id='word_1_138' title='bbox 2285 2133 2558 2198; x_wconf 90' lang='lat' dir='ltr'>istorum</span> 
     </span>
     <span class='ocr_line' id='line_1_21' title="bbox 609 2217 2562 2306; baseline 0 -22"><span class='ocrx_word' id='word_1_139' title='bbox 609 2231 924 2304; x_wconf 87' lang='lat' dir='ltr'>tanquam</span> <span class='ocrx_word' id='word_1_140' title='bbox 970 2220 1272 2306; x_wconf 92' lang='lat' dir='ltr'>clypeum</span> <span class='ocrx_word' id='word_1_141' title='bbox 1315 2219 1703 2305; x_wconf 90' lang='lat' dir='ltr'>opponimus</span> <span class='ocrx_word' id='word_1_142' title='bbox 1757 2219 2192 2285; x_wconf 79' lang='lat' dir='ltr'>confessiones</span> <span class='ocrx_word' id='word_1_143' title='bbox 2237 2239 2318 2283; x_wconf 87' lang='lat' dir='ltr'>ex</span> <span class='ocrx_word' id='word_1_144' title='bbox 2363 2217 2562 2284; x_wconf 88' lang='lat' dir='ltr'>verbo</span> 
     </span>
     <span class='ocr_line' id='line_1_22' title="bbox 612 2303 2472 2389; baseline -0.001 -19"><span class='ocrx_word' id='word_1_145' title='bbox 612 2305 748 2371; x_wconf 89' lang='lat' dir='ltr'>Dei</span> <span class='ocrx_word' id='word_1_146' title='bbox 794 2305 1208 2388; x_wconf 89' lang='lat' dir='ltr'>depromptas</span> <span class='ocrx_word' id='word_1_147' title='bbox 1253 2327 1419 2389; x_wconf 88' lang='lat' dir='ltr'>quae</span> <span class='ocrx_word' id='word_1_148' title='bbox 1461 2307 1555 2372; x_wconf 89' lang='lat' dir='ltr'>sic</span> <span class='ocrx_word' id='word_1_149' title='bbox 1608 2325 1683 2370; x_wconf 92' lang='lat' dir='ltr'>eo</span> <span class='ocrx_word' id='word_1_150' title='bbox 1727 2304 1955 2370; x_wconf 89' lang='lat' dir='ltr'>ordine</span> <span class='ocrx_word' id='word_1_151' title='bbox 1997 2303 2472 2370; x_wconf 84' lang='lat' dir='ltr'>recitabuntur.</span> 
     </span>
    </p>

    <p class='ocr_par' dir='ltr' id='par_1_3' title="bbox 611 2389 2561 2555">
     <span class='ocr_line' id='line_1_23' title="bbox 786 2389 2561 2477; baseline -0.002 -20"><span class='ocrx_word' id='word_1_152' title='bbox 786 2390 1177 2476; x_wconf 82' lang='lat' dir='ltr'>Symbolum</span> <span class='ocrx_word' id='word_1_153' title='bbox 1286 2392 1741 2477; x_wconf 88' lang='lat' dir='ltr'>apostolicum:</span> <span class='ocrx_word' id='word_1_154' title='bbox 1871 2389 2061 2458; x_wconf 86' lang='lat' dir='ltr'>credo</span> <span class='ocrx_word' id='word_1_155' title='bbox 2169 2389 2242 2455; x_wconf 92' lang='lat' dir='ltr'>in</span> <span class='ocrx_word' id='word_1_156' title='bbox 2350 2411 2561 2455; x_wconf 89' lang='lat' dir='ltr'>unum</span> 
     </span>
     <span class='ocr_line' id='line_1_24' title="bbox 611 2476 1088 2555; baseline -0.008 -13"><span class='ocrx_word' id='word_1_157' title='bbox 611 2476 836 2542; x_wconf 86' lang='lat' dir='ltr'>Deum</span> <span class='ocrx_word' id='word_1_158' title='bbox 859 2488 979 2543; x_wconf 89' lang='lat' dir='ltr'>etc.</span> <span class='ocrx_word' id='word_1_159' title='bbox 995 2478 1088 2555; x_wconf 78' lang='lat'>²⁵)</span> 
     </span>
    </p>

    <p class='ocr_par' dir='ltr' id='par_1_4' title="bbox 613 2560 2560 2715">
     <span class='ocr_line' id='line_1_25' title="bbox 789 2560 2560 2646; baseline 0 -18"><span class='ocrx_word' id='word_1_160' title='bbox 789 2561 1179 2646; x_wconf 78' lang='lat' dir='ltr'>Symbolum</span> <span class='ocrx_word' id='word_1_161' title='bbox 1224 2561 2024 2646; x_wconf 89' lang='lat' dir='ltr'>Constantinopolitanum</span> <span class='ocrx_word' id='word_1_162' title='bbox 2080 2561 2151 2626; x_wconf 91' lang='lat' dir='ltr'>in</span> <span class='ocrx_word' id='word_1_163' title='bbox 2206 2582 2339 2646; x_wconf 91' lang='lat' dir='ltr'>quo</span> <span class='ocrx_word' id='word_1_164' title='bbox 2394 2560 2560 2628; x_wconf 90' lang='lat' dir='ltr'>reci·</span> 
     </span>
     <span class='ocr_line' id='line_1_26' title="bbox 613 2646 1829 2715; baseline -0.002 -2"><span class='ocrx_word' id='word_1_165' title='bbox 613 2655 796 2713; x_wconf 87' lang='lat' dir='ltr'>tatur</span> <span class='ocrx_word' id='word_1_166' title='bbox 836 2648 1000 2714; x_wconf 89' lang='lat' dir='ltr'>fides</span> <span class='ocrx_word' id='word_1_167' title='bbox 1042 2648 1363 2715; x_wconf 84' lang='lat' dir='ltr'>Nicaena:</span> <span class='ocrx_word' id='word_1_168' title='bbox 1453 2646 1664 2713; x_wconf 83' lang='lat' dir='ltr'>Credo</span> <span class='ocrx_word' id='word_1_169' title='bbox 1708 2654 1829 2712; x_wconf 89' lang='lat' dir='ltr'>etc.</span> 
     </span>
    </p>

    <p class='ocr_par' dir='ltr' id='par_1_5' title="bbox 609 2731 2561 3162">
     <span class='ocr_line' id='line_1_27' title="bbox 789 2731 2561 2819; baseline -0.001 -20"><span class='ocrx_word' id='word_1_170' title='bbox 789 2732 1175 2819; x_wconf 82' lang='lat' dir='ltr'>Symbolum</span> <span class='ocrx_word' id='word_1_171' title='bbox 1229 2733 1607 2800; x_wconf 88' lang='lat' dir='ltr'>Athanasii:</span> <span class='ocrx_word' id='word_1_172' title='bbox 1698 2731 2087 2816; x_wconf 78' lang='lat' dir='ltr'>Quicunque</span> <span class='ocrx_word' id='word_1_173' title='bbox 2145 2739 2266 2799; x_wconf 92' lang='lat' dir='ltr'>etc.</span> <span class='ocrx_word' id='word_1_174' title='bbox 2324 2769 2408 2781; x_wconf 91' lang='lat'>—-</span> <span class='ocrx_word' id='word_1_175' title='bbox 2468 2733 2561 2798; x_wconf 85' lang='lat' dir='ltr'>Et</span> 
     </span>
     <span class='ocr_line' id='line_1_28' title="bbox 609 2818 2560 2904; baseline 0 -21"><span class='ocrx_word' id='word_1_176' title='bbox 609 2818 684 2884; x_wconf 91' lang='lat' dir='ltr'>in</span> <span class='ocrx_word' id='word_1_177' title='bbox 727 2819 851 2887; x_wconf 92' lang='lat' dir='ltr'>hoc</span> <span class='ocrx_word' id='word_1_178' title='bbox 893 2820 1187 2904; x_wconf 91' lang='lat' dir='ltr'>symbolo</span> <span class='ocrx_word' id='word_1_179' title='bbox 1230 2820 1600 2886; x_wconf 91' lang='lat' dir='ltr'>continetur</span> <span class='ocrx_word' id='word_1_180' title='bbox 1641 2820 1978 2902; x_wconf 90' lang='lat' dir='ltr'>perspicua</span> <span class='ocrx_word' id='word_1_181' title='bbox 2021 2818 2339 2902; x_wconf 83' lang='lat' dir='ltr'>expositio</span> <span class='ocrx_word' id='word_1_182' title='bbox 2380 2841 2560 2904; x_wconf 91' lang='lat' dir='ltr'>sym-</span> 
     </span>
     <span class='ocr_line' id='line_1_29' title="bbox 613 2903 2560 2989; baseline -0.001 -18"><span class='ocrx_word' id='word_1_183' title='bbox 613 2903 747 2971; x_wconf 93' lang='lat' dir='ltr'>boli</span> <span class='ocrx_word' id='word_1_184' title='bbox 792 2906 1141 2988; x_wconf 89' lang='lat' dir='ltr'>apostolici,</span> <span class='ocrx_word' id='word_1_185' title='bbox 1209 2906 1387 2971; x_wconf 90' lang='lat' dir='ltr'>unde</span> <span class='ocrx_word' id='word_1_186' title='bbox 1429 2905 1770 2971; x_wconf 90' lang='lat' dir='ltr'>Lutherus</span> <span class='ocrx_word' id='word_1_187' title='bbox 1811 2905 2372 2989; x_wconf 86' lang='lat' dir='ltr'>propugnaculum</span> <span class='ocrx_word' id='word_1_188' title='bbox 2406 2903 2560 2970; x_wconf 90' lang='lat' dir='ltr'>fidei</span> 
     </span>
     <span class='ocr_line' id='line_1_30' title="bbox 611 2991 2559 3075; baseline -0.001 -19"><span class='ocrx_word' id='word_1_189' title='bbox 611 2991 1007 3074; x_wconf 88' lang='lat' dir='ltr'>apostolicae</span> <span class='ocrx_word' id='word_1_190' title='bbox 1051 2993 1325 3058; x_wconf 79' lang='lat' dir='ltr'>vocavit.</span> <span class='ocrx_word' id='word_1_191' title='bbox 1415 2992 1508 3056; x_wconf 90' lang='lat' dir='ltr'>Et</span> <span class='ocrx_word' id='word_1_192' title='bbox 1549 2992 1662 3075; x_wconf 91' lang='lat' dir='ltr'>qui</span> <span class='ocrx_word' id='word_1_193' title='bbox 1724 3011 1854 3055; x_wconf 91' lang='lat' dir='ltr'>non</span> <span class='ocrx_word' id='word_1_194' title='bbox 1907 2999 2134 3056; x_wconf 87' lang='lat' dir='ltr'>tenent</span> <span class='ocrx_word' id='word_1_195' title='bbox 2175 2991 2299 3057; x_wconf 92' lang='lat' dir='ltr'>hoc</span> <span class='ocrx_word' id='word_1_196' title='bbox 2342 2992 2559 3073; x_wconf 90' lang='lat' dir='ltr'>ipsum</span> 
     </span>
     <span class='ocr_line' id='line_1_31' title="bbox 613 3075 2559 3162; baseline 0 -21"><span class='ocrx_word' id='word_1_197' title='bbox 613 3077 984 3161; x_wconf 89' lang='lat' dir='ltr'>symbolum</span> <span class='ocrx_word' id='word_1_198' title='bbox 1026 3078 1276 3143; x_wconf 88' lang='lat' dir='ltr'>frustra</span> <span class='ocrx_word' id='word_1_199' title='bbox 1319 3076 1686 3162; x_wconf 88' lang='lat' dir='ltr'>gloriantur</span> <span class='ocrx_word' id='word_1_200' title='bbox 1728 3075 1806 3142; x_wconf 92' lang='lat' dir='ltr'>de</span> <span class='ocrx_word' id='word_1_201' title='bbox 1849 3077 2143 3161; x_wconf 91' lang='lat' dir='ltr'>symbolo</span> <span class='ocrx_word' id='word_1_202' title='bbox 2187 3076 2559 3161; x_wconf 87' lang='lat' dir='ltr'>apostolice.</span> 
     </span>
    </p>

    <p class='ocr_par' dir='ltr' id='par_1_6' title="bbox 615 3162 2563 3418">
     <span class='ocr_line' id='line_1_32' title="bbox 789 3162 2562 3247; baseline -0.001 -20"><span class='ocrx_word' id='word_1_203' title='bbox 789 3163 1070 3229; x_wconf 86' lang='lat' dir='ltr'>Articuli</span> <span class='ocrx_word' id='word_1_204' title='bbox 1104 3164 1215 3246; x_wconf 89' lang='lat' dir='ltr'>qui</span> <span class='ocrx_word' id='word_1_205' title='bbox 1258 3164 1493 3247; x_wconf 73' lang='lat' dir='ltr'>Tiguri</span> <span class='ocrx_word' id='word_1_206' title='bbox 1536 3162 1932 3229; x_wconf 82' lang='lat' dir='ltr'>exhibentur</span> <span class='ocrx_word' id='word_1_207' title='bbox 1965 3163 2268 3228; x_wconf 91' lang='lat' dir='ltr'>omnibus</span> <span class='ocrx_word' id='word_1_208' title='bbox 2304 3164 2562 3228; x_wconf 84' lang='lat' dir='ltr'>noviter</span> 
     </span>
     <span class='ocr_line' id='line_1_33' title="bbox 617 3246 2563 3333; baseline 0.001 -22"><span class='ocrx_word' id='word_1_209' title='bbox 617 3246 994 3315; x_wconf 80' lang='lat' dir='ltr'>volentibus</span> <span class='ocrx_word' id='word_1_210' title='bbox 1057 3271 1129 3315; x_wconf 89' lang='lat' dir='ltr'>se</span> <span class='ocrx_word' id='word_1_211' title='bbox 1192 3249 1547 3333; x_wconf 88' lang='lat' dir='ltr'>adiungere</span> <span class='ocrx_word' id='word_1_212' title='bbox 1610 3248 1950 3316; x_wconf 88' lang='lat' dir='ltr'>ecclesiae:</span> <span class='ocrx_word' id='word_1_213' title='bbox 2039 3254 2092 3314; x_wconf 92' lang='grc'>1.</span> <span class='ocrx_word' id='word_1_214' title='bbox 2139 3247 2323 3315; x_wconf 90' lang='lat' dir='ltr'>Deus</span> <span class='ocrx_word' id='word_1_215' title='bbox 2387 3270 2563 3314; x_wconf 89' lang='lat' dir='ltr'>unus</span> 
     </span>
     <span class='ocr_line' id='line_1_34' title="bbox 615 3335 1710 3418; baseline 0.005 -21"><span class='ocrx_word' id='word_1_216' title='bbox 615 3338 720 3399; x_wconf 90' lang='lat' dir='ltr'>est</span> <span class='ocrx_word' id='word_1_217' title='bbox 761 3342 999 3399; x_wconf 88' lang='lat' dir='ltr'>natura</span> <span class='ocrx_word' id='word_1_218' title='bbox 1040 3343 1106 3399; x_wconf 87' lang='lat' dir='ltr'>et</span> <span class='ocrx_word' id='word_1_219' title='bbox 1145 3335 1428 3401; x_wconf 88' lang='lat' dir='ltr'>essentia</span> <span class='ocrx_word' id='word_1_220' title='bbox 1471 3343 1587 3402; x_wconf 89' lang='lat' dir='ltr'>etc.</span> <span class='ocrx_word' id='word_1_221' title='bbox 1620 3336 1710 3418; x_wconf 80' lang='lat'>²⁶)</span> 
     </span>
    </p>

    <p class='ocr_par' dir='ltr' id='par_1_7' title="bbox 611 3420 2565 5048">
     <span class='ocr_line' id='line_1_35' title="bbox 794 3420 2562 3505; baseline -0.001 -20"><span class='ocrx_word' id='word_1_222' title='bbox 794 3420 903 3485; x_wconf 85' lang='lat' dir='ltr'>Ex</span> <span class='ocrx_word' id='word_1_223' title='bbox 967 3421 1425 3486; x_wconf 87' lang='lat' dir='ltr'>reformatione</span> <span class='ocrx_word' id='word_1_224' title='bbox 1481 3421 1897 3488; x_wconf 90' lang='lat' dir='ltr'>ecclesiarum</span> <span class='ocrx_word' id='word_1_225' title='bbox 1947 3420 2448 3505; x_wconf 88' lang='lat' dir='ltr'>peregrinarum</span> <span class='ocrx_word' id='word_1_226' title='bbox 2490 3421 2562 3484; x_wconf 91' lang='lat' dir='ltr'>in</span> 
     </span>
     <span class='ocr_line' id='line_1_36' title="bbox 617 3504 2565 3589; baseline 0.002 -21"><span class='ocrx_word' id='word_1_227' title='bbox 617 3504 861 3588; x_wconf 82' lang='lat' dir='ltr'>Anglia</span> <span class='ocrx_word' id='word_1_228' title='bbox 903 3526 1101 3588; x_wconf 91' lang='lat' dir='ltr'>quam</span> <span class='ocrx_word' id='word_1_229' title='bbox 1144 3507 1526 3589; x_wconf 89' lang='lat' dir='ltr'>conscripsit</span> <span class='ocrx_word' id='word_1_230' title='bbox 1566 3506 1651 3571; x_wconf 89' lang='lat' dir='ltr'>D.</span> <span class='ocrx_word' id='word_1_231' title='bbox 1696 3507 1980 3573; x_wconf 90' lang='lat' dir='ltr'>Ioannes</span> <span class='ocrx_word' id='word_1_232' title='bbox 2023 3529 2066 3573; x_wconf 85' lang='lat' dir='ltr'>a</span> <span class='ocrx_word' id='word_1_233' title='bbox 2110 3507 2328 3585; x_wconf 78' lang='lat' dir='ltr'>Lasco,</span> <span class='ocrx_word' id='word_1_234' title='bbox 2373 3506 2565 3572; x_wconf 83' lang='lat' dir='ltr'>iuxta</span> 
     </span>
     <span class='ocr_line' id='line_1_37' title="bbox 613 3591 2564 3676; baseline 0.001 -21"><span class='ocrx_word' id='word_1_235' title='bbox 613 3611 812 3673; x_wconf 89' lang='lat' dir='ltr'>quam</span> <span class='ocrx_word' id='word_1_236' title='bbox 877 3591 1357 3676; x_wconf 89' lang='lat' dir='ltr'>inaugurantur</span> <span class='ocrx_word' id='word_1_237' title='bbox 1411 3613 1634 3658; x_wconf 90' lang='lat' dir='ltr'>omnes</span> <span class='ocrx_word' id='word_1_238' title='bbox 1690 3594 1974 3658; x_wconf 82' lang='lat' dir='ltr'>minist-ri</span> <span class='ocrx_word' id='word_1_239' title='bbox 2036 3592 2107 3658; x_wconf 90' lang='lat' dir='ltr'>in</span> <span class='ocrx_word' id='word_1_240' title='bbox 2149 3593 2386 3657; x_wconf 89' lang='lat' dir='ltr'>minori</span> <span class='ocrx_word' id='word_1_241' title='bbox 2431 3592 2564 3658; x_wconf 93' lang='lat' dir='ltr'>Po-</span> 
     </span>
     <span class='ocr_line' id='line_1_38' title="bbox 613 3674 2564 3763; baseline 0.001 -22"><span class='ocrx_word' id='word_1_242' title='bbox 613 3674 821 3741; x_wconf 89' lang='lat' dir='ltr'>lonia:</span> <span class='ocrx_word' id='word_1_243' title='bbox 913 3676 1352 3761; x_wconf 67' lang='lat' dir='ltr'>Iozterroyatioz</span> <span class='ocrx_word' id='word_1_244' title='bbox 1456 3677 1689 3743; x_wconf 88' lang='lat' dir='ltr'>Credis</span> <span class='ocrx_word' id='word_1_245' title='bbox 1753 3678 1956 3763; x_wconf 89' lang='lat' dir='ltr'>igitur</span> <span class='ocrx_word' id='word_1_246' title='bbox 2033 3687 2100 3744; x_wconf 90' lang='lat' dir='ltr'>et</span> <span class='ocrx_word' id='word_1_247' title='bbox 2174 3687 2429 3763; x_wconf 87' lang='lat' dir='ltr'>patrem</span> <span class='ocrx_word' id='word_1_248' title='bbox 2497 3685 2564 3743; x_wconf 93' lang='lat' dir='ltr'>et</span> 
     </span>
     <span class='ocr_line' id='line_1_39' title="bbox 611 3761 2563 3847; baseline 0.001 -21"><span class='ocrx_word' id='word_1_249' title='bbox 611 3761 822 3827; x_wconf 89' lang='lat' dir='ltr'>filium</span> <span class='ocrx_word' id='word_1_250' title='bbox 869 3771 936 3827; x_wconf 89' lang='lat' dir='ltr'>et</span> <span class='ocrx_word' id='word_1_251' title='bbox 970 3763 1272 3844; x_wconf 90' lang='lat' dir='ltr'>spiritum</span> <span class='ocrx_word' id='word_1_252' title='bbox 1317 3772 1615 3831; x_wconf 90' lang='lat' dir='ltr'>sanctum</span> <span class='ocrx_word' id='word_1_253' title='bbox 1655 3784 1797 3829; x_wconf 90' lang='lat' dir='ltr'>esse</span> <span class='ocrx_word' id='word_1_254' title='bbox 1838 3786 2044 3829; x_wconf 90' lang='lat' dir='ltr'>unum</span> <span class='ocrx_word' id='word_1_255' title='bbox 2087 3764 2321 3832; x_wconf 83' lang='lat' dir='ltr'>vivum</span> <span class='ocrx_word' id='word_1_256' title='bbox 2366 3773 2563 3847; x_wconf 89' lang='lat' dir='ltr'>atque</span> 
     </span>
     <span class='ocr_line' id='line_1_40' title="bbox 615 3848 2562 3932; baseline 0.002 -21"><span class='ocrx_word' id='word_1_257' title='bbox 615 3855 960 3914; x_wconf 88' lang='lat' dir='ltr'>aeternum</span> <span class='ocrx_word' id='word_1_258' title='bbox 1001 3848 1270 3914; x_wconf 77' lang='lat' dir='ltr'>Deum?</span> <span class='ocrx_word' id='word_1_259' title='bbox 1339 3849 1639 3932; x_wconf 58' lang='lat' dir='ltr'>Raspmw.</span> <span class='ocrx_word' id='word_1_260' title='bbox 1708 3849 1921 3915; x_wconf 80' lang='lat' dir='ltr'>Credo</span> <span class='ocrx_word' id='word_1_261' title='bbox 1978 3852 2260 3929; x_wconf 89' lang='lat' dir='ltr'>omnino,</span> <span class='ocrx_word' id='word_1_262' title='bbox 2324 3851 2423 3916; x_wconf 90' lang='lat' dir='ltr'>ita</span> <span class='ocrx_word' id='word_1_263' title='bbox 2465 3858 2562 3914; x_wconf 92' lang='lat' dir='ltr'>ta-</span> 
     </span>
     <span class='ocr_line' id='line_1_41' title="bbox 613 3935 2561 4019; baseline 0.002 -22"><span class='ocrx_word' id='word_1_264' title='bbox 613 3953 771 3998; x_wconf 89' lang='lat' dir='ltr'>men</span> <span class='ocrx_word' id='word_1_265' title='bbox 814 3942 892 3999; x_wconf 91' lang='lat' dir='ltr'>ut</span> <span class='ocrx_word' id='word_1_266' title='bbox 933 3935 1006 3998; x_wconf 90' lang='lat' dir='ltr'>in</span> <span class='ocrx_word' id='word_1_267' title='bbox 1048 3956 1181 3999; x_wconf 90' lang='lat' dir='ltr'>una</span> <span class='ocrx_word' id='word_1_268' title='bbox 1224 3943 1419 4018; x_wconf 91' lang='lat' dir='ltr'>atque</span> <span class='ocrx_word' id='word_1_269' title='bbox 1477 3936 1704 4001; x_wconf 92' lang='lat' dir='ltr'>eadem</span> <span class='ocrx_word' id='word_1_270' title='bbox 1749 3936 2113 4003; x_wconf 81' lang='lat' dir='ltr'>divinitatis</span> <span class='ocrx_word' id='word_1_271' title='bbox 2159 3935 2453 4004; x_wconf 88' lang='lat' dir='ltr'>haenade</span> <span class='ocrx_word' id='word_1_272' title='bbox 2469 3937 2561 4019; x_wconf 75' lang='grc'>27)</span> 
     </span>
     <span class='ocr_line' id='line_1_42' title="bbox 619 4017 2561 4106; baseline 0.002 -22"><span class='ocrx_word' id='word_1_273' title='bbox 619 4017 1104 4086; x_wconf 85' lang='lat' dir='ltr'>distinctionem</span> <span class='ocrx_word' id='word_1_274' title='bbox 1149 4041 1414 4103; x_wconf 87' lang='lat' dir='ltr'>prorsus</span> <span class='ocrx_word' id='word_1_275' title='bbox 1458 4024 1657 4086; x_wconf 89' lang='lat' dir='ltr'>trium</span> <span class='ocrx_word' id='word_1_276' title='bbox 1719 4043 2141 4106; x_wconf 91' lang='lat' dir='ltr'>personarum</span> <span class='ocrx_word' id='word_1_277' title='bbox 2185 4024 2384 4088; x_wconf 91' lang='lat' dir='ltr'>etiam</span> <span class='ocrx_word' id='word_1_278' title='bbox 2428 4022 2561 4087; x_wconf 93' lang='lat' dir='ltr'>dis-</span> 
     </span>
     <span class='ocr_line' id='line_1_43' title="bbox 614 4105 2564 4191; baseline 0.001 -20"><span class='ocrx_word' id='word_1_279' title='bbox 614 4105 867 4172; x_wconf 87' lang='lat' dir='ltr'>crimen</span> <span class='ocrx_word' id='word_1_280' title='bbox 911 4126 1277 4190; x_wconf 88' lang='lat' dir='ltr'>agnoscam,</span> <span class='ocrx_word' id='word_1_281' title='bbox 1320 4108 1509 4173; x_wconf 87' lang='lat' dir='ltr'>iuxta</span> <span class='ocrx_word' id='word_1_282' title='bbox 1550 4106 1722 4191; x_wconf 90' lang='lat' dir='ltr'>quod</span> <span class='ocrx_word' id='word_1_283' title='bbox 1767 4107 2068 4175; x_wconf 86' lang='lat' dir='ltr'>videlicet</span> <span class='ocrx_word' id='word_1_284' title='bbox 2107 4108 2182 4173; x_wconf 90' lang='lat' dir='ltr'>in</span> <span class='ocrx_word' id='word_1_285' title='bbox 2215 4129 2459 4174; x_wconf 89' lang='lat' dir='ltr'>nomen</span> <span class='ocrx_word' id='word_1_286' title='bbox 2494 4115 2564 4173; x_wconf 86' lang='lat' dir='ltr'>et</span> 
     </span>
     <span class='ocr_line' id='line_1_44' title="bbox 615 4192 2558 4276; baseline 0.002 -21"><span class='ocrx_word' id='word_1_287' title='bbox 615 4192 822 4272; x_wconf 90' lang='lat' dir='ltr'>patris</span> <span class='ocrx_word' id='word_1_288' title='bbox 865 4199 931 4256; x_wconf 92' lang='lat' dir='ltr'>et</span> <span class='ocrx_word' id='word_1_289' title='bbox 964 4192 1085 4256; x_wconf 91' lang='lat' dir='ltr'>filii</span> <span class='ocrx_word' id='word_1_290' title='bbox 1118 4198 1186 4257; x_wconf 88' lang='lat' dir='ltr'>et</span> <span class='ocrx_word' id='word_1_291' title='bbox 1218 4193 1484 4275; x_wconf 90' lang='lat' dir='ltr'>spiritus</span> <span class='ocrx_word' id='word_1_292' title='bbox 1521 4195 1730 4258; x_wconf 89' lang='lat' dir='ltr'>sancti</span> <span class='ocrx_word' id='word_1_293' title='bbox 1766 4193 2189 4275; x_wconf 86' lang='lat' dir='ltr'>baptizamur.</span> <span class='ocrx_word' id='word_1_294' title='bbox 2257 4195 2558 4276; x_wconf 71' lang='lat' dir='ltr'>Inter-roy.</span> 
     </span>
     <span class='ocr_line' id='line_1_45' title="bbox 619 4273 2565 4362; baseline 0.001 -21"><span class='ocrx_word' id='word_1_295' title='bbox 619 4273 966 4356; x_wconf 81' lang='lat' dir='ltr'>Quomodo</span> <span class='ocrx_word' id='word_1_296' title='bbox 986 4298 1145 4342; x_wconf 85' lang='lat' dir='ltr'>vero</span> <span class='ocrx_word' id='word_1_297' title='bbox 1177 4278 1245 4342; x_wconf 91' lang='lat' dir='ltr'>in</span> <span class='ocrx_word' id='word_1_298' title='bbox 1267 4300 1402 4343; x_wconf 89' lang='lat' dir='ltr'>una</span> <span class='ocrx_word' id='word_1_299' title='bbox 1443 4278 1799 4362; x_wconf 89' lang='lat' dir='ltr'>eademque</span> <span class='ocrx_word' id='word_1_300' title='bbox 1833 4280 2148 4345; x_wconf 90' lang='lat' dir='ltr'>trinitatis</span> <span class='ocrx_word' id='word_1_301' title='bbox 2183 4280 2565 4345; x_wconf 91' lang='lat' dir='ltr'>exsistentia</span> 
     </span>
     <span class='ocr_line' id='line_1_46' title="bbox 618 4361 2560 4449; baseline 0.003 -26"><span class='ocrx_word' id='word_1_302' title='bbox 618 4361 882 4428; x_wconf 82' lang='lat' dir='ltr'>trinitas</span> <span class='ocrx_word' id='word_1_303' title='bbox 924 4383 1351 4446; x_wconf 88' lang='lat' dir='ltr'>personarum</span> <span class='ocrx_word' id='word_1_304' title='bbox 1394 4366 1654 4448; x_wconf 89' lang='lat' dir='ltr'>agnosci</span> <span class='ocrx_word' id='word_1_305' title='bbox 1690 4366 1941 4449; x_wconf 74' lang='lat' dir='ltr'>potest?</span> <span class='ocrx_word' id='word_1_306' title='bbox 1991 4364 2287 4446; x_wconf 64' lang='lat' dir='ltr'>Respons.</span> <span class='ocrx_word' id='word_1_307' title='bbox 2335 4362 2560 4445; x_wconf 78' lang='lat' dir='ltr'>Quum</span> 
     </span>
     <span class='ocr_line' id='line_1_47' title="bbox 619 4448 2558 4532; baseline 0.003 -24"><span class='ocrx_word' id='word_1_308' title='bbox 619 4448 947 4530; x_wconf 89' lang='lat' dir='ltr'>scriptura</span> <span class='ocrx_word' id='word_1_309' title='bbox 1032 4469 1337 4532; x_wconf 86' lang='lat' dir='ltr'>expresse</span> <span class='ocrx_word' id='word_1_310' title='bbox 1423 4458 1702 4516; x_wconf 89' lang='lat' dir='ltr'>testatur</span> <span class='ocrx_word' id='word_1_311' title='bbox 1764 4451 1957 4516; x_wconf 90' lang='lat' dir='ltr'>Deut.</span> <span class='ocrx_word' id='word_1_312' title='bbox 2017 4451 2103 4517; x_wconf 86' lang='lat' dir='ltr'>vi.</span> <span class='ocrx_word' id='word_1_313' title='bbox 2168 4450 2382 4516; x_wconf 86' lang='lat' dir='ltr'>Marci</span> <span class='ocrx_word' id='word_1_314' title='bbox 2445 4450 2558 4513; x_wconf 85' lang='lat' dir='ltr'>xii.</span> 
     </span>
     <span class='ocr_line' id='line_1_48' title="bbox 617 4530 2562 4617; baseline 0.003 -22"><span class='ocrx_word' id='word_1_315' title='bbox 617 4530 859 4597; x_wconf 85' lang='lat' dir='ltr'>Esaiae</span> <span class='ocrx_word' id='word_1_316' title='bbox 900 4534 1084 4601; x_wconf 81' lang='lat' dir='ltr'>xviii.</span> <span class='ocrx_word' id='word_1_317' title='bbox 1142 4556 1347 4600; x_wconf 90' lang='lat' dir='ltr'>unum</span> <span class='ocrx_word' id='word_1_318' title='bbox 1393 4533 1717 4600; x_wconf 83' lang='lat' dir='ltr'>duntaxat</span> <span class='ocrx_word' id='word_1_319' title='bbox 1758 4556 1900 4602; x_wconf 89' lang='lat' dir='ltr'>esse</span> <span class='ocrx_word' id='word_1_320' title='bbox 1942 4534 2169 4616; x_wconf 91' lang='lat' dir='ltr'>Deum,</span> <span class='ocrx_word' id='word_1_321' title='bbox 2233 4535 2345 4617; x_wconf 89' lang='lat' dir='ltr'>qui</span> <span class='ocrx_word' id='word_1_322' title='bbox 2389 4534 2562 4601; x_wconf 87' lang='lat' dir='ltr'>hanc</span> 
     </span>
     <span class='ocr_line' id='line_1_49' title="bbox 620 4615 2562 4700; baseline 0.003 -20"><span class='ocrx_word' id='word_1_323' title='bbox 620 4615 898 4700; x_wconf 86' lang='lat' dir='ltr'>gloriam</span> <span class='ocrx_word' id='word_1_324' title='bbox 965 4619 1130 4684; x_wconf 90' lang='lat' dir='ltr'>nulli</span> <span class='ocrx_word' id='word_1_325' title='bbox 1192 4629 1378 4685; x_wconf 83' lang='lat' dir='ltr'>extra</span> <span class='ocrx_word' id='word_1_326' title='bbox 1443 4643 1513 4687; x_wconf 91' lang='lat' dir='ltr'>se</span> <span class='ocrx_word' id='word_1_327' title='bbox 1568 4622 1758 4686; x_wconf 89' lang='lat' dir='ltr'>alteri</span> <span class='ocrx_word' id='word_1_328' title='bbox 1822 4620 1966 4686; x_wconf 90' lang='lat' dir='ltr'>dari</span> <span class='ocrx_word' id='word_1_329' title='bbox 2029 4621 2187 4699; x_wconf 88' lang='lat' dir='ltr'>vult,</span> <span class='ocrx_word' id='word_1_330' title='bbox 2259 4629 2325 4685; x_wconf 87' lang='lat' dir='ltr'>et</span> <span class='ocrx_word' id='word_1_331' title='bbox 2390 4621 2562 4686; x_wconf 88' lang='lat' dir='ltr'>hanc</span> 
     </span>
     <span class='ocr_line' id='line_1_50' title="bbox 617 4703 2563 4789; baseline 0.003 -23"><span class='ocrx_word' id='word_1_332' title='bbox 617 4703 829 4785; x_wconf 87' lang='lat' dir='ltr'>ipsam</span> <span class='ocrx_word' id='word_1_333' title='bbox 871 4704 1065 4770; x_wconf 90' lang='lat' dir='ltr'>unius</span> <span class='ocrx_word' id='word_1_334' title='bbox 1087 4705 1216 4770; x_wconf 94' lang='lat' dir='ltr'>Dei</span> <span class='ocrx_word' id='word_1_335' title='bbox 1257 4705 1531 4789; x_wconf 89' lang='lat' dir='ltr'>gloriam</span> <span class='ocrx_word' id='word_1_336' title='bbox 1575 4706 1802 4772; x_wconf 91' lang='lat' dir='ltr'>eadem</span> <span class='ocrx_word' id='word_1_337' title='bbox 1845 4710 2166 4788; x_wconf 87' lang='lat' dir='ltr'>scriptura</span> <span class='ocrx_word' id='word_1_338' title='bbox 2208 4707 2409 4772; x_wconf 89' lang='lat' dir='ltr'>etiam</span> <span class='ocrx_word' id='word_1_339' title='bbox 2445 4706 2563 4771; x_wconf 89' lang='lat' dir='ltr'>tri·</span> 
     </span>
     <span class='ocr_line' id='line_1_51' title="bbox 619 4786 2564 4877; baseline 0.002 -24"><span class='ocrx_word' id='word_1_340' title='bbox 619 4786 780 4853; x_wconf 89' lang='lat' dir='ltr'>buat</span> <span class='ocrx_word' id='word_1_341' title='bbox 824 4786 969 4855; x_wconf 91' lang='lat' dir='ltr'>Deo</span> <span class='ocrx_word' id='word_1_342' title='bbox 1014 4799 1081 4854; x_wconf 88' lang='lat' dir='ltr'>et</span> <span class='ocrx_word' id='word_1_343' title='bbox 1124 4792 1293 4873; x_wconf 89' lang='lat' dir='ltr'>patri</span> <span class='ocrx_word' id='word_1_344' title='bbox 1336 4799 1403 4858; x_wconf 91' lang='lat' dir='ltr'>et</span> <span class='ocrx_word' id='word_1_345' title='bbox 1459 4792 1595 4857; x_wconf 90' lang='lat' dir='ltr'>filio</span> <span class='ocrx_word' id='word_1_346' title='bbox 1638 4800 1705 4858; x_wconf 86' lang='lat' dir='ltr'>et</span> <span class='ocrx_word' id='word_1_347' title='bbox 1747 4793 2006 4875; x_wconf 91' lang='lat' dir='ltr'>spiritui</span> <span class='ocrx_word' id='word_1_348' title='bbox 2051 4799 2293 4858; x_wconf 88' lang='lat' dir='ltr'>sancto.</span> <span class='ocrx_word' id='word_1_349' title='bbox 2381 4793 2564 4877; x_wconf 87' lang='lat' dir='ltr'>Ergo</span> 
     </span>
     <span class='ocr_line' id='line_1_52' title="bbox 619 4872 2562 4958; baseline 0.002 -19"><span class='ocrx_word' id='word_1_350' title='bbox 619 4872 891 4942; x_wconf 86' lang='lat' dir='ltr'>reducto</span> <span class='ocrx_word' id='word_1_351' title='bbox 946 4875 1019 4938; x_wconf 91' lang='lat' dir='ltr'>in</span> <span class='ocrx_word' id='word_1_352' title='bbox 1076 4877 1518 4958; x_wconf 85' lang='lat' dir='ltr'>captivitatem</span> <span class='ocrx_word' id='word_1_353' title='bbox 1561 4878 1743 4944; x_wconf 91' lang='lat' dir='ltr'>omni</span> <span class='ocrx_word' id='word_1_354' title='bbox 1785 4878 2055 4944; x_wconf 90' lang='lat' dir='ltr'>rationis</span> <span class='ocrx_word' id='word_1_355' title='bbox 2098 4899 2281 4944; x_wconf 88' lang='lat' dir='ltr'>meae</span> <span class='ocrx_word' id='word_1_356' title='bbox 2324 4877 2562 4944; x_wconf 90' lang='lat' dir='ltr'>iudicio</span> 
     </span>
     <span class='ocr_line' id='line_1_53' title="bbox 617 4961 2563 5048; baseline 0.003 -24"><span class='ocrx_word' id='word_1_357' title='bbox 617 4961 812 5024; x_wconf 85' lang='lat' dir='ltr'>iuxta</span> <span class='ocrx_word' id='word_1_358' title='bbox 865 4961 1222 5043; x_wconf 87' lang='lat' dir='ltr'>scripturas</span> <span class='ocrx_word' id='word_1_359' title='bbox 1278 4971 1453 5028; x_wconf 87' lang='lat' dir='ltr'>certo</span> <span class='ocrx_word' id='word_1_360' title='bbox 1510 4973 1574 5029; x_wconf 86' lang='lat' dir='ltr'>et</span> <span class='ocrx_word' id='word_1_361' title='bbox 1631 4962 2077 5029; x_wconf 86' lang='lat' dir='ltr'>indubitanter</span> <span class='ocrx_word' id='word_1_362' title='bbox 2137 4963 2330 5029; x_wconf 89' lang='lat' dir='ltr'>credo</span> <span class='ocrx_word' id='word_1_363' title='bbox 2390 4963 2563 5048; x_wconf 90' lang='lat' dir='ltr'>quod</span> 
     </span>
    </p>
   </div>
   <div class='ocr_carea' id='block_1_3' title="bbox 631 5073 1035 5086">
    <p class='ocr_par' dir='ltr' id='par_1_8' title="bbox 631 5073 1035 5086">
     <span class='ocr_line' id='line_1_54' title="bbox 631 5073 1035 5086; baseline 0 1031"><span class='ocrx_word' id='word_1_364' title='bbox 631 5073 1035 5086; x_wconf 95' lang='lat' dir='ltr'> </span> 
     </span>
    </p>
   </div>
   <div class='ocr_carea' id='block_1_4' title="bbox 745 5083 2568 5387">
    <p class='ocr_par' dir='ltr' id='par_1_9' title="bbox 745 5083 2568 5387">
     <span class='ocr_line' id='line_1_55' title="bbox 787 5083 2565 5186; baseline 0.003 -20"><span class='ocrx_word' id='word_1_365' title='bbox 787 5113 884 5183; x_wconf 80' lang='lat'>25)</span> <span class='ocrx_word' id='word_1_366' title='bbox 920 5113 995 5168; x_wconf 69' lang='lat'>12·</span> <span class='ocrx_word' id='word_1_367' title='bbox 1036 5112 1270 5182; x_wconf 57' lang='lat' dir='ltr'>sanantis</span> <span class='ocrx_word' id='word_1_368' title='bbox 1317 5083 1573 5180; x_wconf 45' lang='lat' dir='ltr'>famma.</span> <span class='ocrx_word' id='word_1_369' title='bbox 1614 5116 1781 5185; x_wconf 73' lang='lat' dir='ltr'>ptum</span> <span class='ocrx_word' id='word_1_370' title='bbox 1825 5118 1990 5174; x_wconf 73' lang='lat' dir='ltr'>verba</span> <span class='ocrx_word' id='word_1_371' title='bbox 2034 5116 2308 5186; x_wconf 63' lang='lat' dir='ltr'>aeson-epea</span> <span class='ocrx_word' id='word_1_372' title='bbox 2359 5118 2449 5174; x_wconf 70' lang='lat' dir='ltr'>mc</span> <span class='ocrx_word' id='word_1_373' title='bbox 2497 5119 2565 5172; x_wconf 74' lang='lat' dir='ltr'>ze-</span> 
     </span>
     <span class='ocr_line' id='line_1_56' title="bbox 745 5183 1931 5253; baseline 0.002 -15"><span class='ocrx_word' id='word_1_374' title='bbox 745 5198 819 5238; x_wconf 69' lang='grc' dir='ltr'>ιη·</span> <span class='ocrx_word' id='word_1_375' title='bbox 849 5198 1015 5253; x_wconf 73' lang='lat' dir='ltr'>quam</span> <span class='ocrx_word' id='word_1_376' title='bbox 1048 5197 1151 5237; x_wconf 77' lang='lat' dir='ltr'>nos</span> <span class='ocrx_word' id='word_1_377' title='bbox 1183 5183 1626 5239; x_wconf 71' lang='lat' dir='ltr'>transscribenda</span> <span class='ocrx_word' id='word_1_378' title='bbox 1661 5185 1931 5241; x_wconf 69' lang='lat' dir='ltr'>duximus.</span> 
     </span>
     <span class='ocr_line' id='line_1_57' title="bbox 771 5250 2568 5387; baseline 0.003 -82"><span class='ocrx_word' id='word_1_379' title='bbox 771 5250 878 5387; x_wconf 44' lang='lat'>2243</span> <span class='ocrx_word' id='word_1_380' title='bbox 902 5251 1041 5376; x_wconf 41' lang='lat' dir='ltr'>{st-ige</span> <span class='ocrx_word' id='word_1_381' title='bbox 1074 5252 1178 5308; x_wconf 76' lang='lat' dir='ltr'>hos</span> <span class='ocrx_word' id='word_1_382' title='bbox 1213 5252 1467 5306; x_wconf 85' lang='lat' dir='ltr'>articulos</span> <span class='ocrx_word' id='word_1_383' title='bbox 1503 5253 1559 5308; x_wconf 89' lang='lat' dir='ltr'>in</span> <span class='ocrx_word' id='word_1_384' title='bbox 1595 5254 1745 5310; x_wconf 80' lang='lat' dir='ltr'>MSS.</span> <span class='ocrx_word' id='word_1_385' title='bbox 1780 5256 1915 5310; x_wconf 88' lang='lat' dir='ltr'>meis</span> <span class='ocrx_word' id='word_1_386' title='bbox 1951 5255 2020 5309; x_wconf 88' lang='lat' dir='ltr'>ad</span> <span class='ocrx_word' id='word_1_387' title='bbox 2055 5272 2103 5309; x_wconf 89' lang='lat' dir='ltr'>a.</span> <span class='ocrx_word' id='word_1_388' title='bbox 2141 5253 2291 5309; x_wconf 80' lang='lat'>1574.</span> <span class='ocrx_word' id='word_1_389' title='bbox 2359 5255 2568 5310; x_wconf 76' lang='lat' dir='ltr'>simler.</span> 
     </span>
    </p>
   </div>
   <div class='ocr_carea' id='block_1_5' title="bbox 2611 587 2627 5364">
    <p class='ocr_par' dir='ltr' id='par_1_10' title="bbox 2611 587 2627 5364">
     <span class='ocr_line' id='line_1_58' title="bbox 2611 587 2627 5364; baseline 0 0"><span class='ocrx_word' id='word_1_390' title='bbox 2611 587 2627 5364; x_wconf 95' lang='lat' dir='ltr'> </span> 
     </span>
    </p>
   </div>
   <div class='ocr_carea' id='block_1_6' title="bbox 2108 391 4588 463">
    <p class='ocr_par' dir='ltr' id='par_1_11' title="bbox 2108 391 4588 463">
     <span class='ocr_line' id='line_1_59' title="bbox 2108 391 4588 463; baseline -0.002 0"><span class='ocrx_word' id='word_1_391' title='bbox 2108 391 2637 463; x_wconf 75' lang='lat' dir='ltr'><strong>EPISTOLAE</strong></span> <span class='ocrx_word' id='word_1_392' title='bbox 2682 395 3062 460; x_wconf 80' lang='lat'>3875-387</span> <span class='ocrx_word' id='word_1_393' title='bbox 3068 398 3106 458; x_wconf 91' lang='grc'><strong>7</strong></span> <span class='ocrx_word' id='word_1_394' title='bbox 4474 396 4588 459; x_wconf 84' lang='lat'>580</span> 
     </span>
    </p>
   </div>
   <div class='ocr_carea' id='block_1_7' title="bbox 2660 580 4603 4278">
    <p class='ocr_par' dir='ltr' id='par_1_12' title="bbox 2664 580 4596 839">
     <span class='ocr_line' id='line_1_60' title="bbox 2669 580 4592 663; baseline 0.001 -15"><span class='ocrx_word' id='word_1_395' title='bbox 2669 580 2758 648; x_wconf 89' lang='lat' dir='ltr'>sit</span> <span class='ocrx_word' id='word_1_396' title='bbox 2797 602 3034 650; x_wconf 81' lang='lat' dir='ltr'>revera</span> <span class='ocrx_word' id='word_1_397' title='bbox 3076 603 3249 650; x_wconf 89' lang='lat' dir='ltr'>unus</span> <span class='ocrx_word' id='word_1_398' title='bbox 3293 582 3632 663; x_wconf 83' lang='lat' dir='ltr'>duntaxat,</span> <span class='ocrx_word' id='word_1_399' title='bbox 3692 581 3882 648; x_wconf 87' lang='lat' dir='ltr'>iuxta</span> <span class='ocrx_word' id='word_1_400' title='bbox 3922 602 4110 649; x_wconf 90' lang='lat' dir='ltr'>suam</span> <span class='ocrx_word' id='word_1_401' title='bbox 4155 580 4444 649; x_wconf 83' lang='lat' dir='ltr'>divinam</span> <span class='ocrx_word' id='word_1_402' title='bbox 4485 603 4592 651; x_wconf 84' lang='lat' dir='ltr'>ex-</span> 
     </span>
     <span class='ocr_line' id='line_1_61' title="bbox 2664 668 4596 752; baseline 0.002 -17"><span class='ocrx_word' id='word_1_403' title='bbox 2664 669 3047 750; x_wconf 87' lang='lat' dir='ltr'>sistentiam,</span> <span class='ocrx_word' id='word_1_404' title='bbox 3064 675 3131 735; x_wconf 94' lang='lat' dir='ltr'>et</span> <span class='ocrx_word' id='word_1_405' title='bbox 3149 669 3365 735; x_wconf 88' lang='lat' dir='ltr'>trinus</span> <span class='ocrx_word' id='word_1_406' title='bbox 3385 669 3812 735; x_wconf 90' lang='lat' dir='ltr'>nihilominus</span> <span class='ocrx_word' id='word_1_407' title='bbox 3833 668 4023 734; x_wconf 86' lang='lat' dir='ltr'>iuxta</span> <span class='ocrx_word' id='word_1_408' title='bbox 4035 688 4464 752; x_wconf 88' lang='lat' dir='ltr'>personarum</span> <span class='ocrx_word' id='word_1_409' title='bbox 4478 669 4596 739; x_wconf 82' lang='lat' dir='ltr'>dis-</span> 
     </span>
     <span class='ocr_line' id='line_1_62' title="bbox 2664 753 4592 839; baseline 0.002 -20"><span class='ocrx_word' id='word_1_410' title='bbox 2664 755 3049 822; x_wconf 88' lang='lat' dir='ltr'>tinctionem</span> <span class='ocrx_word' id='word_1_411' title='bbox 3062 754 3258 837; x_wconf 91' lang='lat' dir='ltr'>Deus,</span> <span class='ocrx_word' id='word_1_412' title='bbox 3275 774 3511 839; x_wconf 90' lang='lat' dir='ltr'>nempe</span> <span class='ocrx_word' id='word_1_413' title='bbox 3526 765 3730 839; x_wconf 88' lang='lat' dir='ltr'>pater,</span> <span class='ocrx_word' id='word_1_414' title='bbox 3746 753 3927 820; x_wconf 83' lang='lat' dir='ltr'>filius</span> <span class='ocrx_word' id='word_1_415' title='bbox 3942 759 4007 820; x_wconf 92' lang='lat' dir='ltr'>et</span> <span class='ocrx_word' id='word_1_416' title='bbox 4026 755 4301 838; x_wconf 86' lang='lat' dir='ltr'>spiritus</span> <span class='ocrx_word' id='word_1_417' title='bbox 4321 763 4592 822; x_wconf 86' lang='lat' dir='ltr'>sanctus.</span> 
     </span>
    </p>

    <p class='ocr_par' dir='ltr' id='par_1_13' title="bbox 2660 839 4603 2456">
     <span class='ocr_line' id='line_1_63' title="bbox 2835 839 4595 908; baseline 0 0"><span class='ocrx_word' id='word_1_418' title='bbox 2835 840 3178 908; x_wconf 78' lang='lat' dir='ltr'>Confessio</span> <span class='ocrx_word' id='word_1_419' title='bbox 3241 839 3456 907; x_wconf 73' lang='lat' dir='ltr'>Rem</span> <span class='ocrx_word' id='word_1_420' title='bbox 3532 840 3614 906; x_wconf 92' lang='lat' dir='ltr'>de</span> <span class='ocrx_word' id='word_1_421' title='bbox 3693 840 3985 906; x_wconf 88' lang='lat' dir='ltr'>trinitate</span> <span class='ocrx_word' id='word_1_422' title='bbox 4049 843 4193 907; x_wconf 83' lang='lat' dir='ltr'>Art.</span> <span class='ocrx_word' id='word_1_423' title='bbox 4268 847 4322 908; x_wconf 91' lang='lat' dir='ltr'>l.</span> <span class='ocrx_word' id='word_1_424' title='bbox 4387 842 4595 908; x_wconf 90' lang='lat' dir='ltr'>Deum</span> 
     </span>
     <span class='ocr_line' id='line_1_64' title="bbox 2665 925 4596 994; baseline 0.001 -2"><span class='ocrx_word' id='word_1_425' title='bbox 2665 947 2871 992; x_wconf 90' lang='lat' dir='ltr'>unum</span> <span class='ocrx_word' id='word_1_426' title='bbox 2936 947 3094 993; x_wconf 90' lang='lat' dir='ltr'>esse.</span> <span class='ocrx_word' id='word_1_427' title='bbox 3184 925 3528 993; x_wconf 84' lang='lat' dir='ltr'>Credimus</span> <span class='ocrx_word' id='word_1_428' title='bbox 3582 946 3785 993; x_wconf 89' lang='lat' dir='ltr'>unam</span> <span class='ocrx_word' id='word_1_429' title='bbox 3840 946 3983 993; x_wconf 91' lang='lat' dir='ltr'>esse</span> <span class='ocrx_word' id='word_1_430' title='bbox 4037 926 4335 994; x_wconf 80' lang='lat' dir='ltr'>divinam</span> <span class='ocrx_word' id='word_1_431' title='bbox 4388 947 4596 994; x_wconf 86' lang='lat' dir='ltr'>essen·</span> 
     </span>
     <span class='ocr_line' id='line_1_65' title="bbox 2664 1013 4599 1098; baseline 0.001 -21"><span class='ocrx_word' id='word_1_432' title='bbox 2664 1013 2845 1093; x_wconf 88' lang='lat' dir='ltr'>tiam,</span> <span class='ocrx_word' id='word_1_433' title='bbox 2891 1033 3088 1097; x_wconf 90' lang='lat' dir='ltr'>quam</span> <span class='ocrx_word' id='word_1_434' title='bbox 3132 1013 3350 1078; x_wconf 89' lang='lat' dir='ltr'>Deum</span> <span class='ocrx_word' id='word_1_435' title='bbox 3393 1013 3819 1098; x_wconf 87' lang='lat' dir='ltr'>appellamus,</span> <span class='ocrx_word' id='word_1_436' title='bbox 3865 1034 3998 1079; x_wconf 90' lang='lat' dir='ltr'>non</span> <span class='ocrx_word' id='word_1_437' title='bbox 4041 1033 4118 1078; x_wconf 94' lang='lat' dir='ltr'>eo</span> <span class='ocrx_word' id='word_1_438' title='bbox 4158 1019 4425 1080; x_wconf 86' lang='lat' dir='ltr'>tantum</span> <span class='ocrx_word' id='word_1_439' title='bbox 4456 1015 4599 1096; x_wconf 86' lang='lat' dir='ltr'>quia</span> 
     </span>
     <span class='ocr_line' id='line_1_66' title="bbox 2661 1097 4599 1183; baseline 0.002 -20"><span class='ocrx_word' id='word_1_440' title='bbox 2661 1119 2884 1164; x_wconf 90' lang='lat' dir='ltr'>rerum</span> <span class='ocrx_word' id='word_1_441' title='bbox 2926 1098 3331 1164; x_wconf 90' lang='lat' dir='ltr'>naturalium</span> <span class='ocrx_word' id='word_1_442' title='bbox 3374 1099 3833 1182; x_wconf 88' lang='lat' dir='ltr'>contemplatio</span> <span class='ocrx_word' id='word_1_443' title='bbox 3887 1106 3954 1164; x_wconf 91' lang='lat' dir='ltr'>et</span> <span class='ocrx_word' id='word_1_444' title='bbox 4007 1107 4309 1183; x_wconf 87' lang='lat' dir='ltr'>aspectus</span> <span class='ocrx_word' id='word_1_445' title='bbox 4360 1097 4430 1164; x_wconf 94' lang='lat' dir='ltr'>id</span> <span class='ocrx_word' id='word_1_446' title='bbox 4485 1121 4599 1167; x_wconf 89' lang='lat' dir='ltr'>nos</span> 
     </span>
     <span class='ocr_line' id='line_1_67' title="bbox 2663 1184 4598 1270; baseline 0.002 -21"><span class='ocrx_word' id='word_1_447' title='bbox 2663 1184 2868 1265; x_wconf 89' lang='lat' dir='ltr'>docet,</span> <span class='ocrx_word' id='word_1_448' title='bbox 2912 1184 3023 1251; x_wconf 91' lang='lat' dir='ltr'>sed</span> <span class='ocrx_word' id='word_1_449' title='bbox 3067 1185 3277 1250; x_wconf 88' lang='lat' dir='ltr'>multo</span> <span class='ocrx_word' id='word_1_450' title='bbox 3321 1186 3530 1270; x_wconf 88' lang='lat' dir='ltr'>magis</span> <span class='ocrx_word' id='word_1_451' title='bbox 3573 1185 3880 1269; x_wconf 87' lang='lat' dir='ltr'>quoniam</span> <span class='ocrx_word' id='word_1_452' title='bbox 3915 1184 4238 1268; x_wconf 87' lang='lat' dir='ltr'>scriptura</span> <span class='ocrx_word' id='word_1_453' title='bbox 4273 1205 4460 1252; x_wconf 86' lang='lat' dir='ltr'>sacra</span> <span class='ocrx_word' id='word_1_454' title='bbox 4492 1207 4598 1252; x_wconf 89' lang='lat' dir='ltr'>no·</span> 
     </span>
     <span class='ocr_line' id='line_1_68' title="bbox 2661 1270 4598 1338; baseline 0 -1"><span class='ocrx_word' id='word_1_455' title='bbox 2661 1272 2763 1337; x_wconf 92' lang='lat' dir='ltr'>bis</span> <span class='ocrx_word' id='word_1_456' title='bbox 2805 1272 2945 1337; x_wconf 91' lang='lat' dir='ltr'>eius</span> <span class='ocrx_word' id='word_1_457' title='bbox 2986 1272 3083 1336; x_wconf 92' lang='lat' dir='ltr'>rei</span> <span class='ocrx_word' id='word_1_458' title='bbox 3126 1271 3311 1337; x_wconf 87' lang='lat' dir='ltr'>testis</span> <span class='ocrx_word' id='word_1_459' title='bbox 3351 1282 3468 1338; x_wconf 93' lang='lat' dir='ltr'>est.</span> <span class='ocrx_word' id='word_1_460' title='bbox 3515 1309 3597 1319; x_wconf 92' lang='lat'>—</span> <span class='ocrx_word' id='word_1_461' title='bbox 3644 1273 3779 1336; x_wconf 88' lang='lat' dir='ltr'>Art.</span> <span class='ocrx_word' id='word_1_462' title='bbox 3827 1273 3886 1335; x_wconf 85' lang='lat'>2.</span> <span class='ocrx_word' id='word_1_463' title='bbox 3952 1270 4181 1337; x_wconf 87' lang='lat' dir='ltr'>Unum</span> <span class='ocrx_word' id='word_1_464' title='bbox 4221 1272 4446 1337; x_wconf 89' lang='lat' dir='ltr'>Deum</span> <span class='ocrx_word' id='word_1_465' title='bbox 4488 1272 4598 1337; x_wconf 88' lang='lat' dir='ltr'>tri·</span> 
     </span>
     <span class='ocr_line' id='line_1_69' title="bbox 2663 1356 4600 1442; baseline 0.001 -19"><span class='ocrx_word' id='word_1_466' title='bbox 2663 1357 2782 1423; x_wconf 88' lang='lat' dir='ltr'>bus</span> <span class='ocrx_word' id='word_1_467' title='bbox 2846 1359 3144 1440; x_wconf 90' lang='lat' dir='ltr'>personis</span> <span class='ocrx_word' id='word_1_468' title='bbox 3208 1377 3339 1422; x_wconf 89' lang='lat' dir='ltr'>non</span> <span class='ocrx_word' id='word_1_469' title='bbox 3408 1356 3611 1424; x_wconf 84' lang='lat' dir='ltr'>dividi</span> <span class='ocrx_word' id='word_1_470' title='bbox 3666 1357 3779 1424; x_wconf 92' lang='lat' dir='ltr'>sed</span> <span class='ocrx_word' id='word_1_471' title='bbox 3836 1356 4171 1442; x_wconf 90' lang='lat' dir='ltr'>distingui.</span> <span class='ocrx_word' id='word_1_472' title='bbox 4258 1358 4600 1442; x_wconf 85' lang='lat' dir='ltr'>Scriptura</span> 
     </span>
     <span class='ocr_line' id='line_1_70' title="bbox 2661 1442 4600 1528; baseline 0.001 -19"><span class='ocrx_word' id='word_1_473' title='bbox 2661 1463 2845 1509; x_wconf 89' lang='lat' dir='ltr'>sacra</span> <span class='ocrx_word' id='word_1_474' title='bbox 2897 1445 3236 1528; x_wconf 88' lang='lat' dir='ltr'>perspicue</span> <span class='ocrx_word' id='word_1_475' title='bbox 3289 1464 3408 1509; x_wconf 92' lang='lat' dir='ltr'>nos</span> <span class='ocrx_word' id='word_1_476' title='bbox 3465 1443 3647 1510; x_wconf 89' lang='lat' dir='ltr'>docet</span> <span class='ocrx_word' id='word_1_477' title='bbox 3701 1442 3876 1509; x_wconf 91' lang='lat' dir='ltr'>hanc</span> <span class='ocrx_word' id='word_1_478' title='bbox 3917 1443 4210 1510; x_wconf 83' lang='lat' dir='ltr'>divinam</span> <span class='ocrx_word' id='word_1_479' title='bbox 4254 1445 4600 1511; x_wconf 88' lang='lat' dir='ltr'>essentiam</span> 
     </span>
     <span class='ocr_line' id='line_1_71' title="bbox 2660 1529 4600 1615; baseline 0 -21"><span class='ocrx_word' id='word_1_480' title='bbox 2660 1529 2729 1594; x_wconf 91' lang='lat' dir='ltr'>in</span> <span class='ocrx_word' id='word_1_481' title='bbox 2767 1536 2901 1595; x_wconf 88' lang='lat' dir='ltr'>tres</span> <span class='ocrx_word' id='word_1_482' title='bbox 2935 1549 3246 1612; x_wconf 88' lang='lat' dir='ltr'>personas</span> <span class='ocrx_word' id='word_1_483' title='bbox 3281 1550 3434 1595; x_wconf 87' lang='lat' dir='ltr'>vere</span> <span class='ocrx_word' id='word_1_484' title='bbox 3467 1550 3610 1595; x_wconf 90' lang='lat' dir='ltr'>esse</span> <span class='ocrx_word' id='word_1_485' title='bbox 3644 1529 4038 1609; x_wconf 88' lang='lat' dir='ltr'>distinctam,</span> <span class='ocrx_word' id='word_1_486' title='bbox 4076 1549 4311 1615; x_wconf 90' lang='lat' dir='ltr'>nempe</span> <span class='ocrx_word' id='word_1_487' title='bbox 4332 1538 4600 1614; x_wconf 89' lang='lat' dir='ltr'>patrem,</span> 
     </span>
     <span class='ocr_line' id='line_1_72' title="bbox 2661 1614 4603 1700; baseline 0.002 -20"><span class='ocrx_word' id='word_1_488' title='bbox 2661 1615 2890 1694; x_wconf 91' lang='lat' dir='ltr'>filium,</span> <span class='ocrx_word' id='word_1_489' title='bbox 2934 1616 3238 1700; x_wconf 89' lang='lat' dir='ltr'>spiritum</span> <span class='ocrx_word' id='word_1_490' title='bbox 3282 1623 3598 1682; x_wconf 89' lang='lat' dir='ltr'>sanctum.</span> <span class='ocrx_word' id='word_1_491' title='bbox 3677 1614 3868 1697; x_wconf 78' lang='lat' dir='ltr'>Quae</span> <span class='ocrx_word' id='word_1_492' title='bbox 3912 1623 4045 1681; x_wconf 88' lang='lat' dir='ltr'>tres</span> <span class='ocrx_word' id='word_1_493' title='bbox 4088 1636 4412 1699; x_wconf 89' lang='lat' dir='ltr'>personae</span> <span class='ocrx_word' id='word_1_494' title='bbox 4455 1625 4603 1683; x_wconf 90' lang='lat' dir='ltr'>sunt</span> 
     </span>
     <span class='ocr_line' id='line_1_73' title="bbox 2661 1701 4603 1786; baseline 0.001 -20"><span class='ocrx_word' id='word_1_495' title='bbox 2661 1722 2836 1767; x_wconf 91' lang='lat' dir='ltr'>unus</span> <span class='ocrx_word' id='word_1_496' title='bbox 2882 1701 3084 1781; x_wconf 92' lang='lat' dir='ltr'>Deus,</span> <span class='ocrx_word' id='word_1_497' title='bbox 3137 1710 3462 1781; x_wconf 89' lang='lat' dir='ltr'>aeternus,</span> <span class='ocrx_word' id='word_1_498' title='bbox 3522 1701 3842 1781; x_wconf 88' lang='lat' dir='ltr'>infinitus,</span> <span class='ocrx_word' id='word_1_499' title='bbox 3902 1709 3971 1766; x_wconf 90' lang='lat' dir='ltr'>et</span> <span class='ocrx_word' id='word_1_500' title='bbox 4024 1703 4096 1767; x_wconf 90' lang='lat' dir='ltr'>in</span> <span class='ocrx_word' id='word_1_501' title='bbox 4149 1723 4220 1768; x_wconf 90' lang='lat' dir='ltr'>se</span> <span class='ocrx_word' id='word_1_502' title='bbox 4276 1703 4421 1786; x_wconf 90' lang='lat' dir='ltr'>ipso</span> <span class='ocrx_word' id='word_1_503' title='bbox 4465 1724 4603 1785; x_wconf 89' lang='lat' dir='ltr'>per-</span> 
     </span>
     <span class='ocr_line' id='line_1_74' title="bbox 2661 1785 4600 1871; baseline 0.002 -19"><span class='ocrx_word' id='word_1_504' title='bbox 2661 1787 3069 1854; x_wconf 89' lang='lat' dir='ltr'>fectissimus.</span> <span class='ocrx_word' id='word_1_505' title='bbox 3151 1785 3454 1871; x_wconf 88' lang='lat' dir='ltr'>Suntque</span> <span class='ocrx_word' id='word_1_506' title='bbox 3495 1788 3619 1852; x_wconf 89' lang='lat' dir='ltr'>hae</span> <span class='ocrx_word' id='word_1_507' title='bbox 3664 1807 3980 1871; x_wconf 89' lang='lat' dir='ltr'>personae</span> <span class='ocrx_word' id='word_1_508' title='bbox 4023 1788 4600 1855; x_wconf 87' lang='lat' dir='ltr'>consubstantiales</span> 
     </span>
     <span class='ocr_line' id='line_1_75' title="bbox 2662 1872 4600 1957; baseline 0.001 -19"><span class='ocrx_word' id='word_1_509' title='bbox 2662 1886 2729 1938; x_wconf 90' lang='lat' dir='ltr'>et</span> <span class='ocrx_word' id='word_1_510' title='bbox 2772 1883 3168 1951; x_wconf 88' lang='lat' dir='ltr'>coaeternae,</span> <span class='ocrx_word' id='word_1_511' title='bbox 3216 1872 3456 1957; x_wconf 88' lang='lat' dir='ltr'>absque</span> <span class='ocrx_word' id='word_1_512' title='bbox 3495 1872 3634 1940; x_wconf 90' lang='lat' dir='ltr'>ulla</span> <span class='ocrx_word' id='word_1_513' title='bbox 3677 1875 4148 1957; x_wconf 89' lang='lat' dir='ltr'>proprietatum</span> <span class='ocrx_word' id='word_1_514' title='bbox 4190 1881 4304 1939; x_wconf 85' lang='lat' dir='ltr'>aut</span> <span class='ocrx_word' id='word_1_515' title='bbox 4346 1873 4600 1940; x_wconf 88' lang='lat' dir='ltr'>relatio-</span> 
     </span>
     <span class='ocr_line' id='line_1_76' title="bbox 2662 1959 4600 2043; baseline 0.001 -19"><span class='ocrx_word' id='word_1_516' title='bbox 2662 1979 2825 2024; x_wconf 91' lang='lat' dir='ltr'>num</span> <span class='ocrx_word' id='word_1_517' title='bbox 2869 1959 3265 2026; x_wconf 85' lang='lat' dir='ltr'>confusione.</span> <span class='ocrx_word' id='word_1_518' title='bbox 3350 1960 3650 2042; x_wconf 90' lang='lat' dir='ltr'>Itemque</span> <span class='ocrx_word' id='word_1_519' title='bbox 3693 1959 3935 2043; x_wconf 90' lang='lat' dir='ltr'>absque</span> <span class='ocrx_word' id='word_1_520' title='bbox 3978 1959 4113 2025; x_wconf 90' lang='lat' dir='ltr'>ulla</span> <span class='ocrx_word' id='word_1_521' title='bbox 4156 1959 4330 2026; x_wconf 89' lang='lat' dir='ltr'>inter</span> <span class='ocrx_word' id='word_1_522' title='bbox 4375 1981 4447 2025; x_wconf 90' lang='lat' dir='ltr'>se</span> <span class='ocrx_word' id='word_1_523' title='bbox 4488 1961 4600 2025; x_wconf 90' lang='lat' dir='ltr'>im·</span> 
     </span>
     <span class='ocr_line' id='line_1_77' title="bbox 2661 2044 4601 2128; baseline 0.002 -19"><span class='ocrx_word' id='word_1_524' title='bbox 2661 2046 2940 2128; x_wconf 90' lang='lat' dir='ltr'>paritate</span> <span class='ocrx_word' id='word_1_525' title='bbox 2996 2044 3135 2111; x_wconf 82' lang='lat' dir='ltr'>sive</span> <span class='ocrx_word' id='word_1_526' title='bbox 3177 2046 3655 2127; x_wconf 86' lang='lat' dir='ltr'>inaequalitate,</span> <span class='ocrx_word' id='word_1_527' title='bbox 3717 2046 3887 2112; x_wconf 90' lang='lat' dir='ltr'>sicut</span> <span class='ocrx_word' id='word_1_528' title='bbox 3930 2045 4169 2111; x_wconf 89' lang='lat' dir='ltr'>diffinit</span> <span class='ocrx_word' id='word_1_529' title='bbox 4211 2045 4486 2112; x_wconf 88' lang='lat' dir='ltr'>ecclesia</span> <span class='ocrx_word' id='word_1_530' title='bbox 4525 2069 4601 2112; x_wconf 86' lang='lat' dir='ltr'>ex</span> 
     </span>
     <span class='ocr_line' id='line_1_78' title="bbox 2662 2130 4599 2214; baseline 0.001 -17"><span class='ocrx_word' id='word_1_531' title='bbox 2662 2131 2792 2197; x_wconf 92' lang='lat' dir='ltr'>Dei</span> <span class='ocrx_word' id='word_1_532' title='bbox 2832 2131 3034 2198; x_wconf 85' lang='lat' dir='ltr'>verbo</span> <span class='ocrx_word' id='word_1_533' title='bbox 3079 2139 3307 2198; x_wconf 87' lang='lat' dir='ltr'>contra</span> <span class='ocrx_word' id='word_1_534' title='bbox 3351 2130 3731 2211; x_wconf 91' lang='lat' dir='ltr'>Sabellium‚</span> <span class='ocrx_word' id='word_1_535' title='bbox 3755 2130 4278 2214; x_wconf 88' lang='lat' dir='ltr'>Samosatenum,</span> <span class='ocrx_word' id='word_1_536' title='bbox 4316 2132 4599 2210; x_wconf 80' lang='lat' dir='ltr'>Arrium,</span> 
     </span>
     <span class='ocr_line' id='line_1_79' title="bbox 2661 2217 4600 2302; baseline 0.001 -20"><span class='ocrx_word' id='word_1_537' title='bbox 2661 2217 3064 2297; x_wconf 90' lang='lat' dir='ltr'>Nestorium,</span> <span class='ocrx_word' id='word_1_538' title='bbox 3134 2217 3561 2295; x_wconf 85' lang='lat' dir='ltr'>Marcionem,</span> <span class='ocrx_word' id='word_1_539' title='bbox 3626 2217 4084 2302; x_wconf 85' lang='lat' dir='ltr'>Eutychetem,</span> <span class='ocrx_word' id='word_1_540' title='bbox 4172 2224 4241 2283; x_wconf 92' lang='lat' dir='ltr'>et</span> <span class='ocrx_word' id='word_1_541' title='bbox 4327 2218 4600 2301; x_wconf 89' lang='lat' dir='ltr'>reliquos</span> 
     </span>
     <span class='ocr_line' id='line_1_80' title="bbox 2663 2302 4598 2387; baseline 0.001 -19"><span class='ocrx_word' id='word_1_542' title='bbox 2663 2303 2980 2369; x_wconf 90' lang='lat' dir='ltr'>eiusmodi</span> <span class='ocrx_word' id='word_1_543' title='bbox 3022 2304 3403 2381; x_wconf 91' lang='lat' dir='ltr'>haereticos,</span> <span class='ocrx_word' id='word_1_544' title='bbox 3465 2324 3743 2387; x_wconf 90' lang='lat' dir='ltr'>quorum</span> <span class='ocrx_word' id='word_1_545' title='bbox 3786 2302 4043 2370; x_wconf 87' lang='lat' dir='ltr'>furores</span> <span class='ocrx_word' id='word_1_546' title='bbox 4085 2311 4220 2370; x_wconf 91' lang='lat' dir='ltr'>toto</span> <span class='ocrx_word' id='word_1_547' title='bbox 4262 2304 4458 2370; x_wconf 90' lang='lat' dir='ltr'>corde</span> <span class='ocrx_word' id='word_1_548' title='bbox 4495 2325 4598 2371; x_wconf 84' lang='lat' dir='ltr'>ex-</span> 
     </span>
     <span class='ocr_line' id='line_1_81' title="bbox 2662 2409 3011 2456; baseline 0.003 -3"><span class='ocrx_word' id='word_1_549' title='bbox 2662 2409 3011 2456; x_wconf 90' lang='lat' dir='ltr'>secramur.</span> 
     </span>
    </p>

    <p class='ocr_par' dir='ltr' id='par_1_14' title="bbox 2663 2474 4601 4278">
     <span class='ocr_line' id='line_1_82' title="bbox 2832 2474 4600 2558; baseline 0.001 -18"><span class='ocrx_word' id='word_1_550' title='bbox 2832 2476 2942 2540; x_wconf 85' lang='lat' dir='ltr'>Ex</span> <span class='ocrx_word' id='word_1_551' title='bbox 3006 2475 3408 2541; x_wconf 85' lang='lat' dir='ltr'>confessione</span> <span class='ocrx_word' id='word_1_552' title='bbox 3471 2474 3858 2541; x_wconf 86' lang='lat' dir='ltr'>Pinczoviae</span> <span class='ocrx_word' id='word_1_553' title='bbox 3928 2496 3983 2540; x_wconf 91' lang='lat' dir='ltr'>a.</span> <span class='ocrx_word' id='word_1_554' title='bbox 4057 2477 4215 2538; x_wconf 78' lang='lat'>1561</span> <span class='ocrx_word' id='word_1_555' title='bbox 4290 2477 4600 2558; x_wconf 86' lang='lat' dir='ltr'>impressa</span> 
     </span>
     <span class='ocr_line' id='line_1_83' title="bbox 2666 2559 4600 2645; baseline 0.001 -20"><span class='ocrx_word' id='word_1_556' title='bbox 2666 2581 2859 2644; x_wconf 87' lang='lat' dir='ltr'>quam</span> <span class='ocrx_word' id='word_1_557' title='bbox 2904 2562 3378 2645; x_wconf 88' lang='lat' dir='ltr'>conscripserat</span> <span class='ocrx_word' id='word_1_558' title='bbox 3412 2559 3497 2627; x_wconf 91' lang='lat' dir='ltr'>D.</span> <span class='ocrx_word' id='word_1_559' title='bbox 3520 2581 3564 2628; x_wconf 81' lang='lat' dir='ltr'>a</span> <span class='ocrx_word' id='word_1_560' title='bbox 3587 2561 3788 2628; x_wconf 79' lang='lat' dir='ltr'>Lasco</span> <span class='ocrx_word' id='word_1_561' title='bbox 3832 2563 3952 2627; x_wconf 90' lang='lat' dir='ltr'>sub</span> <span class='ocrx_word' id='word_1_562' title='bbox 3993 2568 4275 2626; x_wconf 88' lang='lat' dir='ltr'>mortem</span> <span class='ocrx_word' id='word_1_563' title='bbox 4319 2582 4504 2627; x_wconf 90' lang='lat' dir='ltr'>suam</span> <span class='ocrx_word' id='word_1_564' title='bbox 4541 2572 4600 2626; x_wconf 89' lang='lat' dir='ltr'>et</span> 
     </span>
     <span class='ocr_line' id='line_1_84' title="bbox 2666 2647 4599 2730; baseline 0.001 -19"><span class='ocrx_word' id='word_1_565' title='bbox 2666 2648 2958 2712; x_wconf 90' lang='lat' dir='ltr'>omnium</span> <span class='ocrx_word' id='word_1_566' title='bbox 3014 2655 3150 2713; x_wconf 90' lang='lat' dir='ltr'>tam</span> <span class='ocrx_word' id='word_1_567' title='bbox 3209 2647 3525 2713; x_wconf 89' lang='lat' dir='ltr'>nobilium</span> <span class='ocrx_word' id='word_1_568' title='bbox 3587 2667 3783 2730; x_wconf 91' lang='lat' dir='ltr'>quam</span> <span class='ocrx_word' id='word_1_569' title='bbox 3834 2648 4289 2713; x_wconf 88' lang='lat' dir='ltr'>ministrorum</span> <span class='ocrx_word' id='word_1_570' title='bbox 4346 2648 4599 2712; x_wconf 86' lang='lat' dir='ltr'>nomine</span> 
     </span>
     <span class='ocr_line' id='line_1_85' title="bbox 2665 2733 4599 2818; baseline 0.001 -20"><span class='ocrx_word' id='word_1_571' title='bbox 2665 2733 3156 2818; x_wconf 85' lang='lat' dir='ltr'>invulgaverat:</span> <span class='ocrx_word' id='word_1_572' title='bbox 3236 2734 3579 2798; x_wconf 89' lang='lat' dir='ltr'>Postremo</span> <span class='ocrx_word' id='word_1_573' title='bbox 3645 2739 3862 2799; x_wconf 90' lang='lat' dir='ltr'>autem</span> <span class='ocrx_word' id='word_1_574' title='bbox 3926 2741 4003 2799; x_wconf 91' lang='lat' dir='ltr'>ut</span> <span class='ocrx_word' id='word_1_575' title='bbox 4076 2734 4384 2800; x_wconf 89' lang='lat' dir='ltr'>omnibus</span> <span class='ocrx_word' id='word_1_576' title='bbox 4458 2754 4599 2800; x_wconf 88' lang='lat' dir='ltr'>con·</span> 
     </span>
     <span class='ocr_line' id='line_1_86' title="bbox 2666 2819 4599 2903; baseline 0 -19"><span class='ocrx_word' id='word_1_577' title='bbox 2666 2826 2841 2885; x_wconf 89' lang='lat' dir='ltr'>stare</span> <span class='ocrx_word' id='word_1_578' title='bbox 2919 2827 3142 2901; x_wconf 89' lang='lat' dir='ltr'>posset</span> <span class='ocrx_word' id='word_1_579' title='bbox 3163 2869 3177 2897; x_wconf 96' lang='lat'>,</span> <span class='ocrx_word' id='word_1_580' title='bbox 3276 2840 3396 2884; x_wconf 90' lang='lat' dir='ltr'>nos</span> <span class='ocrx_word' id='word_1_581' title='bbox 3474 2838 3622 2884; x_wconf 91' lang='lat' dir='ltr'>cum</span> <span class='ocrx_word' id='word_1_582' title='bbox 3709 2820 4031 2885; x_wconf 88' lang='lat' dir='ltr'>restitutis</span> <span class='ocrx_word' id='word_1_583' title='bbox 4114 2819 4414 2885; x_wconf 91' lang='lat' dir='ltr'>omnibus</span> <span class='ocrx_word' id='word_1_584' title='bbox 4490 2838 4599 2903; x_wconf 90' lang='lat' dir='ltr'>per</span> 
     </span>
     <span class='ocr_line' id='line_1_87' title="bbox 2667 2903 4598 2985; baseline 0 -15"><span class='ocrx_word' id='word_1_585' title='bbox 2667 2904 3115 2984; x_wconf 79' lang='lat' dir='ltr'>Germaniam,</span> <span class='ocrx_word' id='word_1_586' title='bbox 3159 2904 3559 2985; x_wconf 81' lang='lat' dir='ltr'>Helvetiam,</span> <span class='ocrx_word' id='word_1_587' title='bbox 3607 2903 4007 2971; x_wconf 87' lang='lat' dir='ltr'>Sabaudiam</span> <span class='ocrx_word' id='word_1_588' title='bbox 4051 2905 4340 2971; x_wconf 86' lang='lat' dir='ltr'>ecclesiis</span> <span class='ocrx_word' id='word_1_589' title='bbox 4381 2905 4504 2971; x_wconf 90' lang='lat' dir='ltr'>hac</span> <span class='ocrx_word' id='word_1_590' title='bbox 4534 2906 4598 2970; x_wconf 89' lang='lat' dir='ltr'>in</span> 
     </span>
     <span class='ocr_line' id='line_1_88' title="bbox 2664 2991 4601 3075; baseline 0 -21"><span class='ocrx_word' id='word_1_591' title='bbox 2664 2998 2849 3073; x_wconf 89' lang='lat' dir='ltr'>parte</span> <span class='ocrx_word' id='word_1_592' title='bbox 2891 3011 3158 3075; x_wconf 89' lang='lat' dir='ltr'>prorsus</span> <span class='ocrx_word' id='word_1_593' title='bbox 3201 2991 3587 3072; x_wconf 89' lang='lat' dir='ltr'>consentire,</span> <span class='ocrx_word' id='word_1_594' title='bbox 3643 2993 3858 3057; x_wconf 87' lang='lat' dir='ltr'>visum</span> <span class='ocrx_word' id='word_1_595' title='bbox 3916 2991 4224 3056; x_wconf 83' lang='lat' dir='ltr'>universo</span> <span class='ocrx_word' id='word_1_596' title='bbox 4279 2991 4493 3058; x_wconf 87' lang='lat' dir='ltr'>coetui</span> <span class='ocrx_word' id='word_1_597' title='bbox 4531 2996 4601 3055; x_wconf 91' lang='lat' dir='ltr'>ut</span> 
     </span>
     <span class='ocr_line' id='line_1_89' title="bbox 2663 3076 4597 3159; baseline 0.001 -19"><span class='ocrx_word' id='word_1_598' title='bbox 2663 3076 2922 3159; x_wconf 90' lang='lat' dir='ltr'>publice</span> <span class='ocrx_word' id='word_1_599' title='bbox 2964 3096 3190 3141; x_wconf 89' lang='lat' dir='ltr'>omnes</span> <span class='ocrx_word' id='word_1_600' title='bbox 3234 3083 3636 3143; x_wconf 90' lang='lat' dir='ltr'>testarentur</span> <span class='ocrx_word' id='word_1_601' title='bbox 3678 3098 3748 3143; x_wconf 94' lang='lat' dir='ltr'>se</span> <span class='ocrx_word' id='word_1_602' title='bbox 3789 3078 3861 3142; x_wconf 89' lang='lat' dir='ltr'>in</span> <span class='ocrx_word' id='word_1_603' title='bbox 3904 3097 3980 3143; x_wconf 89' lang='lat' dir='ltr'>ea</span> <span class='ocrx_word' id='word_1_604' title='bbox 4021 3076 4322 3143; x_wconf 77' lang='lat' dir='ltr'>Staneari</span> <span class='ocrx_word' id='word_1_605' title='bbox 4354 3083 4597 3142; x_wconf 89' lang='lat' dir='ltr'>contro-</span> 
     </span>
     <span class='ocr_line' id='line_1_90' title="bbox 2665 3161 4597 3246; baseline -0.001 -17"><span class='ocrx_word' id='word_1_606' title='bbox 2665 3163 2900 3240; x_wconf 80' lang='lat' dir='ltr'>versia,</span> <span class='ocrx_word' id='word_1_607' title='bbox 2967 3183 3115 3229; x_wconf 92' lang='lat' dir='ltr'>cum</span> <span class='ocrx_word' id='word_1_608' title='bbox 3159 3163 3242 3228; x_wconf 89' lang='lat' dir='ltr'>D.</span> <span class='ocrx_word' id='word_1_609' title='bbox 3291 3161 3719 3229; x_wconf 68' lang='lat' dir='ltr'>Melanchwne</span> <span class='ocrx_word' id='word_1_610' title='bbox 3785 3169 3850 3228; x_wconf 91' lang='lat' dir='ltr'>et</span> <span class='ocrx_word' id='word_1_611' title='bbox 3902 3162 4253 3246; x_wconf 87' lang='lat' dir='ltr'>praedictis</span> <span class='ocrx_word' id='word_1_612' title='bbox 4308 3163 4597 3229; x_wconf 87' lang='lat' dir='ltr'>omnibus</span> 
     </span>
     <span class='ocr_line' id='line_1_91' title="bbox 2668 3247 4598 3329; baseline 0 -16"><span class='ocrx_word' id='word_1_613' title='bbox 2668 3248 2955 3314; x_wconf 90' lang='lat' dir='ltr'>ecclesiis</span> <span class='ocrx_word' id='word_1_614' title='bbox 3000 3249 3263 3329; x_wconf 89' lang='lat' dir='ltr'>sentire,</span> <span class='ocrx_word' id='word_1_615' title='bbox 3309 3247 3607 3314; x_wconf 76' lang='lat' dir='ltr'>Stancari</span> <span class='ocrx_word' id='word_1_616' title='bbox 3647 3268 3804 3315; x_wconf 81' lang='lat' dir='ltr'>vero</span> <span class='ocrx_word' id='word_1_617' title='bbox 3863 3247 4224 3316; x_wconf 87' lang='lat' dir='ltr'>doctrinam</span> <span class='ocrx_word' id='word_1_618' title='bbox 4267 3269 4344 3314; x_wconf 94' lang='lat' dir='ltr'>eo</span> <span class='ocrx_word' id='word_1_619' title='bbox 4388 3249 4523 3314; x_wconf 93' lang='lat' dir='ltr'>loco</span> <span class='ocrx_word' id='word_1_620' title='bbox 4562 3268 4598 3313; x_wconf 87' lang='lat' dir='ltr'>a</span> 
     </span>
     <span class='ocr_line' id='line_1_92' title="bbox 2665 3332 4597 3418; baseline 0 -20"><span class='ocrx_word' id='word_1_621' title='bbox 2665 3332 2852 3399; x_wconf 91' lang='lat' dir='ltr'>nobis</span> <span class='ocrx_word' id='word_1_622' title='bbox 2897 3332 3141 3412; x_wconf 89' lang='lat' dir='ltr'>haberi,</span> <span class='ocrx_word' id='word_1_623' title='bbox 3205 3354 3333 3417; x_wconf 92' lang='lat' dir='ltr'>quo</span> <span class='ocrx_word' id='word_1_624' title='bbox 3374 3332 3513 3399; x_wconf 86' lang='lat' dir='ltr'>loco</span> <span class='ocrx_word' id='word_1_625' title='bbox 3554 3334 3694 3417; x_wconf 92' lang='lat' dir='ltr'>ipse</span> <span class='ocrx_word' id='word_1_626' title='bbox 3737 3341 4028 3401; x_wconf 88' lang='lat' dir='ltr'>nostram</span> <span class='ocrx_word' id='word_1_627' title='bbox 4069 3334 4361 3416; x_wconf 88' lang='lat' dir='ltr'>haberet,</span> <span class='ocrx_word' id='word_1_628' title='bbox 4415 3332 4597 3418; x_wconf 88' lang='lat' dir='ltr'>idque</span> 
     </span>
     <span class='ocr_line' id='line_1_93' title="bbox 2667 3418 4598 3503; baseline -0.001 -19"><span class='ocrx_word' id='word_1_629' title='bbox 2667 3426 2746 3484; x_wconf 90' lang='lat' dir='ltr'>ut</span> <span class='ocrx_word' id='word_1_630' title='bbox 2809 3418 3027 3503; x_wconf 87' lang='lat' dir='ltr'>palam</span> <span class='ocrx_word' id='word_1_631' title='bbox 3091 3421 3299 3499; x_wconf 87' lang='lat' dir='ltr'>fieret,</span> <span class='ocrx_word' id='word_1_632' title='bbox 3363 3419 3762 3503; x_wconf 86' lang='lat' dir='ltr'>exemplaria</span> <span class='ocrx_word' id='word_1_633' title='bbox 3824 3421 4072 3487; x_wconf 89' lang='lat' dir='ltr'>exordii</span> <span class='ocrx_word' id='word_1_634' title='bbox 4135 3420 4317 3486; x_wconf 91' lang='lat' dir='ltr'>illius</span> <span class='ocrx_word' id='word_1_635' title='bbox 4378 3419 4598 3487; x_wconf 86' lang='lat' dir='ltr'>famosi</span> 
     </span>
     <span class='ocr_line' id='line_1_94' title="bbox 2664 3504 4597 3590; baseline -0.002 -17"><span class='ocrx_word' id='word_1_636' title='bbox 2664 3504 2938 3573; x_wconf 89' lang='lat' dir='ltr'>collecta</span> <span class='ocrx_word' id='word_1_637' title='bbox 2979 3526 3100 3590; x_wconf 91' lang='lat' dir='ltr'>pro</span> <span class='ocrx_word' id='word_1_638' title='bbox 3141 3505 3372 3589; x_wconf 91' lang='lat' dir='ltr'>templi</span> <span class='ocrx_word' id='word_1_639' title='bbox 3410 3504 3676 3588; x_wconf 85' lang='lat' dir='ltr'>foribus,</span> <span class='ocrx_word' id='word_1_640' title='bbox 3710 3506 3982 3574; x_wconf 89' lang='lat' dir='ltr'>redditis</span> <span class='ocrx_word' id='word_1_641' title='bbox 4017 3508 4252 3587; x_wconf 89' lang='lat' dir='ltr'>causis,</span> <span class='ocrx_word' id='word_1_642' title='bbox 4293 3507 4366 3573; x_wconf 89' lang='lat' dir='ltr'>in</span> <span class='ocrx_word' id='word_1_643' title='bbox 4398 3506 4597 3572; x_wconf 87' lang='lat' dir='ltr'>medio</span> 
     </span>
     <span class='ocr_line' id='line_1_95' title="bbox 2664 3590 4597 3675; baseline -0.001 -17"><span class='ocrx_word' id='word_1_644' title='bbox 2664 3592 2957 3658; x_wconf 86' lang='lat' dir='ltr'>universi</span> <span class='ocrx_word' id='word_1_645' title='bbox 2999 3598 3218 3658; x_wconf 92' lang='lat' dir='ltr'>coetus</span> <span class='ocrx_word' id='word_1_646' title='bbox 3276 3593 3665 3670; x_wconf 87' lang='lat' dir='ltr'>exussimus,</span> <span class='ocrx_word' id='word_1_647' title='bbox 3719 3600 3916 3675; x_wconf 87' lang='lat' dir='ltr'>atque</span> <span class='ocrx_word' id='word_1_648' title='bbox 3971 3594 4069 3659; x_wconf 90' lang='lat' dir='ltr'>ita</span> <span class='ocrx_word' id='word_1_649' title='bbox 4121 3590 4386 3659; x_wconf 91' lang='lat' dir='ltr'>demum</span> <span class='ocrx_word' id='word_1_650' title='bbox 4424 3594 4597 3657; x_wconf 76' lang='lat' dir='ltr'>invo-</span> 
     </span>
     <span class='ocr_line' id='line_1_96' title="bbox 2664 3676 4596 3763; baseline -0.001 -19"><span class='ocrx_word' id='word_1_651' title='bbox 2664 3685 2807 3744; x_wconf 90' lang='lat' dir='ltr'>cato</span> <span class='ocrx_word' id='word_1_652' title='bbox 2827 3676 2957 3743; x_wconf 93' lang='lat' dir='ltr'>Dei</span> <span class='ocrx_word' id='word_1_653' title='bbox 3001 3678 3264 3743; x_wconf 89' lang='lat' dir='ltr'>nomine</span> <span class='ocrx_word' id='word_1_654' title='bbox 3308 3684 3373 3742; x_wconf 89' lang='lat' dir='ltr'>et</span> <span class='ocrx_word' id='word_1_655' title='bbox 3416 3678 3575 3743; x_wconf 91' lang='lat' dir='ltr'>actis</span> <span class='ocrx_word' id='word_1_656' title='bbox 3620 3698 3737 3761; x_wconf 89' lang='lat' dir='ltr'>pro</span> <span class='ocrx_word' id='word_1_657' title='bbox 3782 3700 4085 3746; x_wconf 90' lang='lat' dir='ltr'>successu</span> <span class='ocrx_word' id='word_1_658' title='bbox 4120 3678 4424 3762; x_wconf 89' lang='lat' dir='ltr'>colloquii</span> <span class='ocrx_word' id='word_1_659' title='bbox 4456 3699 4596 3763; x_wconf 85' lang='lat' dir='ltr'>gra-</span> 
     </span>
     <span class='ocr_line' id='line_1_97' title="bbox 2664 3763 4595 3848; baseline -0.001 -18"><span class='ocrx_word' id='word_1_660' title='bbox 2664 3764 2774 3830; x_wconf 83' lang='lat' dir='ltr'>tiis</span> <span class='ocrx_word' id='word_1_661' title='bbox 2818 3771 3038 3831; x_wconf 90' lang='lat' dir='ltr'>coetus</span> <span class='ocrx_word' id='word_1_662' title='bbox 3078 3764 3150 3828; x_wconf 91' lang='lat' dir='ltr'>in</span> <span class='ocrx_word' id='word_1_663' title='bbox 3194 3784 3351 3848; x_wconf 91' lang='lat' dir='ltr'>pace</span> <span class='ocrx_word' id='word_1_664' title='bbox 3393 3763 3748 3830; x_wconf 86' lang='lat' dir='ltr'>dissolutus</span> <span class='ocrx_word' id='word_1_665' title='bbox 3792 3773 3908 3830; x_wconf 87' lang='lat' dir='ltr'>est.</span> <span class='ocrx_word' id='word_1_666' title='bbox 3965 3766 4050 3831; x_wconf 91' lang='lat' dir='ltr'>In</span> <span class='ocrx_word' id='word_1_667' title='bbox 4094 3783 4356 3831; x_wconf 88' lang='lat' dir='ltr'>summa</span> <span class='ocrx_word' id='word_1_668' title='bbox 4398 3765 4595 3830; x_wconf 87' lang='lat' dir='ltr'>detes·</span> 
     </span>
     <span class='ocr_line' id='line_1_98' title="bbox 2666 3850 4594 3933; baseline 0 -19"><span class='ocrx_word' id='word_1_669' title='bbox 2666 3856 2883 3916; x_wconf 91' lang='lat' dir='ltr'>tamur</span> <span class='ocrx_word' id='word_1_670' title='bbox 2919 3860 3054 3915; x_wconf 88' lang='lat' dir='ltr'>tam</span> <span class='ocrx_word' id='word_1_671' title='bbox 3091 3870 3296 3916; x_wconf 86' lang='lat' dir='ltr'>novas</span> <span class='ocrx_word' id='word_1_672' title='bbox 3318 3870 3517 3933; x_wconf 89' lang='lat' dir='ltr'>quam</span> <span class='ocrx_word' id='word_1_673' title='bbox 3538 3856 3791 3917; x_wconf 87' lang='lat' dir='ltr'>veteres</span> <span class='ocrx_word' id='word_1_674' title='bbox 3832 3850 4154 3931; x_wconf 89' lang='lat' dir='ltr'>haereses,</span> <span class='ocrx_word' id='word_1_675' title='bbox 4201 3858 4270 3915; x_wconf 91' lang='lat' dir='ltr'>et</span> <span class='ocrx_word' id='word_1_676' title='bbox 4311 3851 4594 3916; x_wconf 86' lang='lat' dir='ltr'>nomina-</span> 
     </span>
     <span class='ocr_line' id='line_1_99' title="bbox 2664 3933 4592 4017; baseline 0.001 -17"><span class='ocrx_word' id='word_1_677' title='bbox 2664 3936 2784 4000; x_wconf 85' lang='lat' dir='ltr'>tim</span> <span class='ocrx_word' id='word_1_678' title='bbox 2829 3933 3214 4001; x_wconf 90' lang='lat' dir='ltr'>damnamus</span> <span class='ocrx_word' id='word_1_679' title='bbox 3240 3935 3496 4016; x_wconf 69' lang='lat' dir='ltr'>Servati,</span> <span class='ocrx_word' id='word_1_680' title='bbox 3525 3936 3837 4017; x_wconf 75' lang='lat' dir='ltr'>Gribaldi,</span> <span class='ocrx_word' id='word_1_681' title='bbox 3868 3937 4142 4017; x_wconf 68' lang='lat' dir='ltr'>Gmeesii,</span> <span class='ocrx_word' id='word_1_682' title='bbox 4176 3934 4256 4002; x_wconf 93' lang='lat' dir='ltr'>de</span> <span class='ocrx_word' id='word_1_683' title='bbox 4298 3937 4592 4016; x_wconf 86' lang='lat' dir='ltr'>trinitate,</span> 
     </span>
     <span class='ocr_line' id='line_1_100' title="bbox 2665 4020 4592 4100; baseline -0.001 -13"><span class='ocrx_word' id='word_1_684' title='bbox 2665 4028 2732 4087; x_wconf 88' lang='lat' dir='ltr'>et</span> <span class='ocrx_word' id='word_1_685' title='bbox 2765 4021 3103 4087; x_wconf 85' lang='lat' dir='ltr'>Valentini</span> <span class='ocrx_word' id='word_1_686' title='bbox 3132 4021 3405 4088; x_wconf 66' lang='lat' dir='ltr'>Geraeizis</span> <span class='ocrx_word' id='word_1_687' title='bbox 3450 4028 3652 4087; x_wconf 89' lang='lat' dir='ltr'>totam</span> <span class='ocrx_word' id='word_1_688' title='bbox 3696 4021 4086 4088; x_wconf 85' lang='lat' dir='ltr'>doctrinam:</span> <span class='ocrx_word' id='word_1_689' title='bbox 4130 4023 4290 4088; x_wconf 92' lang='lat' dir='ltr'>item</span> <span class='ocrx_word' id='word_1_690' title='bbox 4314 4020 4592 4100; x_wconf 89' lang='lat' dir='ltr'>Sabellii,</span> 
     </span>
     <span class='ocr_line' id='line_1_101' title="bbox 2668 4106 4592 4177; baseline -0.001 -2"><span class='ocrx_word' id='word_1_691' title='bbox 2668 4107 2985 4175; x_wconf 68' lang='lat' dir='ltr'>fflancari.</span> <span class='ocrx_word' id='word_1_692' title='bbox 3050 4107 3335 4174; x_wconf 90' lang='lat' dir='ltr'>Paulum</span> <span class='ocrx_word' id='word_1_693' title='bbox 3378 4106 3703 4173; x_wconf 69' lang='lat' dir='ltr'>Aleia-tum</span> <span class='ocrx_word' id='word_1_694' title='bbox 3744 4116 3811 4174; x_wconf 91' lang='lat' dir='ltr'>et</span> <span class='ocrx_word' id='word_1_695' title='bbox 3851 4109 4011 4175; x_wconf 89' lang='lat' dir='ltr'>alios</span> <span class='ocrx_word' id='word_1_696' title='bbox 4055 4108 4346 4177; x_wconf 91' lang='lat' dir='ltr'>eiusdem</span> <span class='ocrx_word' id='word_1_697' title='bbox 4386 4127 4592 4174; x_wconf 88' lang='lat' dir='ltr'>mone-</span> 
     </span>
     <span class='ocr_line' id='line_1_102' title="bbox 2666 4193 3668 4278; baseline 0 -19"><span class='ocrx_word' id='word_1_698' title='bbox 2666 4201 2776 4261; x_wconf 88' lang='lat' dir='ltr'>tae</span> <span class='ocrx_word' id='word_1_699' title='bbox 2818 4193 3203 4278; x_wconf 90' lang='lat' dir='ltr'>phanaticos</span> <span class='ocrx_word' id='word_1_700' title='bbox 3246 4193 3668 4261; x_wconf 89' lang='lat' dir='ltr'>detestamur.</span> 
     </span>
    </p>
   </div>
   <div class='ocr_carea' id='block_1_8' title="bbox 2885 4707 4413 4912">
    <p class='ocr_par' dir='ltr' id='par_1_15' title="bbox 2885 4707 4413 4912">
     <span class='ocr_line' id='line_1_103' title="bbox 3537 4707 3735 4778; baseline 0.005 -1"><span class='ocrx_word' id='word_1_701' title='bbox 3537 4707 3735 4778; x_wconf 76' lang='lat'>3876.</span> 
     </span>
     <span class='ocr_line' id='line_1_104' title="bbox 2885 4828 4413 4912; baseline 0.001 -3"><span class='ocrx_word' id='word_1_702' title='bbox 2885 4842 3007 4909; x_wconf 80' lang='lat' dir='ltr'>LE</span> <span class='ocrx_word' id='word_1_703' title='bbox 3053 4842 3356 4910; x_wconf 75' lang='lat' dir='ltr'><strong>SENAT</strong></span> <span class='ocrx_word' id='word_1_704' title='bbox 3398 4843 3527 4910; x_wconf 81' lang='lat' dir='ltr'>DE</span> <span class='ocrx_word' id='word_1_705' title='bbox 3573 4828 3957 4911; x_wconf 75' lang='lat' dir='ltr'><strong>GENEVE</strong></span> <span class='ocrx_word' id='word_1_706' title='bbox 4003 4847 4065 4912; x_wconf 84' lang='lat' dir='ltr'>A</span> <span class='ocrx_word' id='word_1_707' title='bbox 4108 4844 4413 4911; x_wconf 72' lang='lat' dir='ltr'>vlam.</span> 
     </span>
    </p>
   </div>
   <div class='ocr_carea' id='block_1_9' title="bbox 2846 5013 4233 5100">
    <p class='ocr_par' dir='ltr' id='par_1_16' title="bbox 2846 5013 4233 5100">
     <span class='ocr_line' id='line_1_105' title="bbox 2846 5013 4233 5100; baseline 0.001 -19"><span class='ocrx_word' id='word_1_708' title='bbox 2846 5013 2944 5081; x_wconf 78' lang='lat' dir='ltr'>On</span> <span class='ocrx_word' id='word_1_709' title='bbox 2984 5015 3040 5080; x_wconf 84' lang='lat' dir='ltr'>le</span> <span class='ocrx_word' id='word_1_710' title='bbox 3068 5035 3290 5096; x_wconf 72' lang='lat' dir='ltr'>presse</span> <span class='ocrx_word' id='word_1_711' title='bbox 3330 5017 3407 5082; x_wconf 82' lang='lat' dir='ltr'>de</span> <span class='ocrx_word' id='word_1_712' title='bbox 3446 5018 3691 5083; x_wconf 65' lang='lat' dir='ltr'>revenia-</span> <span class='ocrx_word' id='word_1_713' title='bbox 3734 5017 3777 5082; x_wconf 83' lang='grc' dir='ltr'><em>ὰ</em></span> <span class='ocrx_word' id='word_1_714' title='bbox 3817 5038 3931 5085; x_wconf 79' lang='lat' dir='ltr'>son</span> <span class='ocrx_word' id='word_1_715' title='bbox 3959 5021 4156 5100; x_wconf 75' lang='lat' dir='ltr'>poste.</span> <span class='ocrx_word' id='word_1_716' title='bbox 4182 5018 4233 5100; x_wconf 87' lang='lat'>¹)</span> 
     </span>
    </p>
   </div>
   <div class='ocr_carea' id='block_1_10' title="bbox 2665 5137 3076 5149">
    <p class='ocr_par' dir='ltr' id='par_1_17' title="bbox 2665 5137 3076 5149">
     <span class='ocr_line' id='line_1_106' title="bbox 2665 5137 3076 5149; baseline 0 0"><span class='ocrx_word' id='word_1_717' title='bbox 2665 5137 3076 5149; x_wconf 95' lang='lat' dir='ltr'> </span> 
     </span>
    </p>
   </div>
   <div class='ocr_carea' id='block_1_11' title="bbox 2664 5185 4586 5393">
    <p class='ocr_par' dir='ltr' id='par_1_18' title="bbox 2664 5185 4586 5393">
     <span class='ocr_line' id='line_1_107' title="bbox 2666 5185 4586 5256; baseline -0.001 -15"><span class='ocrx_word' id='word_1_718' title='bbox 2666 5186 2832 5241; x_wconf 78' lang='lat'><strong>8876</strong></span> <span class='ocrx_word' id='word_1_719' title='bbox 2851 5186 2909 5256; x_wconf 90' lang='lat'>1)</span> <span class='ocrx_word' id='word_1_720' title='bbox 2946 5185 3269 5256; x_wconf 73' lang='lat' dir='ltr'>Saepissime</span> <span class='ocrx_word' id='word_1_721' title='bbox 3309 5185 3408 5243; x_wconf 73' lang='lat' dir='ltr'>hoc</span> <span class='ocrx_word' id='word_1_722' title='bbox 3453 5201 3601 5243; x_wconf 78' lang='lat' dir='ltr'>anno</span> <span class='ocrx_word' id='word_1_723' title='bbox 3635 5187 3703 5242; x_wconf 77' lang='lat' dir='ltr'>de</span> <span class='ocrx_word' id='word_1_724' title='bbox 3734 5187 3851 5243; x_wconf 72' lang='lat' dir='ltr'>eius</span> <span class='ocrx_word' id='word_1_725' title='bbox 3882 5189 4061 5245; x_wconf 71' lang='lat' dir='ltr'>reditu</span> <span class='ocrx_word' id='word_1_726' title='bbox 4103 5190 4168 5244; x_wconf 75' lang='lat' dir='ltr'>in</span> <span class='ocrx_word' id='word_1_727' title='bbox 4198 5194 4393 5244; x_wconf 71' lang='lat' dir='ltr'>senatu</span> <span class='ocrx_word' id='word_1_728' title='bbox 4422 5190 4586 5242; x_wconf 67' lang='lat' dir='ltr'>adun</span> 
     </span>
     <span class='ocr_line' id='line_1_108' title="bbox 2664 5253 4582 5328; baseline 0 -19"><span class='ocrx_word' id='word_1_729' title='bbox 2664 5257 2778 5323; x_wconf 74' lang='lat' dir='ltr'>fuit</span> <span class='ocrx_word' id='word_1_730' title='bbox 2809 5271 2859 5310; x_wconf 79' lang='lat' dir='ltr'>v.</span> <span class='ocrx_word' id='word_1_731' title='bbox 2882 5255 3015 5326; x_wconf 72' lang='lat' dir='ltr'>Req.</span> <span class='ocrx_word' id='word_1_732' title='bbox 3055 5254 3196 5325; x_wconf 83' lang='lat' dir='ltr'>Sept.</span> <span class='ocrx_word' id='word_1_733' title='bbox 3231 5255 3281 5310; x_wconf 79' lang='lat'>4.</span> <span class='ocrx_word' id='word_1_734' title='bbox 3330 5255 3414 5313; x_wconf 90' lang='lat'>10.</span> <span class='ocrx_word' id='word_1_735' title='bbox 3450 5257 3596 5313; x_wconf 82' lang='lat' dir='ltr'>Nov.</span> <span class='ocrx_word' id='word_1_736' title='bbox 3632 5255 3713 5311; x_wconf 89' lang='grc'>10.</span> <span class='ocrx_word' id='word_1_737' title='bbox 3736 5255 3819 5311; x_wconf 84' lang='grc'>15.</span> <span class='ocrx_word' id='word_1_738' title='bbox 3840 5257 3922 5312; x_wconf 79' lang='grc'>26.</span> <span class='ocrx_word' id='word_1_739' title='bbox 3957 5265 4009 5313; x_wconf 72' lang='lat' dir='ltr'>et</span> <span class='ocrx_word' id='word_1_740' title='bbox 4040 5261 4181 5328; x_wconf 61' lang='lat' dir='ltr'>quae</span> <span class='ocrx_word' id='word_1_741' title='bbox 4212 5260 4274 5313; x_wconf 77' lang='lat' dir='ltr'>in</span> <span class='ocrx_word' id='word_1_742' title='bbox 4306 5253 4582 5313; x_wconf 65' lang='lat' dir='ltr'>annalibus</span> 
     </span>
     <span class='ocr_line' id='line_1_109' title="bbox 2667 5323 4023 5393; baseline 0.003 -14"><span class='ocrx_word' id='word_1_743' title='bbox 2667 5327 2877 5393; x_wconf 69' lang='lat' dir='ltr'>passim</span> <span class='ocrx_word' id='word_1_744' title='bbox 2909 5331 3203 5381; x_wconf 74' lang='lat' dir='ltr'>occurrent.</span> <span class='ocrx_word' id='word_1_745' title='bbox 3251 5323 3337 5392; x_wconf 79' lang='lat' dir='ltr'>Of.</span> <span class='ocrx_word' id='word_1_746' title='bbox 3373 5327 3534 5383; x_wconf 76' lang='lat' dir='ltr'>etiam</span> <span class='ocrx_word' id='word_1_747' title='bbox 3569 5325 3647 5384; x_wconf 87' lang='lat' dir='ltr'>N.</span> <span class='ocrx_word' id='word_1_748' title='bbox 3681 5325 3835 5382; x_wconf 79' lang='lat'>3809.</span> <span class='ocrx_word' id='word_1_749' title='bbox 3868 5325 4023 5383; x_wconf 80' lang='lat'>3813.</span> 
     </span>
    </p>
   </div>
  </div>
 </body>
</html>
