4850 6117
285 364 425 429 69⁷

286 549 651 618 Palatinus
713 550 1203 631 Posnaniensis,
1224 551 1281 626 ὅ)
1360 572 1558 636 quem
1634 548 1825 617 aiunt
1900 549 1974 616 in
2037 551 2254 619 locum

288 636 484 703 illius
533 636 838 704 Tamovii
878 638 1012 702 iam
1047 636 1453 715 successisse,
1501 636 1829 704 secundus
1872 635 2256 721 capitaneus

291 722 935 809 Harimbmgensis,
966 727 1021 802 ⁸)
1086 724 1318 790 tertius
1395 722 1785 808 marius.
1908 722 2075 789 Post
2136 723 2257 789 hos

293 809 558 893 aliquot
609 830 693 874 ex
753 815 989 875 senatu
1034 807 1491 876 Oracoviensis
1542 807 1956 893 reipublicae,
2013 810 2260 892 praeci·

349 894 422 959 ui
460 895 606 975 viri,
652 895 766 979 qui
809 895 877 960 in
921 894 1084 961 urbe
1172 895 1441 960 rimaria
1482 902 1710 961 nostra
1750 896 2010 961 fortiter
2049 893 2256 961 Blan-

432 980 624 1047 tismo
665 980 1003 1046 resistunt.
1047 982 1110 1047 A
1199 980 1324 1047 hos
1365 982 1423 1045 si
1466 978 1849 1065 singillatim
1895 980 2260 1064 scripseris,

295 1066 520 1145 crede,
592 1065 949 1133 reverende
1013 1065 1291 1146 domine,
1357 1073 1424 1131 te
1485 1087 1620 1132 non
1684 1065 1930 1132 frustra
1993 1066 2258 1132 Ohristo

293 1150 599 1218 Domino
658 1152 1012 1219 adiuvante
1069 1172 1335 1236 operam
1376 1151 1867 1232 collocaturum,
1924 1152 2039 1219 sed
2085 1153 2259 1218 hanc

295 1244 494 1303 tuam
553 1236 924 1306 molestiam
989 1245 1055 1303 et
1108 1239 1302 1304 toties
1351 1239 1484 1303 iam
1537 1238 1916 1322 repietitum
1969 1237 2260 1304 laborem

299 1322 621 1390 eeclesiae
684 1323 1122 1391 aedificationi
1200 1323 1468 1390 tandem
1533 1323 1949 1391 serviturum.
2075 1325 2260 1390 Deus

299 1407 467 1494 opt,
521 1409 704 1475 Max.
764 1418 829 1474 te
896 1409 1079 1476 nobis
1137 1409 1533 1475 incolumem
1597 1419 1792 1494 atque
1855 1409 2116 1476 salvum
2183 1418 2261 1475 ut

302 1494 683 1561 diutissime
726 1503 1087 1574 conservet,
1137 1515 1258 1581 ego
1301 1497 1369 1561 in
1414 1495 1888 1562 ardentissimis
1940 1496 2114 1562 votis
2156 1515 2261 1561 as-

303 1580 500 1647 sidue
532 1580 762 1660 habeo,
806 1583 919 1665 qui
963 1589 1077 1647 tua
1119 1582 1434 1649 beneficia
1476 1602 1737 1648 summa
1794 1602 1953 1666 erga
1994 1603 2103 1648 me
2146 1602 2261 1666 ag-

297 1687 539 1733 nosco:
619 1687 740 1750 pro
812 1666 1046 1751 quibus
1112 1668 1368 1733 utinam
1434 1667 1789 1752 aliquando
1852 1673 2066 1733 exstet
2129 1668 2261 1751 sig-

303 1773 475 1818 num
517 1752 780 1835 pietatis
825 1755 897 1818 in
947 1761 1014 1818 te
1057 1773 1261 1820 meae.
1349 1753 1503 1819 Dat.
1564 1753 1795 1839 'Piguri
1861 1756 1958 1819 12.
2016 1753 2263 1837 Aprilis

486 1923 887 1992 Clarissimis
954 1925 1113 1992 viris
1172 1947 1205 1991 s
1322 1926 1555 2012 mystis
1622 1926 1772 2005 tuis,
1839 1924 2123 1991 dominis
2187 1946 2263 1992 ac

306 2009 843 2160 praeceptoribus
899 2012 1083 2093 meis,
1137 2031 1211 2077 sa
1238 2020 1411 2077 utem
1467 2011 1820 2094 plurimam
1866 2033 1942 2077 ac
2000 2031 2263 2078 omnem

338 2095 696 2162 elicitatem
741 2117 986 2182 precor.

509 2231 1020 2301 Addictissimus
1062 2254 1138 2299 ac
1180 2234 1278 2299 tui
1323 2234 1938 2320 observantissimus
1981 2234 2264 2300 famulus

929 2319 1443 2404 Ohristophorus
1486 2320 1813 2386 Thretius.

487 2576 732 2642 Ferme
809 2577 1274 2659 praeterieram
1352 2577 1526 2661 quod
1589 2578 1673 2645 ad
1740 2579 2263 2664 promovendum

309 2683 600 2748 regnum
641 2661 773 2728 Dei
815 2669 884 2728 et
934 2661 1380 2747 impediendos
1432 2666 1753 2732 satanicos
1806 2675 2079 2733 conatus
2124 2684 2262 2730 non

308 2750 629 2833 postremi
679 2748 813 2813 imo
869 2748 1143 2815 maximi
1194 2751 1515 2815 momenti
1556 2758 1674 2818 est.
1761 2751 2102 2818 Audivisti
2144 2751 2263 2817 ali·

306 2835 568 2916 quoties
612 2856 696 2901 ex
738 2855 862 2910 me,
917 2833 1277 2902 clarissime
1330 2833 1608 2915 domine,
1665 2835 1746 2903 de
1803 2839 2095 2920 Despota
2149 2837 2261 2920 qui

309 2919 711 2987 Valarchiae
743 2925 780 2962 *²
837 2919 1187 2986 Palatinus
1207 2925 1262 2999 ⁷)
1315 2922 1529 2988 factus
1580 2924 1654 2988 in
1706 2922 1888 2988 illam
1944 2923 2263 3007 amplissi-

306 3027 494 3072 mam
537 3017 605 3071 et
627 3005 1150 3089 potentissimam
1169 3008 1577 3090 provinciam
1598 3007 1984 3094 religionem
2006 3008 2261 3075 Christi

305 3091 730 3159 introducere
753 3093 1002 3171 statuit,
1042 3092 1373 3177 abrogatis
1394 3114 1667 3179 graecae
1687 3095 2020 3180 religionis
2040 3116 2261 3179 super·

307 3178 705 3245 stitionibua
793 3177 907 3244 Ad
952 3199 1099 3244 eam
1154 3201 1293 3244 rem
1336 3200 1378 3245 a
1417 3181 1664 3246 nostris
1706 3181 2083 3249 hominibus
2125 3181 2259 3247 for·

305 3285 493 3330 mam
534 3273 906 3331 vestrarum
949 3264 1368 3331 ecclesiarum
1418 3267 1630 3350 petiit.
1727 3265 2262 3335 studiosissimus

307 3351 494 3416 enim
537 3370 794 3433 semper
836 3349 966 3414 fuit
1007 3351 1404 3435 scriptorum
1460 3361 1726 3418 tuorum
1769 3354 2115 3437 omnisque
2156 3373 2261 3419 re·

306 3436 579 3521 ligionis
621 3442 898 3514 vestrae,
945 3444 1009 3501 et
1051 3437 1185 3501 iam
1228 3437 1471 3521 aliquot
1513 3460 1597 3504 ex
1637 3439 1960 3504 ministris
1995 3440 2262 3506 Poloni·

307 3524 408 3589 cis
450 3543 586 3587 non
628 3521 947 3604 suspectis
989 3520 1076 3586 ad
1131 3544 1204 3588 se
1254 3523 1534 3591 vocavit.
1636 3524 1893 3591 Verum
1952 3526 2261 3608 quoniam

307 3607 511 3674 factio
553 3606 718 3673 haec
757 3606 960 3689 impia
1000 3607 1427 3674 Blandratica
1480 3608 1911 3695 subdolesque
1931 3615 1967 3651 ⁴·
1999 3611 2262 3677 Lisma-

306 3693 500 3760 nicae
541 3692 793 3776 vulpes,
836 3692 1189 3775 providens
1208 3698 1244 3734 ⁴·
1286 3695 1410 3761 sibi
1452 3703 1767 3779 tanquam
1825 3697 1909 3762 de
1965 3696 2262 3764 ulteriori

310 3800 357 3844 a
404 3778 682 3845 Polonia
723 3778 973 3858 exsilio,
1022 3780 1196 3864 apud
1240 3802 1388 3847 eum
1440 3780 1716 3848 latibula
1758 3792 2100 3866 quaerunt,
2154 3784 2265 3849 ob-

307 3872 577 3932 secrant
617 3866 836 3948 itaque
879 3874 1064 3932 tuam
1100 3866 1407 3950 pietatem
1432 3879 1659 3934 omn'es
1701 3869 1795 3952 pii
1838 3877 1910 3934 ut
1957 3869 2041 3935 ad
2085 3870 2263 3935 hunc

307 3950 680 4036 principem
747 3948 1101 4018 Valachiae
1163 3952 1527 4037 Despotam
1592 3974 1670 4019 ea
1734 3955 1815 4022 de
1878 3976 1952 4020 re
2015 3955 2264 4022 scribas

306 4055 829 4122 permoneasque
871 4036 953 4102 de
994 4037 1396 4105 nebulonum
1440 4040 1716 4106 venenis
1750 4061 1826 4106 ac
1862 4042 2132 4118 artibus,
2176 4043 2265 4108 si-

307 4119 582 4212 mulque
618 4121 700 4187 ad
733 4142 970 4206 puram
1006 4131 1076 4189 et
1108 4125 1427 4191 sinceram
1461 4124 1843 4210 religionem
1881 4126 2263 4194 adhorteris.

309 4211 418 4275 Ac
459 4207 651 4275 video
706 4208 830 4274 hoc
889 4215 1113 4291 optare
1167 4210 1519 4278 nonnullos
1577 4221 1893 4296 tanquam
1947 4233 2088 4279 rem
2147 4233 2264 4296 ap·

311 4295 525 4377 prime
602 4295 1041 4360 necessariam
1119 4304 1194 4361 ut
1273 4295 1593 4363 stanislai
1663 4297 1949 4364 Samicii
2002 4319 2264 4378 nomen,

312 4381 655 4465 praecipui
723 4379 1125 4447 orthodoxae
1192 4382 1347 4448 fidei
1417 4384 1942 4468 propugnatoris,
2003 4384 2074 4450 in
2133 4387 2266 4450 tuis

313 4465 529 4531 literis
570 4466 653 4531 ad
698 4485 850 4531 eum
895 4467 1241 4549 exprimas,
1284 4488 1421 4533 una
1462 4488 1613 4534 oum
1648 4471 1913 4535 nomine
1956 4490 2120 4549 meo,
2163 4470 2265 4535 id-

316 4572 448 4634 que
490 4549 635 4617 ideo
678 4562 752 4617 ut
796 4550 1013 4618 aditus
1054 4561 1312 4636 pateret·
1344 4552 1427 4619 de
1448 4575 1796 4639 progressu
1818 4556 2070 4639 reliquo
2115 4578 2266 4623 cum

317 4657 396 4703 eo
438 4657 559 4721 per
595 4638 823 4704 literas
865 4637 973 4705 vel
1017 4656 1236 4705 coram
1279 4638 1710 4724 colloquendi,
1757 4649 1824 4707 et
1857 4663 1973 4726 per
2009 4663 2130 4709 nos
2164 4644 2266 4708 vi-

326 4943 967 5081 θωωέἐεοέιῗῖωέἐς.
989 4944 1257 5002 Pdoniae
1306 4947 1579 5017 qenes-alis
1631 4947 1958 5017 praefectus,
2006 4949 2266 5005 Andreas

528 5081 587 5152 6)
619 5083 933 5138 Ioachimus
968 5081 1325 5139 Liabomirskn'
1358 5084 1617 5150 (Lubien.
1654 5082 1795 5155 165).
1856 5086 2069 5142 Ibidem
2101 5102 2262 5156 prae·

319 5152 497 5219 roem
529 5157 651 5207 erat
686 5150 842 5208 Simo.
880 5150 1199 5223 Myscovt'us
1234 5154 1334 5217 (ib.
1369 5152 1512 5222 133).

529 5218 590 5288 7)
626 5220 743 5277 Iac.
789 5220 1113 5277 Heraclides
1166 5221 1449 5279 Basilicus
1489 5222 1714 5291 despota
1756 5223 1854 5294 (ib.
1907 5222 2024 5293 153)
2071 5225 2171 5281 ubi
2211 5229 2265 5282 et

321 5293 548 5346 nomina
581 5290 952 5348 manicharum
986 5290 1056 5347 ab
1091 5291 1185 5347 azo
1219 5291 1608 5349 advocatorum
1642 5295 1894 5362 reperies.

2054 363 2220 429 1563
2261 359 2574 431 APRIL.

4188 367 4320 434 698

2360 551 2581 618 cissim
2625 570 2794 635 quae
2836 550 2981 636 ipse
3034 558 3101 617 te
3160 551 3328 618 scire
3384 558 3653 636 cuperet
3708 550 3826 618 tibi
3880 551 4317 638 significandi.

2357 636 2710 722 Reliquam
2756 636 3163 703 occasionem
3206 658 3405 722 quam
3447 637 3651 704 habes
3684 658 3793 703 me
3814 639 4315 706 commendandi

2358 724 2431 789 in
2472 721 2684 788 literis
2727 723 2864 788 tuis
2907 721 2993 787 ad
3013 722 3297 790 Polonos
3319 724 3712 808 benignitati
3734 731 3888 789 tuae
3907 725 4312 793 commendo.

2359 807 2441 876 Si
2482 806 2552 873 id
2605 806 2713 874 vel
2770 807 2963 874 unico
3021 809 3298 875 verbulo
3349 810 3601 887 feceris,
3658 810 3947 876 maximo
4002 809 4316 878 beneficio

2358 915 2467 960 me
2507 893 2830 959 famulum
2873 901 3062 959 tuum
3105 898 3462 962 ornaveris.
3550 894 3739 961 Deus
3772 896 4085 979 pietatem
4129 904 4315 963 tuam

2361 980 2600 1065 spiritu
2644 998 2762 1044 suo
2816 986 3025 1064 regat,
3084 981 3165 1047 ab
3215 983 3518 1049 omnibus
3560 981 3856 1049 hostibus
3906 989 4172 1049 tueatur
4228 982 4315 1048 ad

2362 1085 2521 1132 suae
2562 1064 2868 1131 ecclesiae
2914 1066 3449 1133 aedificationem.

3132 1357 3540 1372 m

3246 1646 3445 1717 3988.

2880 1782 3305 1870 sonarum
3347 1802 3478 1868 DE
3523 1802 3796 1870 BALE.

2538 1973 2788 2055 Affaire
2826 1972 2917 2039 du
2956 1974 3078 2040 duc
3109 1972 3185 2038 de
3208 1971 3434 2040 Savoie
3465 1974 3847 2041 demandwt
3878 1975 3945 2040 la
3964 1977 4312 2045 restitutiva

2365 2059 2443 2124 de
2481 2079 2581 2126 ses
2624 2065 2816 2125 terres
2857 2059 3159 2142 aues-esois
3198 2061 3518 2141 conquises
3548 2081 3677 2144 par
3721 2059 3952 2128 Reme.
3985 2066 4032 2138 ¹)

2362 2230 2653 2300 (Archives
2685 2231 2756 2284 de
2792 2228 3026 2284 Geneve.
3094 2227 3317 2285 Lettres
3352 2231 3421 2285 de
3455 2232 3510 2284 la
3542 2230 3858 2301 Seigneurie
3893 2229 4046 2285 1563.
4097 2232 4312 2288 Minute

2365 2300 2610 2371 corrigee
2652 2316 2753 2369 par
2800 2299 3006 2363 Calvin,
3056 2298 3190 2352 dont
3232 2315 3368 2354 nous
3415 2300 3729 2381 imprimens
3776 2302 3857 2356 les
3899 2300 4125 2371 phrases
4159 2305 4309 2357 auto·

3025 2365 3261 2440 graphes
3297 2384 3364 2421 en
3397 2369 3664 2438 italique.)

2368 2537 2816 2607 Constitution
2860 2538 2975 2606 des
3018 2539 3249 2607 Sieurs
3290 2539 3813 2607 Ambassadeurs
3868 2562 3988 2625 par
4053 2539 4216 2606 aller
4271 2561 4313 2606 a

2363 2626 2433 2690 la
2464 2628 2741 2710 journee
2785 2624 2867 2692 de
2909 2624 3172 2779 Baelffes
3214 2625 3389 2777 {5311
3418 2635 3503 2778 ῖίὲ
3507 2646 3876 2779 ¹1{pprouve
3917 2649 4004 2693 en
4044 2625 4311 2694 Oonseil

2537 2882 2719 2948 Nous
2762 2880 3140 2967 Syndiques
3183 2882 3355 2948 Petit
3397 2891 3464 2949 et
3498 2882 3709 2968 grand
3744 2880 4006 2950 Oonseil
4050 2882 4130 2950 de
4174 2882 4311 2951 Ge-

2364 2989 2531 3036 neve
2587 2989 2630 3034 a
2682 2975 2831 3036 tous
2889 2968 3134 3037 faisons
3177 2968 3429 3036 notoire
3478 2978 3544 3035 et
3601 2969 3944 3036 manifeste
3986 2989 4111 3052 que
4155 2990 4312 3056 suy-

2364 3067 2528 3121 vant
2579 3054 3007 3139 lassignation
3057 3062 3125 3121 et
3181 3054 3247 3120 la
3294 3057 3574 3139 journee
3626 3055 3709 3121 de
3760 3056 4191 3141 magnifiques
4246 3062 4313 3121 et

2364 3139 2851 3208 tresredoubtez
2895 3139 3257 3226 Seigneurs
3318 3140 3431 3207 des
3473 3141 3724 3227 Ligues
3763 3162 3884 3209 nos
3926 3142 4090 3208 bons
4145 3161 4312 3227 voy-

2365 3226 2503 3292 sins
2547 3236 2614 3294 et
2669 3226 2773 3293 sin
2866 3225 3023 3294 liers
3079 3247 3268 3313 amys
3311 3248 3396 3293 au
3440 3231 3541 3292 25.
3584 3226 3839 3311 dapvril
3893 3227 4222 3312 pendante
4268 3248 4311 3294 a

2364 3312 2564 3380 Basle
2629 3334 2712 3379 en
2804 3312 3353 3380 advertissement
3415 3311 3496 3378 de
3559 3334 3681 3378 noz
3745 3312 4075 3379 treschers
4131 3334 4312 3380 com·

2365 3397 2711 3483 bourgeois
2754 3398 2834 3465 de
2869 3399 3106 3480 Berne,
3151 3400 3335 3464 aians
3385 3397 3670 3465 delibero
3725 3398 3815 3484 dy
3855 3418 4143 3485 envoyer
4191 3419 4316 3483 par

2363 3506 2590 3553 meure
2625 3483 3048 3551 deliberation
3093 3483 3173 3551 de
3217 3493 3439 3551 nostre
3482 3484 3725 3552 conseil
3762 3506 3802 3550 a
3835 3503 4005 3550 nous
4039 3484 4312 3551 commis

2363 3580 2432 3636 et
2477 3570 2747 3656 deputez
2804 3591 2926 3636 noz
2987 3569 3512 3638 Ambassadeurs
3564 3591 3732 3656 pour
3783 3569 3986 3636 ladite
4033 3571 4311 3654 journee

2365 3847 2552 3901 8988.
2573 3846 2629 3914 1)
2672 3844 2895 3901 Buchat
2928 3844 3025 3899 VI.
3060 3842 3167 3899 454
3202 3859 3275 3901 ⁸8.
3308 3844 3431 3899 vn.
3470 3842 3565 3898 16:
3598 3844 3678 3898 Le
3711 3843 3817 3897 duc
3849 3842 3919 3897 de
3953 3843 4150 3899 Savoie
4182 3859 4313 3898 con-

2367 3916 2525 3969 tinua
2575 3920 2720 3972 cette
2771 3913 2947 3970 annee
2989 3929 3078 3967 ses
3123 3913 3494 3983 negociatione
3540 3929 3608 3969 eu
3656 3911 3839 3994 Suisse
3880 3928 4021 3981 pour
4065 3929 4125 3968 se
4175 3912 4315 3967 faire

2367 3985 2568 4038 rendre
2601 3985 2682 4066 les
2716 4001 2850 4078 pays
2886 3983 2981 4052 qui
3013 3983 3233 4038 avoient
3251 3981 3354 4075 ‚ete
3388 3983 3505 4052 pris
3549 3981 3584 4035 a
3627 3997 3728 4038 son
3764 3996 3909 4051 pere,
3957 3996 4027 4035 en
4068 3987 4192 4037 tout
4239 3998 4315 4064 ⁰.¹¹

2366 4070 2450 4177 ῗὲ.
2473 4060 2710 4177 Ξῗῃῗὲε
2735 4050 3250 4176 wiffam&
3262 4050 4156 4189 {ffliss’mffffless'sszjma
4173 4067 4316 4191 50²3:

2368 4192 2740 4247 accommoder
2772 4206 2834 4245 ce
2868 4190 3056 4271 prince
3091 4205 3221 4244 avec
3257 4189 3452 4244 Berne.
3489 4186 3571 4242 On
3607 4188 3664 4241 la
3696 4205 3817 4241 mar
3856 4205 3925 4241 ua
3957 4186 3992 4241 a
4012 4189 4142 4243 Bale
4175 4204 4314 4259 pour

2366 4262 2420 4315 le
2453 4259 2540 4314 25.
2576 4261 2746 4315 Avril.
2834 4259 2941 4312 Les
2975 4257 3209 4328 deputes
3252 4257 3322 4340 de
3369 4258 3544 4312 Berne
3588 4257 3770 4339 surent
3814 4206 4039 4380 dmffp
4085 4257 4123 4312 ὲ
4166 4261 4314 4312 cette

2368 4330 2616 4385 occasion
2652 4328 2861 4383 d’avoir
2893 4328 3014 4382 soin
3056 4327 3154 4383 des
3197 4328 3427 4382 iuterets
3475 4326 3542 4381 de
3584 4325 3805 4380 Geneve
3852 4332 3910 4379 et
3989 4325 4314 4381 'intercedet

2367 4396 2566 4467 aupr'es
2607 4398 2677 4451 de
2721 4396 3145 4450 l’ambassadeur
3176 4413 3317 4466 pour
3361 4397 3495 4450 faire
3529 4395 3679 4450 lever
3718 4395 3773 4449 la
3806 4393 4025 4475 defense
4039 4395 4135 4476 ‘du
4167 4411 4312 4450 com·

2368 4483 2564 4549 merce·
2583 4482 2716 4520 avec
2749 4465 2833 4532 G„
2871 4482 2977 4533 que
3010 4466 3064 4520 le
3136 4466 3404 4548 arlement
3432 4464 3506 4547 de
3541 4464 3680 4545 Dolo
3714 4470 3865 4517 avoit
3902 4464 4136 4545 pubhee.
4203 4464 4312 4517 Les

2367 4535 3030 4726 issdfitgzhdssssopttttssaz
3075 4539 4313 4726 ‚ffmssffkfflssiffiffiass}›ffiffi¹ffiess⁰{{

2367 4689 2429 4728 ce
2467 4691 2535 4727 an
2596 4690 2626 4726 c
2665 4688 2800 4754 ⁰:⁰¹².¹¹
2836 4688 2939 4742 que
2963 4687 3069 4741 que
3172 4687 3267 4726 ose
3340 4688 3373 4754 q
3405 4687 3503 4725 son
3662 4709 3680 4753 :
3795 4687 3946 4723 ravan
4148 4687 4215 4724 ur

2366 4742 2673 4881 mm
2698 4742 3046 4892 ‚erema
3079 4741 3161 4863 ξιτ
3178 4738 4314 4904 {03233500523223222323230335

2365 4886 2587 5015 {2⁰¹⁵ss
2660 4877 3549 5027 ssb3225⁰12<35¹12⁶ffltf¹3322
3586 4874 4310 5028 fflffissssfferff‘fflsssssl‘,

2363 5017 2620 5087 Ripaille,
2654 5015 2801 5098 Yeve
2841 5057 2855 5082 ,
2888 4987 2973 5072 iae
3006 5016 3169 5083 Tour,
3204 5015 3437 5097 Obillon‚
3471 5015 3805 5098 villeneuve,
3840 5031 3933 5083 qm
3965 5020 4186 5069 avoient
4217 5011 4310 5094 ‚⁶⁹⁰

2361 5085 2964 5225 ἓέξΐθέζέἶῖἳέηῗέῗ
2982 5084 3072 5206 3¹3¹
3099 5084 3445 5224 ιῗῆἓῖῗέὸη,
3468 5082 4309 5236 ἕζθῗιίῃῗᾝῖωρᾚὲξῖἓὲ

2364 5221 3269 5360 {33323252‘32512533‘02532531
3295 5227 3611 5361 ἓέμῗῗιῗὲι,
3637 5223 3719 5276 ¹⁴⁰
3764 5221 3868 5276 ‘¹¹¹⁰
3902 5226 4122 5290 ‘wem‘
4163 5227 4309 5275 ⁰⁸⁸oe
