<?xml version="1.0" encoding="UTF-8"?>
<!DOCTYPE html PUBLIC "-//W3C//DTD XHTML 1.0 Transitional//EN"
    "http://www.w3.org/TR/xhtml1/DTD/xhtml1-transitional.dtd">
<html xmlns="http://www.w3.org/1999/xhtml" xml:lang="en" lang="en">
 <head>
  <title>
</title>
<meta http-equiv="Content-Type" content="text/html;charset=utf-8" />
  <meta name='ocr-system' content='tesseract 3.04.00' />
  <meta name='ocr-capabilities' content='ocr_page ocr_carea ocr_par ocr_line ocrx_word'/>
</head>
<body>
  <div class='ocr_page' id='page_1' title='image "./ioanniscalvinio05unkngoog_0370.png"; bbox 0 0 4850 6117; ppageno 0'>
   <div class='ocr_carea' id='block_1_1' title="bbox 394 298 2361 5283">
    <p class='ocr_par' dir='ltr' id='par_1_1' title="bbox 394 298 2361 5283">
     <span class='ocr_line' id='line_1_1' title="bbox 399 298 524 392; baseline -0.008 -33"><span class='ocrx_word' id='word_1_1' title='bbox 399 299 439 359; x_wconf 77' lang='lat'><strong>⁷</strong></span> <span class='ocrx_word' id='word_1_2' title='bbox 452 299 484 392; x_wconf 81' lang='lat'>¹.</span> <span class='ocrx_word' id='word_1_3' title='bbox 489 298 524 358; x_wconf 83' lang='lat'>5</span> 
     </span>
     <span class='ocr_line' id='line_1_2' title="bbox 477 389 494 424; baseline 0 0"><span class='ocrx_word' id='word_1_4' title='bbox 477 389 494 424; x_wconf 64' lang='grc' dir='ltr'><em>ἐ</em></span> 
     </span>
     <span class='ocr_line' id='line_1_3' title="bbox 399 475 2347 563; baseline -0.004 -14"><span class='ocrx_word' id='word_1_5' title='bbox 399 491 467 549; x_wconf 88' lang='lat' dir='ltr'>et</span> <span class='ocrx_word' id='word_1_6' title='bbox 521 479 1118 563; x_wconf 75' lang='lat' dir='ltr'>interpretationem</span> <span class='ocrx_word' id='word_1_7' title='bbox 1162 477 1375 544; x_wconf 89' lang='lat' dir='ltr'>Pauli.</span> <span class='ocrx_word' id='word_1_8' title='bbox 1449 479 1541 542; x_wconf 85' lang='lat' dir='ltr'>At</span> <span class='ocrx_word' id='word_1_9' title='bbox 1603 475 1760 561; x_wconf 93' lang='lat' dir='ltr'>quid</span> <span class='ocrx_word' id='word_1_10' title='bbox 1826 476 1906 543; x_wconf 89' lang='lat' dir='ltr'>de</span> <span class='ocrx_word' id='word_1_11' title='bbox 1959 476 2347 560; x_wconf 85' lang='lat' dir='ltr'>praesentia,</span> 
     </span>
     <span class='ocr_line' id='line_1_4' title="bbox 397 562 2345 652; baseline -0.004 -19"><span class='ocrx_word' id='word_1_12' title='bbox 397 568 617 652; x_wconf 89' lang='lat' dir='ltr'>inquit</span> <span class='ocrx_word' id='word_1_13' title='bbox 657 565 932 631; x_wconf 89' lang='lat' dir='ltr'>Iacobus</span> <span class='ocrx_word' id='word_1_14' title='bbox 971 563 1291 642; x_wconf 73' lang='lat' dir='ltr'>Andreae,</span> <span class='ocrx_word' id='word_1_15' title='bbox 1336 562 1587 629; x_wconf 79' lang='lat' dir='ltr'>sentis?</span> <span class='ocrx_word' id='word_1_16' title='bbox 1660 563 1766 628; x_wconf 93' lang='lat' dir='ltr'>De</span> <span class='ocrx_word' id='word_1_17' title='bbox 1810 562 2198 647; x_wconf 84' lang='lat' dir='ltr'>praesentia,</span> <span class='ocrx_word' id='word_1_18' title='bbox 2242 562 2345 626; x_wconf 91' lang='lat' dir='ltr'>in-</span> 
     </span>
     <span class='ocr_line' id='line_1_5' title="bbox 400 647 2347 738; baseline -0.003 -19"><span class='ocrx_word' id='word_1_19' title='bbox 400 672 617 738; x_wconf 88' lang='lat' dir='ltr'>quam,</span> <span class='ocrx_word' id='word_1_20' title='bbox 670 672 804 716; x_wconf 92' lang='lat' dir='ltr'>non</span> <span class='ocrx_word' id='word_1_21' title='bbox 857 649 1139 715; x_wconf 86' lang='lat' dir='ltr'>libenter</span> <span class='ocrx_word' id='word_1_22' title='bbox 1182 648 1458 732; x_wconf 89' lang='lat' dir='ltr'>disputo,</span> <span class='ocrx_word' id='word_1_23' title='bbox 1518 649 1673 733; x_wconf 88' lang='lat' dir='ltr'>quia</span> <span class='ocrx_word' id='word_1_24' title='bbox 1715 648 1975 715; x_wconf 90' lang='lat' dir='ltr'>nullum</span> <span class='ocrx_word' id='word_1_25' title='bbox 2028 669 2107 713; x_wconf 90' lang='lat' dir='ltr'>ea</span> <span class='ocrx_word' id='word_1_26' title='bbox 2151 647 2233 714; x_wconf 93' lang='lat' dir='ltr'>de</span> <span class='ocrx_word' id='word_1_27' title='bbox 2273 668 2347 714; x_wconf 87' lang='lat' dir='ltr'>re</span> 
     </span>
     <span class='ocr_line' id='line_1_6' title="bbox 402 733 2345 820; baseline -0.004 -12"><span class='ocrx_word' id='word_1_28' title='bbox 402 738 676 808; x_wconf 90' lang='lat' dir='ltr'>verbum</span> <span class='ocrx_word' id='word_1_29' title='bbox 718 738 790 802; x_wconf 92' lang='lat' dir='ltr'>in</span> <span class='ocrx_word' id='word_1_30' title='bbox 834 734 1175 818; x_wconf 89' lang='lat' dir='ltr'>scripturis</span> <span class='ocrx_word' id='word_1_31' title='bbox 1211 734 1448 800; x_wconf 85' lang='lat' dir='ltr'>habeo:</span> <span class='ocrx_word' id='word_1_32' title='bbox 1494 756 1708 820; x_wconf 87' lang='lat' dir='ltr'>neque</span> <span class='ocrx_word' id='word_1_33' title='bbox 1743 735 1920 801; x_wconf 92' lang='lat' dir='ltr'>enim</span> <span class='ocrx_word' id='word_1_34' title='bbox 1956 733 2145 799; x_wconf 89' lang='lat' dir='ltr'>ullibi</span> <span class='ocrx_word' id='word_1_35' title='bbox 2178 734 2345 819; x_wconf 83' lang='lat' dir='ltr'>lege,</span> 
     </span>
     <span class='ocr_line' id='line_1_7' title="bbox 402 819 2351 906; baseline -0.003 -15"><span class='ocrx_word' id='word_1_36' title='bbox 402 832 522 891; x_wconf 89' lang='lat' dir='ltr'>aut</span> <span class='ocrx_word' id='word_1_37' title='bbox 563 823 902 889; x_wconf 78' lang='lat' dir='ltr'>Christum</span> <span class='ocrx_word' id='word_1_38' title='bbox 947 820 1223 887; x_wconf 79' lang='lat' dir='ltr'>dixisse:</span> <span class='ocrx_word' id='word_1_39' title='bbox 1289 819 1420 886; x_wconf 87' lang='lat' dir='ltr'>Hic</span> <span class='ocrx_word' id='word_1_40' title='bbox 1476 830 1575 887; x_wconf 89' lang='lat' dir='ltr'>est</span> <span class='ocrx_word' id='word_1_41' title='bbox 1630 842 1867 906; x_wconf 88' lang='lat' dir='ltr'>corpus</span> <span class='ocrx_word' id='word_1_42' title='bbox 1911 841 2167 886; x_wconf 90' lang='lat' dir='ltr'>meum:</span> <span class='ocrx_word' id='word_1_43' title='bbox 2235 828 2351 886; x_wconf 90' lang='lat' dir='ltr'>aut</span> 
     </span>
     <span class='ocr_line' id='line_1_8' title="bbox 400 906 2350 992; baseline -0.003 -15"><span class='ocrx_word' id='word_1_44' title='bbox 400 909 689 978; x_wconf 83' lang='lat' dir='ltr'>Paulum</span> <span class='ocrx_word' id='word_1_45' title='bbox 747 908 952 974; x_wconf 89' lang='lat' dir='ltr'>verba</span> <span class='ocrx_word' id='word_1_46' title='bbox 1007 906 1258 973; x_wconf 81' lang='lat' dir='ltr'>Christi</span> <span class='ocrx_word' id='word_1_47' title='bbox 1308 908 1404 971; x_wconf 87' lang='lat' dir='ltr'>ita</span> <span class='ocrx_word' id='word_1_48' title='bbox 1455 906 1961 992; x_wconf 85' lang='lat' dir='ltr'>interpretatum</span> <span class='ocrx_word' id='word_1_49' title='bbox 2017 907 2218 972; x_wconf 86' lang='lat' dir='ltr'>fuisse</span> <span class='ocrx_word' id='word_1_50' title='bbox 2275 914 2350 972; x_wconf 92' lang='lat' dir='ltr'>ut</span> 
     </span>
     <span class='ocr_line' id='line_1_9' title="bbox 404 991 2348 1076; baseline -0.003 -12"><span class='ocrx_word' id='word_1_51' title='bbox 404 995 713 1075; x_wconf 73' lang='lat' dir='ltr'>docuerit,</span> <span class='ocrx_word' id='word_1_52' title='bbox 757 993 872 1060; x_wconf 92' lang='lat' dir='ltr'>ubi</span> <span class='ocrx_word' id='word_1_53' title='bbox 915 991 1283 1059; x_wconf 88' lang='lat' dir='ltr'>celebratur</span> <span class='ocrx_word' id='word_1_54' title='bbox 1324 1013 1542 1073; x_wconf 88' lang='lat' dir='ltr'>coena,</span> <span class='ocrx_word' id='word_1_55' title='bbox 1586 993 1678 1060; x_wconf 92' lang='lat' dir='ltr'>ibi</span> <span class='ocrx_word' id='word_1_56' title='bbox 1719 1013 1862 1059; x_wconf 87' lang='lat' dir='ltr'>esse</span> <span class='ocrx_word' id='word_1_57' title='bbox 1906 1012 2141 1076; x_wconf 89' lang='lat' dir='ltr'>corpus</span> <span class='ocrx_word' id='word_1_58' title='bbox 2183 991 2348 1058; x_wconf 91' lang='lat' dir='ltr'>illud</span> 
     </span>
     <span class='ocr_line' id='line_1_10' title="bbox 404 1077 2350 1164; baseline -0.003 -15"><span class='ocrx_word' id='word_1_59' title='bbox 404 1081 656 1150; x_wconf 79' lang='lat' dir='ltr'>Christi</span> <span class='ocrx_word' id='word_1_60' title='bbox 690 1079 861 1164; x_wconf 90' lang='lat' dir='ltr'>quod</span> <span class='ocrx_word' id='word_1_61' title='bbox 897 1099 1014 1162; x_wconf 92' lang='lat' dir='ltr'>pro</span> <span class='ocrx_word' id='word_1_62' title='bbox 1036 1078 1223 1145; x_wconf 92' lang='lat' dir='ltr'>nobis</span> <span class='ocrx_word' id='word_1_63' title='bbox 1266 1077 1579 1144; x_wconf 91' lang='lat' dir='ltr'>traditum</span> <span class='ocrx_word' id='word_1_64' title='bbox 1624 1087 1740 1145; x_wconf 90' lang='lat' dir='ltr'>est.</span> <span class='ocrx_word' id='word_1_65' title='bbox 1812 1078 2029 1145; x_wconf 85' lang='lat' dir='ltr'>Audio</span> <span class='ocrx_word' id='word_1_66' title='bbox 2068 1078 2350 1161; x_wconf 90' lang='lat' dir='ltr'>quidem,</span> 
     </span>
     <span class='ocr_line' id='line_1_11' title="bbox 403 1162 2348 1254; baseline -0.002 -21"><span class='ocrx_word' id='word_1_67' title='bbox 403 1189 607 1254; x_wconf 90' lang='lat' dir='ltr'>quum</span> <span class='ocrx_word' id='word_1_68' title='bbox 649 1184 852 1232; x_wconf 90' lang='lat' dir='ltr'>coena</span> <span class='ocrx_word' id='word_1_69' title='bbox 892 1165 988 1244; x_wconf 88' lang='lat' dir='ltr'>fit,</span> <span class='ocrx_word' id='word_1_70' title='bbox 1033 1164 1194 1230; x_wconf 84' lang='lat' dir='ltr'>haec</span> <span class='ocrx_word' id='word_1_71' title='bbox 1230 1163 1481 1230; x_wconf 86' lang='lat' dir='ltr'>Christi</span> <span class='ocrx_word' id='word_1_72' title='bbox 1517 1166 1747 1231; x_wconf 89' lang='lat' dir='ltr'>verba:</span> <span class='ocrx_word' id='word_1_73' title='bbox 1800 1165 2110 1249; x_wconf 83' lang='lat' dir='ltr'>Accipite,</span> <span class='ocrx_word' id='word_1_74' title='bbox 2156 1162 2348 1243; x_wconf 88' lang='lat' dir='ltr'>edite,</span> 
     </span>
     <span class='ocr_line' id='line_1_12' title="bbox 406 1248 2349 1334; baseline -0.003 -14"><span class='ocrx_word' id='word_1_75' title='bbox 406 1255 531 1320; x_wconf 91' lang='lat' dir='ltr'>hoc</span> <span class='ocrx_word' id='word_1_76' title='bbox 564 1263 665 1318; x_wconf 88' lang='lat' dir='ltr'>est</span> <span class='ocrx_word' id='word_1_77' title='bbox 698 1271 933 1334; x_wconf 88' lang='lat' dir='ltr'>corpus</span> <span class='ocrx_word' id='word_1_78' title='bbox 968 1270 1188 1315; x_wconf 91' lang='lat' dir='ltr'>meum</span> <span class='ocrx_word' id='word_1_79' title='bbox 1224 1248 1394 1333; x_wconf 91' lang='lat' dir='ltr'>quod</span> <span class='ocrx_word' id='word_1_80' title='bbox 1430 1261 1570 1329; x_wconf 68' lang='lat' dir='ltr'>etc„</span> <span class='ocrx_word' id='word_1_81' title='bbox 1606 1249 1799 1316; x_wconf 89' lang='lat' dir='ltr'>audio</span> <span class='ocrx_word' id='word_1_82' title='bbox 1837 1251 2038 1316; x_wconf 90' lang='lat' dir='ltr'>etiam</span> <span class='ocrx_word' id='word_1_83' title='bbox 2064 1250 2349 1316; x_wconf 90' lang='lat' dir='ltr'>Paulum</span> 
     </span>
     <span class='ocr_line' id='line_1_13' title="bbox 403 1336 2349 1419; baseline -0.003 -13"><span class='ocrx_word' id='word_1_84' title='bbox 403 1340 567 1406; x_wconf 89' lang='lat' dir='ltr'>haec</span> <span class='ocrx_word' id='word_1_85' title='bbox 613 1338 812 1404; x_wconf 86' lang='lat' dir='ltr'>verba</span> <span class='ocrx_word' id='word_1_86' title='bbox 853 1336 944 1401; x_wconf 87' lang='lat' dir='ltr'>ita</span> <span class='ocrx_word' id='word_1_87' title='bbox 987 1336 1446 1419; x_wconf 72' lang='lat' dir='ltr'>explicantem,</span> <span class='ocrx_word' id='word_1_88' title='bbox 1491 1344 1567 1402; x_wconf 87' lang='lat' dir='ltr'>ut</span> <span class='ocrx_word' id='word_1_89' title='bbox 1609 1336 1811 1402; x_wconf 88' lang='lat' dir='ltr'>dicat:</span> <span class='ocrx_word' id='word_1_90' title='bbox 1855 1337 2109 1402; x_wconf 88' lang='lat' dir='ltr'>Panem</span> <span class='ocrx_word' id='word_1_91' title='bbox 2154 1356 2349 1418; x_wconf 91' lang='lat' dir='ltr'>quem</span> 
     </span>
     <span class='ocr_line' id='line_1_14' title="bbox 403 1421 2351 1506; baseline -0.004 -14"><span class='ocrx_word' id='word_1_92' title='bbox 403 1427 548 1492; x_wconf 83' lang='lat' dir='ltr'>fran</span> <span class='ocrx_word' id='word_1_93' title='bbox 596 1424 770 1489; x_wconf 89' lang='lat' dir='ltr'>imus</span> <span class='ocrx_word' id='word_1_94' title='bbox 827 1443 969 1489; x_wconf 89' lang='lat' dir='ltr'>esse</span> <span class='ocrx_word' id='word_1_95' title='bbox 1012 1430 1324 1486; x_wconf 69' lang='grc' dir='ltr'><strong><em>κοινωνίαν</em></strong></span> <span class='ocrx_word' id='word_1_96' title='bbox 1365 1423 1655 1506; x_wconf 89' lang='lat' dir='ltr'>corporis</span> <span class='ocrx_word' id='word_1_97' title='bbox 1697 1421 1982 1489; x_wconf 85' lang='lat' dir='ltr'>Christi:</span> <span class='ocrx_word' id='word_1_98' title='bbox 2048 1421 2164 1487; x_wconf 88' lang='lat' dir='ltr'>sed</span> <span class='ocrx_word' id='word_1_99' title='bbox 2208 1421 2351 1486; x_wconf 91' lang='lat' dir='ltr'>nul-</span> 
     </span>
     <span class='ocr_line' id='line_1_15' title="bbox 403 1506 2349 1594; baseline -0.002 -18"><span class='ocrx_word' id='word_1_100' title='bbox 403 1510 519 1577; x_wconf 88' lang='lat' dir='ltr'>libi</span> <span class='ocrx_word' id='word_1_101' title='bbox 588 1529 726 1594; x_wconf 87' lang='lat' dir='ltr'>ego,</span> <span class='ocrx_word' id='word_1_102' title='bbox 787 1519 903 1573; x_wconf 88' lang='lat' dir='ltr'>aut</span> <span class='ocrx_word' id='word_1_103' title='bbox 941 1508 1130 1574; x_wconf 91' lang='lat' dir='ltr'>illum</span> <span class='ocrx_word' id='word_1_104' title='bbox 1171 1506 1432 1587; x_wconf 86' lang='lat' dir='ltr'>dixisse,</span> <span class='ocrx_word' id='word_1_105' title='bbox 1491 1509 1623 1574; x_wconf 86' lang='lat' dir='ltr'>Hic</span> <span class='ocrx_word' id='word_1_106' title='bbox 1677 1517 1779 1574; x_wconf 88' lang='lat' dir='ltr'>est</span> <span class='ocrx_word' id='word_1_107' title='bbox 1833 1527 2066 1592; x_wconf 89' lang='lat' dir='ltr'>corpus</span> <span class='ocrx_word' id='word_1_108' title='bbox 2109 1527 2349 1587; x_wconf 89' lang='lat' dir='ltr'>meum,</span> 
     </span>
     <span class='ocr_line' id='line_1_16' title="bbox 404 1593 2351 1679; baseline -0.003 -16"><span class='ocrx_word' id='word_1_109' title='bbox 404 1603 522 1663; x_wconf 88' lang='lat' dir='ltr'>aut</span> <span class='ocrx_word' id='word_1_110' title='bbox 560 1597 765 1662; x_wconf 89' lang='lat' dir='ltr'>istum</span> <span class='ocrx_word' id='word_1_111' title='bbox 809 1595 1057 1674; x_wconf 90' lang='lat' dir='ltr'>docere,</span> <span class='ocrx_word' id='word_1_112' title='bbox 1102 1615 1337 1679; x_wconf 89' lang='lat' dir='ltr'>corpus</span> <span class='ocrx_word' id='word_1_113' title='bbox 1374 1594 1619 1660; x_wconf 88' lang='lat' dir='ltr'>Christi</span> <span class='ocrx_word' id='word_1_114' title='bbox 1663 1594 1735 1659; x_wconf 91' lang='lat' dir='ltr'>in</span> <span class='ocrx_word' id='word_1_115' title='bbox 1770 1616 1846 1660; x_wconf 90' lang='lat' dir='ltr'>eo</span> <span class='ocrx_word' id='word_1_116' title='bbox 1880 1615 2023 1660; x_wconf 87' lang='lat' dir='ltr'>esse</span> <span class='ocrx_word' id='word_1_117' title='bbox 2063 1593 2203 1660; x_wconf 91' lang='lat' dir='ltr'>loco</span> <span class='ocrx_word' id='word_1_118' title='bbox 2239 1594 2351 1660; x_wconf 90' lang='lat' dir='ltr'>ubi</span> 
     </span>
     <span class='ocr_line' id='line_1_17' title="bbox 405 1679 2355 1763; baseline -0.003 -14"><span class='ocrx_word' id='word_1_119' title='bbox 405 1682 774 1749; x_wconf 90' lang='lat' dir='ltr'>celebratur</span> <span class='ocrx_word' id='word_1_120' title='bbox 829 1701 1044 1747; x_wconf 89' lang='lat' dir='ltr'>coena.</span> <span class='ocrx_word' id='word_1_121' title='bbox 1116 1680 1383 1745; x_wconf 77' lang='lat' dir='ltr'>Interea</span> <span class='ocrx_word' id='word_1_122' title='bbox 1440 1689 1661 1746; x_wconf 90' lang='lat' dir='ltr'>tamen</span> <span class='ocrx_word' id='word_1_123' title='bbox 1713 1680 1771 1745; x_wconf 91' lang='lat' dir='ltr'>si</span> <span class='ocrx_word' id='word_1_124' title='bbox 1828 1679 2221 1763; x_wconf 90' lang='lat' dir='ltr'>loquendum</span> <span class='ocrx_word' id='word_1_125' title='bbox 2266 1681 2355 1745; x_wconf 87' lang='lat' dir='ltr'>sit</span> 
     </span>
     <span class='ocr_line' id='line_1_18' title="bbox 408 1763 2355 1852; baseline -0.002 -18"><span class='ocrx_word' id='word_1_126' title='bbox 408 1769 490 1835; x_wconf 93' lang='lat' dir='ltr'>de</span> <span class='ocrx_word' id='word_1_127' title='bbox 532 1767 903 1852; x_wconf 87' lang='lat' dir='ltr'>praesentia</span> <span class='ocrx_word' id='word_1_128' title='bbox 945 1767 1233 1849; x_wconf 88' lang='lat' dir='ltr'>corporis</span> <span class='ocrx_word' id='word_1_129' title='bbox 1279 1764 1531 1831; x_wconf 91' lang='lat' dir='ltr'>Christi</span> <span class='ocrx_word' id='word_1_130' title='bbox 1573 1767 1646 1831; x_wconf 92' lang='lat' dir='ltr'>in</span> <span class='ocrx_word' id='word_1_131' title='bbox 1688 1785 1914 1833; x_wconf 89' lang='lat' dir='ltr'>coena:</span> <span class='ocrx_word' id='word_1_132' title='bbox 1979 1766 2141 1845; x_wconf 87' lang='lat' dir='ltr'>dioc,</span> <span class='ocrx_word' id='word_1_133' title='bbox 2186 1763 2355 1831; x_wconf 92' lang='lat' dir='ltr'>illud</span> 
     </span>
     <span class='ocr_line' id='line_1_19' title="bbox 408 1851 2352 1938; baseline -0.003 -17"><span class='ocrx_word' id='word_1_134' title='bbox 408 1875 553 1921; x_wconf 86' lang='lat' dir='ltr'>esse</span> <span class='ocrx_word' id='word_1_135' title='bbox 584 1873 913 1938; x_wconf 82' lang='lat' dir='ltr'>praesens,</span> <span class='ocrx_word' id='word_1_136' title='bbox 958 1874 1094 1917; x_wconf 93' lang='lat' dir='ltr'>non</span> <span class='ocrx_word' id='word_1_137' title='bbox 1127 1853 1398 1934; x_wconf 86' lang='lat' dir='ltr'>corp&#39;ori,</span> <span class='ocrx_word' id='word_1_138' title='bbox 1445 1851 1558 1917; x_wconf 89' lang='lat' dir='ltr'>sed</span> <span class='ocrx_word' id='word_1_139' title='bbox 1593 1852 1855 1936; x_wconf 87' lang='lat' dir='ltr'>spiritui</span> <span class='ocrx_word' id='word_1_140' title='bbox 1891 1860 2129 1919; x_wconf 90' lang='lat' dir='ltr'>nostro.</span> <span class='ocrx_word' id='word_1_141' title='bbox 2202 1852 2352 1918; x_wconf 89' lang='lat' dir='ltr'>Non</span> 
     </span>
     <span class='ocr_line' id='line_1_20' title="bbox 409 1936 2353 2024; baseline -0.003 -17"><span class='ocrx_word' id='word_1_142' title='bbox 409 1940 684 2024; x_wconf 84' lang='lat' dir='ltr'>corpori,</span> <span class='ocrx_word' id='word_1_143' title='bbox 720 1938 893 2023; x_wconf 93' lang='lat' dir='ltr'>quod</span> <span class='ocrx_word' id='word_1_144' title='bbox 928 1937 1127 2004; x_wconf 90' lang='lat' dir='ltr'>nullis</span> <span class='ocrx_word' id='word_1_145' title='bbox 1171 1936 1472 2003; x_wconf 87' lang='lat' dir='ltr'>sensibus</span> <span class='ocrx_word' id='word_1_146' title='bbox 1505 1938 1792 2022; x_wconf 88' lang='lat' dir='ltr'>corporis</span> <span class='ocrx_word' id='word_1_147' title='bbox 1825 1939 1954 2003; x_wconf 90' lang='lat' dir='ltr'>mei</span> <span class='ocrx_word' id='word_1_148' title='bbox 1996 1936 2163 2003; x_wconf 90' lang='lat' dir='ltr'>illud</span> <span class='ocrx_word' id='word_1_149' title='bbox 2205 1958 2353 2022; x_wconf 90' lang='lat' dir='ltr'>per-</span> 
     </span>
     <span class='ocr_line' id='line_1_21' title="bbox 409 2022 2355 2111; baseline -0.003 -18"><span class='ocrx_word' id='word_1_150' title='bbox 409 2026 664 2111; x_wconf 90' lang='lat' dir='ltr'>cipiam.</span> <span class='ocrx_word' id='word_1_151' title='bbox 739 2023 951 2091; x_wconf 86' lang='lat' dir='ltr'>Menti</span> <span class='ocrx_word' id='word_1_152' title='bbox 995 2032 1234 2103; x_wconf 90' lang='lat' dir='ltr'>autem,</span> <span class='ocrx_word' id='word_1_153' title='bbox 1295 2022 1470 2106; x_wconf 91' lang='lat' dir='ltr'>quod</span> <span class='ocrx_word' id='word_1_154' title='bbox 1511 2025 1718 2089; x_wconf 92' lang='lat' dir='ltr'>menti</span> <span class='ocrx_word' id='word_1_155' title='bbox 1760 2032 1827 2089; x_wconf 93' lang='lat' dir='ltr'>et</span> <span class='ocrx_word' id='word_1_156' title='bbox 1870 2025 2128 2090; x_wconf 90' lang='lat' dir='ltr'>animae</span> <span class='ocrx_word' id='word_1_157' title='bbox 2170 2044 2355 2089; x_wconf 87' lang='lat' dir='ltr'>meae</span> 
     </span>
     <span class='ocr_line' id='line_1_22' title="bbox 409 2109 2354 2180; baseline -0.004 0"><span class='ocrx_word' id='word_1_158' title='bbox 409 2134 482 2180; x_wconf 88' lang='lat' dir='ltr'>se</span> <span class='ocrx_word' id='word_1_159' title='bbox 543 2131 698 2177; x_wconf 90' lang='lat' dir='ltr'>vere</span> <span class='ocrx_word' id='word_1_160' title='bbox 764 2110 1215 2176; x_wconf 89' lang='lat' dir='ltr'>communicet.</span> <span class='ocrx_word' id='word_1_161' title='bbox 1285 2109 1454 2174; x_wconf 88' lang='lat' dir='ltr'>Nam</span> <span class='ocrx_word' id='word_1_162' title='bbox 1522 2117 1590 2175; x_wconf 93' lang='lat' dir='ltr'>et</span> <span class='ocrx_word' id='word_1_163' title='bbox 1642 2110 1849 2176; x_wconf 91' lang='lat' dir='ltr'>oculis</span> <span class='ocrx_word' id='word_1_164' title='bbox 1902 2110 2144 2175; x_wconf 90' lang='lat' dir='ltr'>mentis</span> <span class='ocrx_word' id='word_1_165' title='bbox 2202 2109 2354 2176; x_wconf 92' lang='lat' dir='ltr'>fidei</span> 
     </span>
     <span class='ocr_line' id='line_1_23' title="bbox 409 2194 2356 2279; baseline -0.002 -15"><span class='ocrx_word' id='word_1_166' title='bbox 409 2198 658 2264; x_wconf 90' lang='lat' dir='ltr'>lumine</span> <span class='ocrx_word' id='word_1_167' title='bbox 697 2196 1046 2262; x_wconf 88' lang='lat' dir='ltr'>illustratis</span> <span class='ocrx_word' id='word_1_168' title='bbox 1089 2194 1300 2272; x_wconf 86' lang='lat' dir='ltr'>vide0,</span> <span class='ocrx_word' id='word_1_169' title='bbox 1343 2203 1409 2259; x_wconf 92' lang='lat' dir='ltr'>et</span> <span class='ocrx_word' id='word_1_170' title='bbox 1451 2216 1654 2262; x_wconf 87' lang='lat' dir='ltr'>manu</span> <span class='ocrx_word' id='word_1_171' title='bbox 1711 2196 1981 2279; x_wconf 89' lang='lat' dir='ltr'>spiritus</span> <span class='ocrx_word' id='word_1_172' title='bbox 2025 2202 2356 2262; x_wconf 88' lang='lat' dir='ltr'>contrecto</span> 
     </span>
     <span class='ocr_line' id='line_1_24' title="bbox 410 2280 2359 2368; baseline -0.003 -17"><span class='ocrx_word' id='word_1_173' title='bbox 410 2293 604 2368; x_wconf 89' lang='lat' dir='ltr'>atque</span> <span class='ocrx_word' id='word_1_174' title='bbox 647 2280 1020 2366; x_wconf 87' lang='lat' dir='ltr'>amplector,</span> <span class='ocrx_word' id='word_1_175' title='bbox 1080 2288 1145 2346; x_wconf 87' lang='lat' dir='ltr'>et</span> <span class='ocrx_word' id='word_1_176' title='bbox 1190 2301 1303 2345; x_wconf 92' lang='lat' dir='ltr'>ore</span> <span class='ocrx_word' id='word_1_177' title='bbox 1356 2281 1616 2348; x_wconf 87' lang='lat' dir='ltr'>animae</span> <span class='ocrx_word' id='word_1_178' title='bbox 1657 2290 1851 2365; x_wconf 86' lang='lat' dir='ltr'>atque</span> <span class='ocrx_word' id='word_1_179' title='bbox 1907 2281 2061 2347; x_wconf 89' lang='lat' dir='ltr'>fidei</span> <span class='ocrx_word' id='word_1_180' title='bbox 2104 2282 2244 2358; x_wconf 87' lang='lat' dir='ltr'>edo,</span> <span class='ocrx_word' id='word_1_181' title='bbox 2290 2288 2359 2346; x_wconf 92' lang='lat' dir='ltr'>et</span> 
     </span>
     <span class='ocr_line' id='line_1_25' title="bbox 412 2365 2355 2452; baseline -0.002 -16"><span class='ocrx_word' id='word_1_182' title='bbox 412 2370 578 2436; x_wconf 90' lang='lat' dir='ltr'>mihi</span> <span class='ocrx_word' id='word_1_183' title='bbox 642 2370 983 2449; x_wconf 86' lang='lat' dir='ltr'>incorporo</span> <span class='ocrx_word' id='word_1_184' title='bbox 1046 2388 1282 2450; x_wconf 87' lang='lat' dir='ltr'>corpus</span> <span class='ocrx_word' id='word_1_185' title='bbox 1338 2365 1588 2432; x_wconf 88' lang='lat' dir='ltr'>Christi</span> <span class='ocrx_word' id='word_1_186' title='bbox 1652 2379 1982 2434; x_wconf 89' lang='lat' dir='ltr'>mortuum</span> <span class='ocrx_word' id='word_1_187' title='bbox 2047 2389 2165 2452; x_wconf 89' lang='lat' dir='ltr'>pro</span> <span class='ocrx_word' id='word_1_188' title='bbox 2229 2387 2355 2446; x_wconf 91' lang='lat' dir='ltr'>me,</span> 
     </span>
     <span class='ocr_line' id='line_1_26' title="bbox 408 2453 2356 2538; baseline -0.001 -17"><span class='ocrx_word' id='word_1_189' title='bbox 408 2456 716 2538; x_wconf 90' lang='lat' dir='ltr'>illiusque</span> <span class='ocrx_word' id='word_1_190' title='bbox 760 2454 992 2519; x_wconf 87' lang='lat' dir='ltr'>effecta</span> <span class='ocrx_word' id='word_1_191' title='bbox 1041 2453 1114 2517; x_wconf 91' lang='lat' dir='ltr'>in</span> <span class='ocrx_word' id='word_1_192' title='bbox 1157 2474 1264 2518; x_wconf 91' lang='lat' dir='ltr'>me</span> <span class='ocrx_word' id='word_1_193' title='bbox 1306 2454 1545 2519; x_wconf 88' lang='lat' dir='ltr'>sentio:</span> <span class='ocrx_word' id='word_1_194' title='bbox 1603 2473 1914 2536; x_wconf 87' lang='lat' dir='ltr'>praesens</span> <span class='ocrx_word' id='word_1_195' title='bbox 1964 2454 2172 2538; x_wconf 87' lang='lat' dir='ltr'>igitur</span> <span class='ocrx_word' id='word_1_196' title='bbox 2214 2474 2356 2519; x_wconf 87' lang='lat' dir='ltr'>esse</span> 
     </span>
     <span class='ocr_line' id='line_1_27' title="bbox 414 2538 2357 2623; baseline -0.002 -15"><span class='ocrx_word' id='word_1_197' title='bbox 414 2541 671 2608; x_wconf 87' lang='lat' dir='ltr'>animae</span> <span class='ocrx_word' id='word_1_198' title='bbox 735 2548 802 2604; x_wconf 92' lang='lat' dir='ltr'>et</span> <span class='ocrx_word' id='word_1_199' title='bbox 865 2539 1147 2622; x_wconf 90' lang='lat' dir='ltr'>spiritui,</span> <span class='ocrx_word' id='word_1_200' title='bbox 1210 2538 1482 2604; x_wconf 88' lang='lat' dir='ltr'>infitiari</span> <span class='ocrx_word' id='word_1_201' title='bbox 1547 2560 1679 2604; x_wconf 92' lang='lat' dir='ltr'>non</span> <span class='ocrx_word' id='word_1_202' title='bbox 1739 2559 2038 2622; x_wconf 89' lang='lat' dir='ltr'>possum:</span> <span class='ocrx_word' id='word_1_203' title='bbox 2103 2539 2357 2623; x_wconf 84' lang='lat' dir='ltr'>corpori</span> 
     </span>
     <span class='ocr_line' id='line_1_28' title="bbox 413 2625 2357 2703; baseline -0.002 -10"><span class='ocrx_word' id='word_1_204' title='bbox 413 2647 590 2703; x_wconf 89' lang='lat' dir='ltr'>vero,</span> <span class='ocrx_word' id='word_1_205' title='bbox 648 2625 996 2691; x_wconf 87' lang='lat' dir='ltr'>admittere</span> <span class='ocrx_word' id='word_1_206' title='bbox 1049 2646 1180 2690; x_wconf 93' lang='lat' dir='ltr'>non</span> <span class='ocrx_word' id='word_1_207' title='bbox 1237 2625 1439 2691; x_wconf 91' lang='lat' dir='ltr'>valeo.</span> <span class='ocrx_word' id='word_1_208' title='bbox 1508 2625 1679 2690; x_wconf 75' lang='lat' dir='ltr'>Tum</span> <span class='ocrx_word' id='word_1_209' title='bbox 1733 2625 1840 2691; x_wconf 93' lang='lat' dir='ltr'>hic</span> <span class='ocrx_word' id='word_1_210' title='bbox 1891 2625 2169 2693; x_wconf 86' lang='lat' dir='ltr'>Iacobus</span> <span class='ocrx_word' id='word_1_211' title='bbox 2223 2626 2357 2691; x_wconf 80' lang='lat' dir='ltr'>An-</span> 
     </span>
     <span class='ocr_line' id='line_1_29' title="bbox 413 2709 2358 2796; baseline -0.002 -16"><span class='ocrx_word' id='word_1_212' title='bbox 413 2714 634 2780; x_wconf 80' lang='lat' dir='ltr'>dreae:</span> <span class='ocrx_word' id='word_1_213' title='bbox 690 2712 1002 2795; x_wconf 88' lang='lat' dir='ltr'>profecto,</span> <span class='ocrx_word' id='word_1_214' title='bbox 1055 2711 1290 2795; x_wconf 90' lang='lat' dir='ltr'>inquit,</span> <span class='ocrx_word' id='word_1_215' title='bbox 1347 2731 1464 2777; x_wconf 91' lang='lat' dir='ltr'>vos</span> <span class='ocrx_word' id='word_1_216' title='bbox 1519 2709 1695 2778; x_wconf 91' lang='lat' dir='ltr'>idem</span> <span class='ocrx_word' id='word_1_217' title='bbox 1755 2713 2015 2778; x_wconf 86' lang='lat' dir='ltr'>sentitis</span> <span class='ocrx_word' id='word_1_218' title='bbox 2074 2711 2246 2796; x_wconf 89' lang='lat' dir='ltr'>quod</span> <span class='ocrx_word' id='word_1_219' title='bbox 2290 2719 2358 2777; x_wconf 92' lang='lat' dir='ltr'>et</span> 
     </span>
     <span class='ocr_line' id='line_1_30' title="bbox 413 2795 2357 2881; baseline -0.001 -17"><span class='ocrx_word' id='word_1_220' title='bbox 413 2819 552 2877; x_wconf 90' lang='lat' dir='ltr'>nos,</span> <span class='ocrx_word' id='word_1_221' title='bbox 609 2796 766 2881; x_wconf 90' lang='lat' dir='ltr'>quid</span> <span class='ocrx_word' id='word_1_222' title='bbox 819 2798 1022 2881; x_wconf 88' lang='lat' dir='ltr'>igitur</span> <span class='ocrx_word' id='word_1_223' title='bbox 1078 2795 1576 2863; x_wconf 80' lang='lat' dir='ltr'>contendimus?</span> <span class='ocrx_word' id='word_1_224' title='bbox 1649 2796 1827 2878; x_wconf 78' lang='lat' dir='ltr'>Quid</span> <span class='ocrx_word' id='word_1_225' title='bbox 1870 2797 2168 2878; x_wconf 90' lang='lat' dir='ltr'>sentiam,</span> <span class='ocrx_word' id='word_1_226' title='bbox 2217 2797 2357 2863; x_wconf 87' lang='lat' dir='ltr'>dixi</span> 
     </span>
     <span class='ocr_line' id='line_1_31' title="bbox 414 2882 2358 2968; baseline -0.001 -18"><span class='ocrx_word' id='word_1_227' title='bbox 414 2905 553 2968; x_wconf 87' lang='lat' dir='ltr'>ego,</span> <span class='ocrx_word' id='word_1_228' title='bbox 610 2883 946 2949; x_wconf 83' lang='lat' dir='ltr'>audivisti:</span> <span class='ocrx_word' id='word_1_229' title='bbox 1015 2883 1071 2948; x_wconf 93' lang='lat' dir='ltr'>si</span> <span class='ocrx_word' id='word_1_230' title='bbox 1137 2892 1355 2949; x_wconf 90' lang='lat' dir='ltr'>autem</span> <span class='ocrx_word' id='word_1_231' title='bbox 1419 2882 1648 2948; x_wconf 86' lang='lat' dir='ltr'>eadem</span> <span class='ocrx_word' id='word_1_232' title='bbox 1717 2893 1820 2949; x_wconf 89' lang='lat' dir='ltr'>est</span> <span class='ocrx_word' id='word_1_233' title='bbox 1884 2883 2081 2949; x_wconf 89' lang='lat' dir='ltr'>etiam</span> <span class='ocrx_word' id='word_1_234' title='bbox 2136 2893 2358 2949; x_wconf 89' lang='lat' dir='ltr'>vestra</span> 
     </span>
     <span class='ocr_line' id='line_1_32' title="bbox 414 2967 2358 3054; baseline -0.002 -17"><span class='ocrx_word' id='word_1_235' title='bbox 414 2970 739 3037; x_wconf 89' lang='lat' dir='ltr'>sententia</span> <span class='ocrx_word' id='word_1_236' title='bbox 800 2967 881 3034; x_wconf 92' lang='lat' dir='ltr'>de</span> <span class='ocrx_word' id='word_1_237' title='bbox 944 2970 1315 3053; x_wconf 89' lang='lat' dir='ltr'>praesentia</span> <span class='ocrx_word' id='word_1_238' title='bbox 1377 2969 1664 3052; x_wconf 89' lang='lat' dir='ltr'>corporis</span> <span class='ocrx_word' id='word_1_239' title='bbox 1729 2967 2000 3050; x_wconf 88' lang='lat' dir='ltr'>Christi,</span> <span class='ocrx_word' id='word_1_240' title='bbox 2063 2970 2358 3054; x_wconf 86' lang='lat' dir='ltr'>gratulor</span> 
     </span>
     <span class='ocr_line' id='line_1_33' title="bbox 415 3054 2358 3140; baseline -0.001 -17"><span class='ocrx_word' id='word_1_241' title='bbox 415 3055 743 3123; x_wconf 87' lang='lat' dir='ltr'>ecclesiae.</span> <span class='ocrx_word' id='word_1_242' title='bbox 833 3054 1182 3121; x_wconf 84' lang='lat' dir='ltr'>Caeterum</span> <span class='ocrx_word' id='word_1_243' title='bbox 1247 3055 1355 3121; x_wconf 89' lang='lat' dir='ltr'>hic</span> <span class='ocrx_word' id='word_1_244' title='bbox 1419 3075 1553 3120; x_wconf 92' lang='lat' dir='ltr'>non</span> <span class='ocrx_word' id='word_1_245' title='bbox 1617 3054 1944 3140; x_wconf 82' lang='lat' dir='ltr'>explicavi</span> <span class='ocrx_word' id='word_1_246' title='bbox 2008 3056 2358 3123; x_wconf 89' lang='lat' dir='ltr'>discrimen</span> 
     </span>
     <span class='ocr_line' id='line_1_34' title="bbox 414 3140 2360 3223; baseline 0 -16"><span class='ocrx_word' id='word_1_247' title='bbox 414 3163 558 3207; x_wconf 90' lang='lat' dir='ltr'>esse</span> <span class='ocrx_word' id='word_1_248' title='bbox 599 3142 774 3206; x_wconf 90' lang='lat' dir='ltr'>inter</span> <span class='ocrx_word' id='word_1_249' title='bbox 808 3142 1243 3223; x_wconf 83' lang='lat' dir='ltr'>praesentiam</span> <span class='ocrx_word' id='word_1_250' title='bbox 1285 3140 1559 3207; x_wconf 90' lang='lat' dir='ltr'>alicuius</span> <span class='ocrx_word' id='word_1_251' title='bbox 1599 3143 1716 3222; x_wconf 90' lang='lat' dir='ltr'>rei,</span> <span class='ocrx_word' id='word_1_252' title='bbox 1758 3149 1827 3208; x_wconf 90' lang='lat' dir='ltr'>et</span> <span class='ocrx_word' id='word_1_253' title='bbox 1867 3142 2045 3207; x_wconf 91' lang='lat' dir='ltr'>inter</span> <span class='ocrx_word' id='word_1_254' title='bbox 2087 3140 2360 3209; x_wconf 87' lang='lat' dir='ltr'>localem</span> 
     </span>
     <span class='ocr_line' id='line_1_35' title="bbox 414 3225 2359 3309; baseline 0.001 -16"><span class='ocrx_word' id='word_1_255' title='bbox 414 3225 708 3293; x_wconf 88' lang='lat' dir='ltr'>eiusdem</span> <span class='ocrx_word' id='word_1_256' title='bbox 795 3227 1320 3309; x_wconf 88' lang='lat' dir='ltr'>ropinquitatem,</span> <span class='ocrx_word' id='word_1_257' title='bbox 1387 3233 1454 3291; x_wconf 92' lang='lat' dir='ltr'>et</span> <span class='ocrx_word' id='word_1_258' title='bbox 1505 3227 1680 3293; x_wconf 90' lang='lat' dir='ltr'>inter</span> <span class='ocrx_word' id='word_1_259' title='bbox 1736 3228 2119 3308; x_wconf 83' lang='lat' dir='ltr'>absentiam,</span> <span class='ocrx_word' id='word_1_260' title='bbox 2186 3229 2359 3294; x_wconf 90' lang='lat' dir='ltr'>eius-</span> 
     </span>
     <span class='ocr_line' id='line_1_36' title="bbox 415 3311 2358 3396; baseline 0.001 -18"><span class='ocrx_word' id='word_1_261' title='bbox 415 3313 693 3396; x_wconf 89' lang='lat' dir='ltr'>demque</span> <span class='ocrx_word' id='word_1_262' title='bbox 773 3311 1019 3378; x_wconf 91' lang='lat' dir='ltr'>ocalem</span> <span class='ocrx_word' id='word_1_263' title='bbox 1072 3312 1638 3396; x_wconf 88' lang='lat' dir='ltr'>longinquitatem.</span> <span class='ocrx_word' id='word_1_264' title='bbox 1711 3312 1935 3396; x_wconf 75' lang='lat' dir='ltr'>Quum</span> <span class='ocrx_word' id='word_1_265' title='bbox 1988 3314 2101 3380; x_wconf 90' lang='lat' dir='ltr'>ille</span> <span class='ocrx_word' id='word_1_266' title='bbox 2152 3315 2358 3380; x_wconf 90' lang='lat' dir='ltr'>inter-</span> 
     </span>
     <span class='ocr_line' id='line_1_37' title="bbox 414 3398 2357 3483; baseline 0 -18"><span class='ocrx_word' id='word_1_267' title='bbox 414 3399 699 3483; x_wconf 88' lang='lat' dir='ltr'>rupisset</span> <span class='ocrx_word' id='word_1_268' title='bbox 755 3418 1123 3464; x_wconf 90' lang='lat' dir='ltr'>sermonem</span> <span class='ocrx_word' id='word_1_269' title='bbox 1167 3418 1446 3480; x_wconf 89' lang='lat' dir='ltr'>eumque</span> <span class='ocrx_word' id='word_1_270' title='bbox 1502 3398 1874 3483; x_wconf 82' lang='lat' dir='ltr'>probasset,</span> <span class='ocrx_word' id='word_1_271' title='bbox 1939 3400 2119 3467; x_wconf 88' lang='lat' dir='ltr'>nolui</span> <span class='ocrx_word' id='word_1_272' title='bbox 2172 3420 2357 3483; x_wconf 88' lang='lat' dir='ltr'>prae·</span> 
     </span>
     <span class='ocr_line' id='line_1_38' title="bbox 415 3482 2361 3567; baseline 0.001 -17"><span class='ocrx_word' id='word_1_273' title='bbox 415 3492 599 3551; x_wconf 88' lang='lat' dir='ltr'>terea</span> <span class='ocrx_word' id='word_1_274' title='bbox 655 3483 900 3567; x_wconf 88' lang='lat' dir='ltr'>aliquid</span> <span class='ocrx_word' id='word_1_275' title='bbox 957 3482 1254 3561; x_wconf 89' lang='lat' dir='ltr'>adiicere,</span> <span class='ocrx_word' id='word_1_276' title='bbox 1314 3484 1486 3566; x_wconf 92' lang='lat' dir='ltr'>quod</span> <span class='ocrx_word' id='word_1_277' title='bbox 1541 3506 1673 3550; x_wconf 91' lang='lat' dir='ltr'>non</span> <span class='ocrx_word' id='word_1_278' title='bbox 1714 3485 2049 3552; x_wconf 88' lang='lat' dir='ltr'>videretur</span> <span class='ocrx_word' id='word_1_279' title='bbox 2101 3485 2361 3554; x_wconf 90' lang='lat' dir='ltr'>consul-</span> 
     </span>
     <span class='ocr_line' id='line_1_39' title="bbox 416 3568 2359 3638; baseline 0.001 -2"><span class='ocrx_word' id='word_1_280' title='bbox 416 3579 577 3636; x_wconf 91' lang='lat' dir='ltr'>tum.</span> <span class='ocrx_word' id='word_1_281' title='bbox 649 3570 821 3635; x_wconf 89' lang='lat' dir='ltr'>Nam</span> <span class='ocrx_word' id='word_1_282' title='bbox 854 3590 1011 3634; x_wconf 89' lang='lat' dir='ltr'>mox</span> <span class='ocrx_word' id='word_1_283' title='bbox 1055 3568 1404 3634; x_wconf 88' lang='lat' dir='ltr'>incidimus</span> <span class='ocrx_word' id='word_1_284' title='bbox 1443 3569 1518 3635; x_wconf 93' lang='lat' dir='ltr'>in</span> <span class='ocrx_word' id='word_1_285' title='bbox 1560 3592 1927 3637; x_wconf 87' lang='lat' dir='ltr'>sermonem</span> <span class='ocrx_word' id='word_1_286' title='bbox 1968 3572 2049 3638; x_wconf 90' lang='lat' dir='ltr'>de</span> <span class='ocrx_word' id='word_1_287' title='bbox 2084 3571 2359 3637; x_wconf 91' lang='lat' dir='ltr'>mandu-</span> 
     </span>
     <span class='ocr_line' id='line_1_40' title="bbox 416 3655 2359 3743; baseline -0.001 -20"><span class='ocrx_word' id='word_1_288' title='bbox 416 3657 672 3723; x_wconf 88' lang='lat' dir='ltr'>catione</span> <span class='ocrx_word' id='word_1_289' title='bbox 730 3655 908 3721; x_wconf 89' lang='lat' dir='ltr'>orali.</span> <span class='ocrx_word' id='word_1_290' title='bbox 992 3656 1188 3720; x_wconf 86' lang='lat' dir='ltr'>Hanc</span> <span class='ocrx_word' id='word_1_291' title='bbox 1241 3656 1552 3738; x_wconf 89' lang='lat' dir='ltr'>quoniam</span> <span class='ocrx_word' id='word_1_292' title='bbox 1607 3678 1728 3743; x_wconf 89' lang='lat' dir='ltr'>ego</span> <span class='ocrx_word' id='word_1_293' title='bbox 1783 3660 1853 3722; x_wconf 90' lang='lat' dir='ltr'>in</span> <span class='ocrx_word' id='word_1_294' title='bbox 1913 3678 2059 3723; x_wconf 89' lang='lat' dir='ltr'>mea</span> <span class='ocrx_word' id='word_1_295' title='bbox 2111 3657 2359 3725; x_wconf 89' lang='lat' dir='ltr'>confes·</span> 
     </span>
     <span class='ocr_line' id='line_1_41' title="bbox 418 3740 2359 3827; baseline 0.002 -20"><span class='ocrx_word' id='word_1_296' title='bbox 418 3743 600 3808; x_wconf 88' lang='lat' dir='ltr'>sione</span> <span class='ocrx_word' id='word_1_297' title='bbox 636 3740 874 3806; x_wconf 88' lang='lat' dir='ltr'>damno</span> <span class='ocrx_word' id='word_1_298' title='bbox 915 3741 1057 3824; x_wconf 87' lang='lat' dir='ltr'>ipse</span> <span class='ocrx_word' id='word_1_299' title='bbox 1100 3761 1244 3807; x_wconf 87' lang='lat' dir='ltr'>eam</span> <span class='ocrx_word' id='word_1_300' title='bbox 1282 3740 1637 3807; x_wconf 86' lang='lat' dir='ltr'>declaravit</span> <span class='ocrx_word' id='word_1_301' title='bbox 1670 3743 1970 3810; x_wconf 88' lang='lat' dir='ltr'>rotundis</span> <span class='ocrx_word' id='word_1_302' title='bbox 2007 3752 2075 3809; x_wconf 92' lang='lat' dir='ltr'>et</span> <span class='ocrx_word' id='word_1_303' title='bbox 2117 3744 2359 3827; x_wconf 88' lang='lat' dir='ltr'>apertis</span> 
     </span>
     <span class='ocr_line' id='line_1_42' title="bbox 418 3826 2358 3913; baseline 0.001 -20"><span class='ocrx_word' id='word_1_304' title='bbox 418 3826 640 3894; x_wconf 88' lang='lat' dir='ltr'>verbis</span> <span class='ocrx_word' id='word_1_305' title='bbox 705 3828 1055 3892; x_wconf 90' lang='lat' dir='ltr'>confitens:</span> <span class='ocrx_word' id='word_1_306' title='bbox 1119 3848 1189 3893; x_wconf 91' lang='lat' dir='ltr'>se</span> <span class='ocrx_word' id='word_1_307' title='bbox 1255 3835 1321 3891; x_wconf 90' lang='lat' dir='ltr'>et</span> <span class='ocrx_word' id='word_1_308' title='bbox 1387 3827 1547 3893; x_wconf 87' lang='lat' dir='ltr'>alios</span> <span class='ocrx_word' id='word_1_309' title='bbox 1609 3849 1763 3894; x_wconf 89' lang='lat' dir='ltr'>suos</span> <span class='ocrx_word' id='word_1_310' title='bbox 1807 3851 1939 3895; x_wconf 92' lang='lat' dir='ltr'>non</span> <span class='ocrx_word' id='word_1_311' title='bbox 2004 3830 2097 3896; x_wconf 91' lang='lat' dir='ltr'>ita</span> <span class='ocrx_word' id='word_1_312' title='bbox 2160 3829 2358 3913; x_wconf 91' lang='lat' dir='ltr'>loqui,</span> 
     </span>
     <span class='ocr_line' id='line_1_43' title="bbox 418 3911 2360 3999; baseline 0.001 -20"><span class='ocrx_word' id='word_1_313' title='bbox 418 3914 605 3997; x_wconf 81' lang='lat' dir='ltr'>quasi</span> <span class='ocrx_word' id='word_1_314' title='bbox 664 3931 897 3996; x_wconf 90' lang='lat' dir='ltr'>corpus</span> <span class='ocrx_word' id='word_1_315' title='bbox 957 3911 1210 3978; x_wconf 88' lang='lat' dir='ltr'>Christi</span> <span class='ocrx_word' id='word_1_316' title='bbox 1264 3933 1338 3977; x_wconf 90' lang='lat' dir='ltr'>os</span> <span class='ocrx_word' id='word_1_317' title='bbox 1397 3919 1465 3977; x_wconf 89' lang='lat' dir='ltr'>et</span> <span class='ocrx_word' id='word_1_318' title='bbox 1517 3934 1752 3999; x_wconf 90' lang='lat' dir='ltr'>corpus</span> <span class='ocrx_word' id='word_1_319' title='bbox 1807 3925 2105 3982; x_wconf 89' lang='lat' dir='ltr'>nostrum</span> <span class='ocrx_word' id='word_1_320' title='bbox 2158 3917 2360 3981; x_wconf 91' lang='lat' dir='ltr'>attin-</span> 
     </span>
     <span class='ocr_line' id='line_1_44' title="bbox 419 3997 2360 4084; baseline 0.002 -21"><span class='ocrx_word' id='word_1_321' title='bbox 419 4007 550 4084; x_wconf 87' lang='lat' dir='ltr'>gat,</span> <span class='ocrx_word' id='word_1_322' title='bbox 609 3997 733 4065; x_wconf 93' lang='lat' dir='ltr'>hoc</span> <span class='ocrx_word' id='word_1_323' title='bbox 777 4020 919 4065; x_wconf 90' lang='lat' dir='ltr'>esse</span> <span class='ocrx_word' id='word_1_324' title='bbox 963 3997 1420 4064; x_wconf 89' lang='lat' dir='ltr'>falsissimum:</span> <span class='ocrx_word' id='word_1_325' title='bbox 1480 3999 1594 4064; x_wconf 90' lang='lat' dir='ltr'>sed</span> <span class='ocrx_word' id='word_1_326' title='bbox 1638 4020 1709 4067; x_wconf 92' lang='lat' dir='ltr'>se</span> <span class='ocrx_word' id='word_1_327' title='bbox 1752 4009 1817 4066; x_wconf 91' lang='lat' dir='ltr'>et</span> <span class='ocrx_word' id='word_1_328' title='bbox 1869 4001 2014 4068; x_wconf 90' lang='lat' dir='ltr'>illos</span> <span class='ocrx_word' id='word_1_329' title='bbox 2053 4000 2199 4068; x_wconf 88' lang='lat' dir='ltr'>ideo</span> <span class='ocrx_word' id='word_1_330' title='bbox 2242 4001 2360 4066; x_wconf 87' lang='lat' dir='ltr'>ali·</span> 
     </span>
     <span class='ocr_line' id='line_1_45' title="bbox 418 4083 2361 4170; baseline 0.001 -20"><span class='ocrx_word' id='word_1_331' title='bbox 418 4084 677 4168; x_wconf 89' lang='lat' dir='ltr'>quando</span> <span class='ocrx_word' id='word_1_332' title='bbox 740 4084 834 4150; x_wconf 90' lang='lat' dir='ltr'>sic</span> <span class='ocrx_word' id='word_1_333' title='bbox 909 4083 1086 4167; x_wconf 91' lang='lat' dir='ltr'>loqui</span> <span class='ocrx_word' id='word_1_334' title='bbox 1160 4093 1422 4149; x_wconf 90' lang='lat' dir='ltr'>tantum</span> <span class='ocrx_word' id='word_1_335' title='bbox 1486 4094 1753 4170; x_wconf 88' lang='lat' dir='ltr'>propter</span> <span class='ocrx_word' id='word_1_336' title='bbox 1827 4087 2361 4154; x_wconf 86' lang='lat' dir='ltr'>sacramentalem</span> 
     </span>
     <span class='ocr_line' id='line_1_46' title="bbox 419 4168 2359 4258; baseline 0.003 -23"><span class='ocrx_word' id='word_1_337' title='bbox 419 4172 748 4237; x_wconf 90' lang='lat' dir='ltr'>unionem.</span> <span class='ocrx_word' id='word_1_338' title='bbox 836 4170 941 4234; x_wconf 91' lang='lat' dir='ltr'>De</span> <span class='ocrx_word' id='word_1_339' title='bbox 982 4168 1485 4236; x_wconf 88' lang='lat' dir='ltr'>manducatione</span> <span class='ocrx_word' id='word_1_340' title='bbox 1548 4171 1897 4256; x_wconf 91' lang='lat' dir='ltr'>impiorum</span> <span class='ocrx_word' id='word_1_341' title='bbox 1940 4193 2359 4258; x_wconf 89' lang='lat' dir='ltr'>coeperamus</span> 
     </span>
     <span class='ocr_line' id='line_1_47' title="bbox 420 4254 2359 4407; baseline 0.004 -88"><span class='ocrx_word' id='word_1_342' title='bbox 420 4254 784 4407; x_wconf 47' lang='lat' dir='ltr'>disputare:</span> <span class='ocrx_word' id='word_1_343' title='bbox 829 4254 943 4320; x_wconf 90' lang='lat' dir='ltr'>sed</span> <span class='ocrx_word' id='word_1_344' title='bbox 984 4254 1155 4321; x_wconf 88' lang='lat' dir='ltr'>hanc</span> <span class='ocrx_word' id='word_1_345' title='bbox 1192 4256 1391 4321; x_wconf 87' lang='lat' dir='ltr'>etiam</span> <span class='ocrx_word' id='word_1_346' title='bbox 1426 4277 1581 4322; x_wconf 89' lang='lat' dir='ltr'>mox</span> <span class='ocrx_word' id='word_1_347' title='bbox 1624 4258 1902 4343; x_wconf 90' lang='lat' dir='ltr'>abrupit.</span> <span class='ocrx_word' id='word_1_348' title='bbox 1974 4260 2082 4324; x_wconf 86' lang='lat' dir='ltr'>Ita.</span> <span class='ocrx_word' id='word_1_349' title='bbox 2124 4260 2359 4327; x_wconf 87' lang='lat' dir='ltr'>disces-</span> 
     </span>
     <span class='ocr_line' id='line_1_48' title="bbox 425 4343 758 4406; baseline 0 0"><span class='ocrx_word' id='word_1_350' title='bbox 425 4362 572 4406; x_wconf 89' lang='lat' dir='ltr'>sum</span> <span class='ocrx_word' id='word_1_351' title='bbox 642 4343 758 4406; x_wconf 91' lang='lat' dir='ltr'>uit.</span> 
     </span>
     <span class='ocr_line' id='line_1_49' title="bbox 394 4427 2358 4511; baseline 0.003 -21"><span class='ocrx_word' id='word_1_352' title='bbox 394 4431 403 4441; x_wconf 84' lang='lat'>&#39;</span> <span class='ocrx_word' id='word_1_353' title='bbox 591 4427 737 4511; x_wconf 86' lang='lat' dir='ltr'>Ego</span> <span class='ocrx_word' id='word_1_354' title='bbox 771 4448 949 4507; x_wconf 87' lang='lat' dir='ltr'>vero,</span> <span class='ocrx_word' id='word_1_355' title='bbox 993 4435 1137 4494; x_wconf 87' lang='lat' dir='ltr'>tum</span> <span class='ocrx_word' id='word_1_356' title='bbox 1180 4449 1262 4493; x_wconf 89' lang='lat' dir='ltr'>ex</span> <span class='ocrx_word' id='word_1_357' title='bbox 1305 4427 1387 4493; x_wconf 91' lang='lat' dir='ltr'>iis</span> <span class='ocrx_word' id='word_1_358' title='bbox 1422 4448 1589 4511; x_wconf 90' lang='lat' dir='ltr'>quae</span> <span class='ocrx_word' id='word_1_359' title='bbox 1631 4429 1806 4495; x_wconf 89' lang='lat' dir='ltr'>inter</span> <span class='ocrx_word' id='word_1_360' title='bbox 1840 4450 1960 4495; x_wconf 89' lang='lat' dir='ltr'>nos</span> <span class='ocrx_word' id='word_1_361' title='bbox 1998 4430 2358 4497; x_wconf 89' lang='lat' dir='ltr'>contulera-</span> 
     </span>
     <span class='ocr_line' id='line_1_50' title="bbox 422 4511 2360 4599; baseline 0.003 -22"><span class='ocrx_word' id='word_1_362' title='bbox 422 4533 589 4589; x_wconf 89' lang='lat' dir='ltr'>mus,</span> <span class='ocrx_word' id='word_1_363' title='bbox 633 4521 699 4576; x_wconf 93' lang='lat' dir='ltr'>et</span> <span class='ocrx_word' id='word_1_364' title='bbox 749 4511 844 4577; x_wconf 86' lang='lat' dir='ltr'>illi</span> <span class='ocrx_word' id='word_1_365' title='bbox 885 4515 1256 4597; x_wconf 75' lang='lat' dir='ltr'>probaram,</span> <span class='ocrx_word' id='word_1_366' title='bbox 1317 4522 1461 4578; x_wconf 90' lang='lat' dir='ltr'>tum</span> <span class='ocrx_word' id='word_1_367' title='bbox 1505 4536 1588 4580; x_wconf 88' lang='lat' dir='ltr'>ex</span> <span class='ocrx_word' id='word_1_368' title='bbox 1630 4515 1732 4594; x_wconf 89' lang='lat' dir='ltr'>iis,</span> <span class='ocrx_word' id='word_1_369' title='bbox 1777 4536 1942 4599; x_wconf 89' lang='lat' dir='ltr'>quae</span> <span class='ocrx_word' id='word_1_370' title='bbox 1983 4537 2117 4581; x_wconf 92' lang='lat' dir='ltr'>non</span> <span class='ocrx_word' id='word_1_371' title='bbox 2158 4518 2360 4583; x_wconf 91' lang='lat' dir='ltr'>semel</span> 
     </span>
     <span class='ocr_line' id='line_1_51' title="bbox 425 4595 2358 4684; baseline 0.002 -21"><span class='ocrx_word' id='word_1_372' title='bbox 425 4619 511 4663; x_wconf 88' lang='lat' dir='ltr'>ex</span> <span class='ocrx_word' id='word_1_373' title='bbox 550 4595 914 4665; x_wconf 75' lang='lat' dir='ltr'>Cwnmanno</span> <span class='ocrx_word' id='word_1_374' title='bbox 950 4608 1018 4664; x_wconf 90' lang='lat' dir='ltr'>et</span> <span class='ocrx_word' id='word_1_375' title='bbox 1055 4599 1265 4666; x_wconf 81' lang='lat' dir='ltr'>Coccio</span> <span class='ocrx_word' id='word_1_376' title='bbox 1305 4598 1720 4666; x_wconf 87' lang='lat' dir='ltr'>audieramus</span> <span class='ocrx_word' id='word_1_377' title='bbox 1764 4621 2007 4679; x_wconf 87' lang='lat' dir='ltr'>omnes,</span> <span class='ocrx_word' id='word_1_378' title='bbox 2051 4602 2358 4684; x_wconf 88' lang='lat' dir='ltr'>putabam</span> 
     </span>
     <span class='ocr_line' id='line_1_52' title="bbox 422 4683 2356 4770; baseline 0.002 -20"><span class='ocrx_word' id='word_1_379' title='bbox 422 4703 566 4750; x_wconf 92' lang='lat' dir='ltr'>rem</span> <span class='ocrx_word' id='word_1_380' title='bbox 608 4683 852 4765; x_wconf 88' lang='lat' dir='ltr'>optimo</span> <span class='ocrx_word' id='word_1_381' title='bbox 896 4705 1036 4750; x_wconf 88' lang='lat' dir='ltr'>esse</span> <span class='ocrx_word' id='word_1_382' title='bbox 1077 4686 1218 4751; x_wconf 92' lang='lat' dir='ltr'>loco</span> <span class='ocrx_word' id='word_1_383' title='bbox 1273 4692 1341 4749; x_wconf 91' lang='lat' dir='ltr'>et</span> <span class='ocrx_word' id='word_1_384' title='bbox 1382 4686 1731 4752; x_wconf 88' lang='lat' dir='ltr'>veritatem</span> <span class='ocrx_word' id='word_1_385' title='bbox 1774 4688 2356 4770; x_wconf 89' lang='lat' dir='ltr'>triumphaturam:</span> 
     </span>
     <span class='ocr_line' id='line_1_53' title="bbox 422 4767 2359 4856; baseline 0.002 -21"><span class='ocrx_word' id='word_1_386' title='bbox 422 4769 493 4835; x_wconf 92' lang='lat' dir='ltr'>id</span> <span class='ocrx_word' id='word_1_387' title='bbox 533 4767 705 4853; x_wconf 88' lang='lat' dir='ltr'>quod</span> <span class='ocrx_word' id='word_1_388' title='bbox 748 4790 904 4836; x_wconf 87' lang='lat' dir='ltr'>mox</span> <span class='ocrx_word' id='word_1_389' title='bbox 957 4769 1037 4834; x_wconf 87' lang='lat' dir='ltr'>ad</span> <span class='ocrx_word' id='word_1_390' title='bbox 1098 4777 1395 4837; x_wconf 89' lang='lat' dir='ltr'>nostrum</span> <span class='ocrx_word' id='word_1_391' title='bbox 1450 4780 1777 4856; x_wconf 82' lang='lat' dir='ltr'>pastorem</span> <span class='ocrx_word' id='word_1_392' title='bbox 1820 4794 1952 4838; x_wconf 89' lang='lat' dir='ltr'>non</span> <span class='ocrx_word' id='word_1_393' title='bbox 1998 4782 2173 4839; x_wconf 88' lang='lat' dir='ltr'>certe</span> <span class='ocrx_word' id='word_1_394' title='bbox 2216 4775 2359 4840; x_wconf 92' lang='lat' dir='ltr'>sine</span> 
     </span>
     <span class='ocr_line' id='line_1_54' title="bbox 421 4854 2361 4942; baseline 0.003 -23"><span class='ocrx_word' id='word_1_395' title='bbox 421 4854 735 4939; x_wconf 77' lang='lat' dir='ltr'>lacrymis</span> <span class='ocrx_word' id='word_1_396' title='bbox 777 4875 934 4937; x_wconf 84' lang='lat' dir='ltr'>prae</span> <span class='ocrx_word' id='word_1_397' title='bbox 976 4857 1214 4940; x_wconf 88' lang='lat' dir='ltr'>gaudio</span> <span class='ocrx_word' id='word_1_398' title='bbox 1257 4857 1469 4936; x_wconf 88' lang='lat' dir='ltr'>retuli,</span> <span class='ocrx_word' id='word_1_399' title='bbox 1515 4866 1590 4922; x_wconf 91' lang='lat' dir='ltr'>ut</span> <span class='ocrx_word' id='word_1_400' title='bbox 1630 4858 1770 4942; x_wconf 90' lang='lat' dir='ltr'>ipse</span> <span class='ocrx_word' id='word_1_401' title='bbox 1812 4878 2068 4942; x_wconf 90' lang='lat' dir='ltr'>quoque</span> <span class='ocrx_word' id='word_1_402' title='bbox 2109 4859 2361 4925; x_wconf 89' lang='lat' dir='ltr'>laetitia</span> 
     </span>
     <span class='ocr_line' id='line_1_55' title="bbox 425 4940 2359 5030; baseline 0.003 -25"><span class='ocrx_word' id='word_1_403' title='bbox 425 4960 681 5008; x_wconf 90' lang='lat' dir='ltr'>mecum</span> <span class='ocrx_word' id='word_1_404' title='bbox 718 4940 1101 5020; x_wconf 89' lang='lat' dir='ltr'>afficeretur,</span> <span class='ocrx_word' id='word_1_405' title='bbox 1136 4950 1204 5007; x_wconf 91' lang='lat' dir='ltr'>et</span> <span class='ocrx_word' id='word_1_406' title='bbox 1237 4944 1486 5027; x_wconf 85' lang='lat' dir='ltr'>gratias</span> <span class='ocrx_word' id='word_1_407' title='bbox 1520 4964 1776 5009; x_wconf 90' lang='lat' dir='ltr'>mecum</span> <span class='ocrx_word' id='word_1_408' title='bbox 1810 4955 2037 5030; x_wconf 85' lang='lat' dir='ltr'>ageret</span> <span class='ocrx_word' id='word_1_409' title='bbox 2058 4944 2359 5026; x_wconf 92' lang='lat' dir='ltr'>Domino,</span> 
     </span>
     <span class='ocr_line' id='line_1_56' title="bbox 425 5025 2361 5114; baseline 0.004 -23"><span class='ocrx_word' id='word_1_410' title='bbox 425 5032 492 5091; x_wconf 89' lang='lat' dir='ltr'>et</span> <span class='ocrx_word' id='word_1_411' title='bbox 533 5047 759 5109; x_wconf 91' lang='lat' dir='ltr'>preces</span> <span class='ocrx_word' id='word_1_412' title='bbox 804 5025 886 5091; x_wconf 88' lang='lat' dir='ltr'>ad</span> <span class='ocrx_word' id='word_1_413' title='bbox 929 5026 1209 5091; x_wconf 89' lang='lat' dir='ltr'>eundem</span> <span class='ocrx_word' id='word_1_414' title='bbox 1265 5029 1837 5114; x_wconf 85' lang='lat' dir='ltr'>ingeminaremus.</span> <span class='ocrx_word' id='word_1_415' title='bbox 1913 5029 2048 5097; x_wconf 84' lang='lat' dir='ltr'>Sed</span> <span class='ocrx_word' id='word_1_416' title='bbox 2090 5027 2244 5097; x_wconf 89' lang='lat' dir='ltr'>dum</span> <span class='ocrx_word' id='word_1_417' title='bbox 2287 5033 2361 5097; x_wconf 89' lang='lat' dir='ltr'>in</span> 
     </span>
     <span class='ocr_line' id='line_1_57' title="bbox 424 5110 2360 5200; baseline 0.004 -24"><span class='ocrx_word' id='word_1_418' title='bbox 424 5110 550 5176; x_wconf 89' lang='lat' dir='ltr'>hac</span> <span class='ocrx_word' id='word_1_419' title='bbox 604 5112 778 5178; x_wconf 93' lang='lat' dir='ltr'>bona</span> <span class='ocrx_word' id='word_1_420' title='bbox 830 5111 1119 5178; x_wconf 87' lang='lat' dir='ltr'>vivimus</span> <span class='ocrx_word' id='word_1_421' title='bbox 1172 5134 1306 5195; x_wconf 88' lang='lat' dir='ltr'>spe,</span> <span class='ocrx_word' id='word_1_422' title='bbox 1371 5135 1520 5182; x_wconf 88' lang='lat' dir='ltr'>ecce</span> <span class='ocrx_word' id='word_1_423' title='bbox 1573 5115 1729 5198; x_wconf 90' lang='lat' dir='ltr'>quid</span> <span class='ocrx_word' id='word_1_424' title='bbox 1784 5124 2045 5200; x_wconf 88' lang='lat' dir='ltr'>praeter</span> <span class='ocrx_word' id='word_1_425' title='bbox 2100 5138 2360 5184; x_wconf 91' lang='lat' dir='ltr'>omnem</span> 
     </span>
     <span class='ocr_line' id='line_1_58' title="bbox 424 5198 2361 5283; baseline 0.005 -22"><span class='ocrx_word' id='word_1_426' title='bbox 424 5198 975 5280; x_wconf 87' lang='lat' dir='ltr'>exspectationem</span> <span class='ocrx_word' id='word_1_427' title='bbox 1038 5198 1393 5283; x_wconf 87' lang='lat' dir='ltr'>contingat.</span> <span class='ocrx_word' id='word_1_428' title='bbox 1476 5201 1897 5268; x_wconf 86' lang='lat' dir='ltr'>Exhibentur</span> <span class='ocrx_word' id='word_1_429' title='bbox 1959 5201 2044 5268; x_wconf 90' lang='lat' dir='ltr'>D.</span> <span class='ocrx_word' id='word_1_430' title='bbox 2085 5201 2361 5270; x_wconf 74' lang='lat' dir='ltr'>Sturmio</span> 
     </span>
    </p>
   </div>
   <div class='ocr_carea' id='block_1_2' title="bbox 2067 283 2744 354">
    <p class='ocr_par' dir='ltr' id='par_1_2' title="bbox 2067 283 2744 354">
     <span class='ocr_line' id='line_1_59' title="bbox 2067 283 2744 354; baseline -0.001 -2"><span class='ocrx_word' id='word_1_431' title='bbox 2067 283 2534 354; x_wconf 73' lang='lat' dir='ltr'>EPISTOLA</span> <span class='ocrx_word' id='word_1_432' title='bbox 2578 290 2744 353; x_wconf 82' lang='lat'>3936</span> 
     </span>
    </p>
   </div>
   <div class='ocr_carea' id='block_1_3' title="bbox 2398 482 2419 5259">
    <p class='ocr_par' dir='ltr' id='par_1_3' title="bbox 2398 482 2419 5259">
     <span class='ocr_line' id='line_1_60' title="bbox 2398 482 2419 5259; baseline 0 0"><span class='ocrx_word' id='word_1_433' title='bbox 2398 482 2419 5259; x_wconf 95' lang='lat' dir='ltr'> </span> 
     </span>
    </p>
   </div>
   <div class='ocr_carea' id='block_1_4' title="bbox 4272 290 4407 354">
    <p class='ocr_par' dir='ltr' id='par_1_4' title="bbox 4272 290 4407 354">
     <span class='ocr_line' id='line_1_61' title="bbox 4272 290 4407 354; baseline 0 0"><span class='ocrx_word' id='word_1_434' title='bbox 4272 290 4407 354; x_wconf 77' lang='lat'>⁷16</span> 
     </span>
    </p>
   </div>
   <div class='ocr_carea' id='block_1_5' title="bbox 2449 475 4411 4775">
    <p class='ocr_par' dir='ltr' id='par_1_5' title="bbox 2449 475 4411 4775">
     <span class='ocr_line' id='line_1_62' title="bbox 2450 475 4405 563; baseline 0.003 -23"><span class='ocrx_word' id='word_1_435' title='bbox 2450 476 2758 560; x_wconf 88' lang='lat' dir='ltr'>primum,</span> <span class='ocrx_word' id='word_1_436' title='bbox 2805 476 3040 541; x_wconf 90' lang='lat' dir='ltr'>deinde</span> <span class='ocrx_word' id='word_1_437' title='bbox 3074 475 3238 542; x_wconf 88' lang='lat' dir='ltr'>mihi</span> <span class='ocrx_word' id='word_1_438' title='bbox 3278 485 3344 543; x_wconf 89' lang='lat' dir='ltr'>et</span> <span class='ocrx_word' id='word_1_439' title='bbox 3383 476 3687 557; x_wconf 75' lang='lat' dir='ltr'>GomadO,</span> <span class='ocrx_word' id='word_1_440' title='bbox 3719 480 3802 556; x_wconf 79' lang='lat'>¹²)</span> <span class='ocrx_word' id='word_1_441' title='bbox 3839 476 4100 545; x_wconf 84' lang='lat' dir='ltr'>articuli</span> <span class='ocrx_word' id='word_1_442' title='bbox 4131 477 4405 563; x_wconf 87' lang='lat' dir='ltr'>quidam</span> 
     </span>
     <span class='ocr_line' id='line_1_63' title="bbox 2452 560 4401 644; baseline 0.002 -17"><span class='ocrx_word' id='word_1_443' title='bbox 2452 561 2533 627; x_wconf 90' lang='lat' dir='ltr'>de</span> <span class='ocrx_word' id='word_1_444' title='bbox 2590 560 3186 644; x_wconf 82' lang='lat' dir='ltr'>praedestinatione</span> <span class='ocrx_word' id='word_1_445' title='bbox 3199 613 3216 641; x_wconf 89' lang='lat'>,</span> <span class='ocrx_word' id='word_1_446' title='bbox 3282 583 3323 628; x_wconf 90' lang='lat' dir='ltr'>a</span> <span class='ocrx_word' id='word_1_447' title='bbox 3391 560 3757 631; x_wconf 77' lang='lat' dir='ltr'>Gunmanno</span> <span class='ocrx_word' id='word_1_448' title='bbox 3781 565 3866 644; x_wconf 81' lang='lat'>²⁸)</span> <span class='ocrx_word' id='word_1_449' title='bbox 3930 563 4195 630; x_wconf 90' lang='lat' dir='ltr'>nomine</span> <span class='ocrx_word' id='word_1_450' title='bbox 4258 585 4401 631; x_wconf 88' lang='lat' dir='ltr'>om-</span> 
     </span>
     <span class='ocr_line' id='line_1_64' title="bbox 2450 647 4403 732; baseline 0.002 -20"><span class='ocrx_word' id='word_1_451' title='bbox 2450 647 2638 712; x_wconf 93' lang='lat' dir='ltr'>nium</span> <span class='ocrx_word' id='word_1_452' title='bbox 2682 649 3208 732; x_wconf 88' lang='lat' dir='ltr'>compositorum,</span> <span class='ocrx_word' id='word_1_453' title='bbox 3266 658 3342 714; x_wconf 91' lang='lat' dir='ltr'>ut</span> <span class='ocrx_word' id='word_1_454' title='bbox 3402 650 3486 715; x_wconf 89' lang='lat' dir='ltr'>iis</span> <span class='ocrx_word' id='word_1_455' title='bbox 3549 649 4068 718; x_wconf 85' lang='lat' dir='ltr'>subscribamus:</span> <span class='ocrx_word' id='word_1_456' title='bbox 4133 647 4252 717; x_wconf 87' lang='lat' dir='ltr'>sed</span> <span class='ocrx_word' id='word_1_457' title='bbox 4306 650 4403 715; x_wconf 89' lang='lat' dir='ltr'>ita</span> 
     </span>
     <span class='ocr_line' id='line_1_65' title="bbox 2452 733 4402 812; baseline 0.002 -13"><span class='ocrx_word' id='word_1_458' title='bbox 2452 734 2872 812; x_wconf 87' lang='lat' dir='ltr'>exhibentur,</span> <span class='ocrx_word' id='word_1_459' title='bbox 2940 746 3015 799; x_wconf 92' lang='lat' dir='ltr'>ut</span> <span class='ocrx_word' id='word_1_460' title='bbox 3072 733 3258 802; x_wconf 89' lang='lat' dir='ltr'>nobis</span> <span class='ocrx_word' id='word_1_461' title='bbox 3302 755 3434 800; x_wconf 93' lang='lat' dir='ltr'>non</span> <span class='ocrx_word' id='word_1_462' title='bbox 3490 735 3683 802; x_wconf 85' lang='lat' dir='ltr'>liceat</span> <span class='ocrx_word' id='word_1_463' title='bbox 3737 756 3848 802; x_wconf 89' lang='lat' dir='ltr'>eos</span> <span class='ocrx_word' id='word_1_464' title='bbox 3901 734 4170 804; x_wconf 91' lang='lat' dir='ltr'>domum</span> <span class='ocrx_word' id='word_1_465' title='bbox 4223 736 4402 802; x_wconf 89' lang='lat' dir='ltr'>ferre</span> 
     </span>
     <span class='ocr_line' id='line_1_66' title="bbox 2449 819 4405 905; baseline 0.002 -21"><span class='ocrx_word' id='word_1_466' title='bbox 2449 819 2669 903; x_wconf 89' lang='lat' dir='ltr'>ibique</span> <span class='ocrx_word' id='word_1_467' title='bbox 2711 820 3107 886; x_wconf 88' lang='lat' dir='ltr'>examinare.</span> <span class='ocrx_word' id='word_1_468' title='bbox 3187 820 3325 886; x_wconf 88' lang='lat' dir='ltr'>Res</span> <span class='ocrx_word' id='word_1_469' title='bbox 3371 821 3527 886; x_wconf 93' lang='lat' dir='ltr'>ondi</span> <span class='ocrx_word' id='word_1_470' title='bbox 3567 823 3792 905; x_wconf 87' lang='lat' dir='ltr'>itaque</span> <span class='ocrx_word' id='word_1_471' title='bbox 3838 821 4220 902; x_wconf 73' lang='lat' dir='ltr'>Cumanae,</span> <span class='ocrx_word' id='word_1_472' title='bbox 4265 843 4405 888; x_wconf 89' lang='lat' dir='ltr'>non</span> 
     </span>
     <span class='ocr_line' id='line_1_67' title="bbox 2450 905 4405 988; baseline 0.001 -17"><span class='ocrx_word' id='word_1_473' title='bbox 2450 925 2641 988; x_wconf 88' lang='lat' dir='ltr'>posse</span> <span class='ocrx_word' id='word_1_474' title='bbox 2698 925 2805 971; x_wconf 93' lang='lat' dir='ltr'>me</span> <span class='ocrx_word' id='word_1_475' title='bbox 2867 905 3000 972; x_wconf 91' lang='lat' dir='ltr'>illis</span> <span class='ocrx_word' id='word_1_476' title='bbox 3065 906 3316 973; x_wconf 88' lang='lat' dir='ltr'>subscri</span> <span class='ocrx_word' id='word_1_477' title='bbox 3363 927 3493 986; x_wconf 89' lang='lat' dir='ltr'>ere,</span> <span class='ocrx_word' id='word_1_478' title='bbox 3558 908 3687 973; x_wconf 90' lang='lat' dir='ltr'>nisi</span> <span class='ocrx_word' id='word_1_479' title='bbox 3747 907 4015 973; x_wconf 90' lang='lat' dir='ltr'>domum</span> <span class='ocrx_word' id='word_1_480' title='bbox 4071 908 4279 973; x_wconf 86' lang='lat' dir='ltr'>feram</span> <span class='ocrx_word' id='word_1_481' title='bbox 4330 914 4405 973; x_wconf 89' lang='lat' dir='ltr'>et</span> 
     </span>
     <span class='ocr_line' id='line_1_68' title="bbox 2453 991 4405 1079; baseline 0.001 -22"><span class='ocrx_word' id='word_1_482' title='bbox 2453 991 2804 1076; x_wconf 82' lang='lat' dir='ltr'>diligenter</span> <span class='ocrx_word' id='word_1_483' title='bbox 2837 992 3182 1076; x_wconf 84' lang='lat' dir='ltr'>quieteque</span> <span class='ocrx_word' id='word_1_484' title='bbox 3225 993 3444 1059; x_wconf 88' lang='lat' dir='ltr'>animo</span> <span class='ocrx_word' id='word_1_485' title='bbox 3485 993 3780 1078; x_wconf 89' lang='lat' dir='ltr'>singulos</span> <span class='ocrx_word' id='word_1_486' title='bbox 3822 992 4213 1079; x_wconf 83' lang='lat' dir='ltr'>singulaque</span> <span class='ocrx_word' id='word_1_487' title='bbox 4254 992 4405 1060; x_wconf 88' lang='lat' dir='ltr'>illo·</span> 
     </span>
     <span class='ocr_line' id='line_1_69' title="bbox 2451 1075 4403 1162; baseline 0.001 -19"><span class='ocrx_word' id='word_1_488' title='bbox 2451 1098 2603 1143; x_wconf 91' lang='lat' dir='ltr'>rum</span> <span class='ocrx_word' id='word_1_489' title='bbox 2647 1078 2849 1144; x_wconf 91' lang='lat' dir='ltr'>verba</span> <span class='ocrx_word' id='word_1_490' title='bbox 2889 1075 3308 1162; x_wconf 87' lang='lat' dir='ltr'>perpendam.</span> <span class='ocrx_word' id='word_1_491' title='bbox 3391 1078 3483 1145; x_wconf 85' lang='lat' dir='ltr'>Se</span> <span class='ocrx_word' id='word_1_492' title='bbox 3524 1079 3593 1145; x_wconf 92' lang='lat' dir='ltr'>id</span> <span class='ocrx_word' id='word_1_493' title='bbox 3636 1100 3769 1146; x_wconf 90' lang='lat' dir='ltr'>non</span> <span class='ocrx_word' id='word_1_494' title='bbox 3812 1079 4057 1146; x_wconf 89' lang='lat' dir='ltr'>habere</span> <span class='ocrx_word' id='word_1_495' title='bbox 4101 1080 4171 1145; x_wconf 95' lang='lat' dir='ltr'>in</span> <span class='ocrx_word' id='word_1_496' title='bbox 4215 1100 4403 1144; x_wconf 88' lang='lat' dir='ltr'>man-</span> 
     </span>
     <span class='ocr_line' id='line_1_70' title="bbox 2452 1161 4406 1249; baseline 0.002 -21"><span class='ocrx_word' id='word_1_497' title='bbox 2452 1162 2641 1244; x_wconf 88' lang='lat' dir='ltr'>datis,</span> <span class='ocrx_word' id='word_1_498' title='bbox 2688 1161 2959 1230; x_wconf 88' lang='lat' dir='ltr'>dicebat.</span> <span class='ocrx_word' id='word_1_499' title='bbox 3049 1163 3430 1249; x_wconf 77' lang='lat' dir='ltr'>Interrogor</span> <span class='ocrx_word' id='word_1_500' title='bbox 3474 1163 3708 1231; x_wconf 91' lang='lat' dir='ltr'>deinde</span> <span class='ocrx_word' id='word_1_501' title='bbox 3749 1164 4142 1233; x_wconf 87' lang='lat' dir='ltr'>sententiam</span> <span class='ocrx_word' id='word_1_502' title='bbox 4183 1185 4406 1231; x_wconf 87' lang='lat' dir='ltr'>meam</span> 
     </span>
     <span class='ocr_line' id='line_1_71' title="bbox 2452 1247 4403 1335; baseline 0.001 -20"><span class='ocrx_word' id='word_1_503' title='bbox 2452 1271 2492 1315; x_wconf 89' lang='lat' dir='ltr'>a</span> <span class='ocrx_word' id='word_1_504' title='bbox 2549 1248 2849 1316; x_wconf 78' lang='lat' dir='ltr'>Sturmio.</span> <span class='ocrx_word' id='word_1_505' title='bbox 2961 1247 3331 1333; x_wconf 86' lang='lat' dir='ltr'>Respondi:</span> <span class='ocrx_word' id='word_1_506' title='bbox 3400 1260 3720 1335; x_wconf 88' lang='lat' dir='ltr'>quantum</span> <span class='ocrx_word' id='word_1_507' title='bbox 3780 1273 3897 1334; x_wconf 89' lang='lat' dir='ltr'>per</span> <span class='ocrx_word' id='word_1_508' title='bbox 3963 1260 4100 1317; x_wconf 89' lang='lat' dir='ltr'>tam</span> <span class='ocrx_word' id='word_1_509' title='bbox 4164 1271 4403 1335; x_wconf 87' lang='lat' dir='ltr'>parum</span> 
     </span>
     <span class='ocr_line' id='line_1_72' title="bbox 2452 1334 4404 1423; baseline 0.001 -22"><span class='ocrx_word' id='word_1_510' title='bbox 2452 1336 2785 1419; x_wconf 90' lang='lat' dir='ltr'>temporis,</span> <span class='ocrx_word' id='word_1_511' title='bbox 2830 1356 2957 1419; x_wconf 90' lang='lat' dir='ltr'>quo</span> <span class='ocrx_word' id='word_1_512' title='bbox 3000 1334 3147 1402; x_wconf 91' lang='lat' dir='ltr'>illos</span> <span class='ocrx_word' id='word_1_513' title='bbox 3183 1337 3427 1402; x_wconf 90' lang='lat' dir='ltr'>cursim</span> <span class='ocrx_word' id='word_1_514' title='bbox 3469 1336 3621 1423; x_wconf 88' lang='lat' dir='ltr'>legi,</span> <span class='ocrx_word' id='word_1_515' title='bbox 3664 1336 3952 1403; x_wconf 88' lang='lat' dir='ltr'>iudicare</span> <span class='ocrx_word' id='word_1_516' title='bbox 3985 1337 4191 1421; x_wconf 89' lang='lat' dir='ltr'>potui,</span> <span class='ocrx_word' id='word_1_517' title='bbox 4234 1336 4404 1402; x_wconf 86' lang='lat' dir='ltr'>mihi</span> 
     </span>
     <span class='ocr_line' id='line_1_73' title="bbox 2450 1421 4402 1507; baseline 0.002 -21"><span class='ocrx_word' id='word_1_518' title='bbox 2450 1421 2598 1488; x_wconf 86' lang='lat' dir='ltr'>illos</span> <span class='ocrx_word' id='word_1_519' title='bbox 2652 1441 2787 1488; x_wconf 92' lang='lat' dir='ltr'>non</span> <span class='ocrx_word' id='word_1_520' title='bbox 2842 1421 3070 1502; x_wconf 88' lang='lat' dir='ltr'>videri,</span> <span class='ocrx_word' id='word_1_521' title='bbox 3134 1422 3189 1486; x_wconf 91' lang='lat' dir='ltr'>si</span> <span class='ocrx_word' id='word_1_522' title='bbox 3257 1421 3545 1488; x_wconf 86' lang='lat' dir='ltr'>habeant</span> <span class='ocrx_word' id='word_1_523' title='bbox 3606 1444 3888 1507; x_wconf 87' lang='lat' dir='ltr'>aequum</span> <span class='ocrx_word' id='word_1_524' title='bbox 3951 1422 4402 1507; x_wconf 86' lang='lat' dir='ltr'>interpretem,</span> 
     </span>
     <span class='ocr_line' id='line_1_74' title="bbox 2452 1506 4405 1593; baseline 0.001 -20"><span class='ocrx_word' id='word_1_525' title='bbox 2452 1506 2660 1573; x_wconf 90' lang='lat' dir='ltr'>ullam</span> <span class='ocrx_word' id='word_1_526' title='bbox 2700 1508 2770 1572; x_wconf 91' lang='lat' dir='ltr'>in</span> <span class='ocrx_word' id='word_1_527' title='bbox 2812 1529 2883 1573; x_wconf 91' lang='lat' dir='ltr'>se</span> <span class='ocrx_word' id='word_1_528' title='bbox 2925 1517 3220 1592; x_wconf 88' lang='lat' dir='ltr'>apertam</span> <span class='ocrx_word' id='word_1_529' title='bbox 3258 1509 3599 1574; x_wconf 90' lang='lat' dir='ltr'>continere</span> <span class='ocrx_word' id='word_1_530' title='bbox 3639 1510 4063 1593; x_wconf 89' lang='lat' dir='ltr'>impietatem,</span> <span class='ocrx_word' id='word_1_531' title='bbox 4108 1515 4405 1574; x_wconf 90' lang='lat' dir='ltr'>metuere</span> 
     </span>
     <span class='ocr_line' id='line_1_75' title="bbox 2453 1592 4407 1678; baseline 0.001 -20"><span class='ocrx_word' id='word_1_532' title='bbox 2453 1601 2677 1659; x_wconf 90' lang='lat' dir='ltr'>tamen</span> <span class='ocrx_word' id='word_1_533' title='bbox 2729 1614 2836 1658; x_wconf 91' lang='lat' dir='ltr'>me</span> <span class='ocrx_word' id='word_1_534' title='bbox 2891 1615 2977 1659; x_wconf 90' lang='lat' dir='ltr'>ne</span> <span class='ocrx_word' id='word_1_535' title='bbox 3040 1592 3290 1678; x_wconf 90' lang='lat' dir='ltr'>aliquid</span> <span class='ocrx_word' id='word_1_536' title='bbox 3354 1594 3444 1660; x_wconf 98' lang='lat' dir='ltr'>ibi</span> <span class='ocrx_word' id='word_1_537' title='bbox 3506 1594 3711 1661; x_wconf 88' lang='lat' dir='ltr'>lateat</span> <span class='ocrx_word' id='word_1_538' title='bbox 3772 1592 4191 1662; x_wconf 90' lang='lat' dir='ltr'>insidiarum:</span> <span class='ocrx_word' id='word_1_539' title='bbox 4255 1602 4407 1660; x_wconf 90' lang='lat' dir='ltr'>tum</span> 
     </span>
     <span class='ocr_line' id='line_1_76' title="bbox 2453 1678 4404 1764; baseline 0.001 -20"><span class='ocrx_word' id='word_1_540' title='bbox 2453 1678 2625 1762; x_wconf 88' lang='lat' dir='ltr'>quod</span> <span class='ocrx_word' id='word_1_541' title='bbox 2666 1700 2804 1746; x_wconf 89' lang='lat' dir='ltr'>non</span> <span class='ocrx_word' id='word_1_542' title='bbox 2846 1679 3318 1763; x_wconf 87' lang='lat' dir='ltr'>permittantur</span> <span class='ocrx_word' id='word_1_543' title='bbox 3352 1680 3538 1746; x_wconf 89' lang='lat' dir='ltr'>nobis</span> <span class='ocrx_word' id='word_1_544' title='bbox 3573 1681 3747 1748; x_wconf 92' lang='lat' dir='ltr'>domi</span> <span class='ocrx_word' id='word_1_545' title='bbox 3782 1679 4223 1764; x_wconf 86' lang='lat' dir='ltr'>examinandi,</span> <span class='ocrx_word' id='word_1_546' title='bbox 4257 1689 4404 1746; x_wconf 90' lang='lat' dir='ltr'>tum</span> 
     </span>
     <span class='ocr_line' id='line_1_77' title="bbox 2452 1762 4405 1850; baseline 0.001 -20"><span class='ocrx_word' id='word_1_547' title='bbox 2452 1762 2628 1849; x_wconf 91' lang='lat' dir='ltr'>quod</span> <span class='ocrx_word' id='word_1_548' title='bbox 2681 1785 2874 1832; x_wconf 89' lang='lat' dir='ltr'>voces</span> <span class='ocrx_word' id='word_1_549' title='bbox 2931 1766 3250 1850; x_wconf 90' lang='lat' dir='ltr'>quasdam</span> <span class='ocrx_word' id='word_1_550' title='bbox 3310 1764 3599 1832; x_wconf 88' lang='lat' dir='ltr'>habeant</span> <span class='ocrx_word' id='word_1_551' title='bbox 3638 1767 3996 1850; x_wconf 88' lang='lat' dir='ltr'>ambiguas,</span> <span class='ocrx_word' id='word_1_552' title='bbox 4040 1775 4185 1832; x_wconf 91' lang='lat' dir='ltr'>tum</span> <span class='ocrx_word' id='word_1_553' title='bbox 4229 1763 4405 1849; x_wconf 88' lang='lat' dir='ltr'>quod</span> 
     </span>
     <span class='ocr_line' id='line_1_78' title="bbox 2454 1850 4402 1936; baseline -0.001 -19"><span class='ocrx_word' id='word_1_554' title='bbox 2454 1871 2532 1917; x_wconf 89' lang='lat' dir='ltr'>ea</span> <span class='ocrx_word' id='word_1_555' title='bbox 2575 1859 2834 1916; x_wconf 91' lang='lat' dir='ltr'>tantum</span> <span class='ocrx_word' id='word_1_556' title='bbox 2891 1850 2982 1916; x_wconf 93' lang='lat' dir='ltr'>ibi</span> <span class='ocrx_word' id='word_1_557' title='bbox 3034 1852 3248 1936; x_wconf 88' lang='lat' dir='ltr'>posita</span> <span class='ocrx_word' id='word_1_558' title='bbox 3299 1873 3442 1918; x_wconf 91' lang='lat' dir='ltr'>esse</span> <span class='ocrx_word' id='word_1_559' title='bbox 3483 1853 3653 1919; x_wconf 91' lang='lat' dir='ltr'>mihi</span> <span class='ocrx_word' id='word_1_560' title='bbox 3696 1853 4063 1933; x_wconf 89' lang='lat' dir='ltr'>videantur,</span> <span class='ocrx_word' id='word_1_561' title='bbox 4109 1871 4274 1935; x_wconf 89' lang='lat' dir='ltr'>quae</span> <span class='ocrx_word' id='word_1_562' title='bbox 4313 1852 4402 1917; x_wconf 92' lang='lat' dir='ltr'>D.</span> 
     </span>
     <span class='ocr_line' id='line_1_79' title="bbox 2457 1937 4404 2022; baseline 0.001 -19"><span class='ocrx_word' id='word_1_563' title='bbox 2457 1937 2870 2003; x_wconf 76' lang='lat' dir='ltr'>Marbachius</span> <span class='ocrx_word' id='word_1_564' title='bbox 2927 1945 2995 2002; x_wconf 92' lang='lat' dir='ltr'>et</span> <span class='ocrx_word' id='word_1_565' title='bbox 3052 1937 3163 2003; x_wconf 88' lang='lat' dir='ltr'>alii</span> <span class='ocrx_word' id='word_1_566' title='bbox 3216 1938 3320 2002; x_wconf 90' lang='lat' dir='ltr'>sui</span> <span class='ocrx_word' id='word_1_567' title='bbox 3377 1938 3757 2019; x_wconf 89' lang='lat' dir='ltr'>docuerunt,</span> <span class='ocrx_word' id='word_1_568' title='bbox 3817 1949 3887 2004; x_wconf 90' lang='lat' dir='ltr'>et</span> <span class='ocrx_word' id='word_1_569' title='bbox 3926 1959 4202 2022; x_wconf 90' lang='lat' dir='ltr'>quorum</span> <span class='ocrx_word' id='word_1_570' title='bbox 4244 1958 4404 2004; x_wconf 86' lang='lat' dir='ltr'>con-</span> 
     </span>
     <span class='ocr_line' id='line_1_80' title="bbox 2456 2022 4404 2109; baseline 0.001 -22"><span class='ocrx_word' id='word_1_571' title='bbox 2456 2023 2731 2088; x_wconf 89' lang='lat' dir='ltr'>trariam</span> <span class='ocrx_word' id='word_1_572' title='bbox 2773 2023 3165 2089; x_wconf 88' lang='lat' dir='ltr'>sententiam</span> <span class='ocrx_word' id='word_1_573' title='bbox 3200 2043 3241 2088; x_wconf 91' lang='lat' dir='ltr'>a</span> <span class='ocrx_word' id='word_1_574' title='bbox 3275 2025 3462 2090; x_wconf 88' lang='lat' dir='ltr'>nobis</span> <span class='ocrx_word' id='word_1_575' title='bbox 3494 2026 3758 2109; x_wconf 88' lang='lat' dir='ltr'>probari</span> <span class='ocrx_word' id='word_1_576' title='bbox 3800 2033 3868 2090; x_wconf 89' lang='lat' dir='ltr'>et</span> <span class='ocrx_word' id='word_1_577' title='bbox 3901 2023 4114 2091; x_wconf 86' lang='lat' dir='ltr'>doceri</span> <span class='ocrx_word' id='word_1_578' title='bbox 4154 2022 4404 2090; x_wconf 89' lang='lat' dir='ltr'>calum—</span> 
     </span>
     <span class='ocr_line' id='line_1_81' title="bbox 2455 2109 4405 2196; baseline 0.001 -23"><span class='ocrx_word' id='word_1_579' title='bbox 2455 2110 2616 2173; x_wconf 91' lang='lat' dir='ltr'>niati</span> <span class='ocrx_word' id='word_1_580' title='bbox 2675 2117 2849 2186; x_wconf 88' lang='lat' dir='ltr'>sunt,</span> <span class='ocrx_word' id='word_1_581' title='bbox 2909 2131 3107 2193; x_wconf 90' lang='lat' dir='ltr'>quum</span> <span class='ocrx_word' id='word_1_582' title='bbox 3167 2119 3391 2175; x_wconf 89' lang='lat' dir='ltr'>tamen</span> <span class='ocrx_word' id='word_1_583' title='bbox 3446 2109 3610 2177; x_wconf 88' lang='lat' dir='ltr'>haec</span> <span class='ocrx_word' id='word_1_584' title='bbox 3652 2131 3990 2196; x_wconf 88' lang='lat' dir='ltr'>nunquam</span> <span class='ocrx_word' id='word_1_585' title='bbox 4043 2111 4290 2176; x_wconf 86' lang='lat' dir='ltr'>fuerint</span> <span class='ocrx_word' id='word_1_586' title='bbox 4328 2111 4405 2175; x_wconf 86' lang='lat' dir='ltr'>in</span> 
     </span>
     <span class='ocr_line' id='line_1_82' title="bbox 2457 2195 4407 2280; baseline 0.001 -20"><span class='ocrx_word' id='word_1_587' title='bbox 2457 2195 2921 2260; x_wconf 88' lang='lat' dir='ltr'>controversia.</span> <span class='ocrx_word' id='word_1_588' title='bbox 2993 2195 3161 2262; x_wconf 84' lang='lat' dir='ltr'>Esse</span> <span class='ocrx_word' id='word_1_589' title='bbox 3225 2197 3445 2280; x_wconf 87' lang='lat' dir='ltr'>itaque</span> <span class='ocrx_word' id='word_1_590' title='bbox 3512 2198 3606 2263; x_wconf 89' lang='lat' dir='ltr'>ita</span> <span class='ocrx_word' id='word_1_591' title='bbox 3657 2205 3877 2263; x_wconf 87' lang='lat' dir='ltr'>astute</span> <span class='ocrx_word' id='word_1_592' title='bbox 3935 2205 4002 2262; x_wconf 91' lang='lat' dir='ltr'>et</span> <span class='ocrx_word' id='word_1_593' title='bbox 4054 2195 4407 2262; x_wconf 88' lang='lat' dir='ltr'>artificiose</span> 
     </span>
     <span class='ocr_line' id='line_1_83' title="bbox 2457 2281 4405 2368; baseline 0 -21"><span class='ocrx_word' id='word_1_594' title='bbox 2457 2282 2847 2365; x_wconf 90' lang='lat' dir='ltr'>compositos</span> <span class='ocrx_word' id='word_1_595' title='bbox 2905 2281 3213 2348; x_wconf 88' lang='lat' dir='ltr'>articulos</span> <span class='ocrx_word' id='word_1_596' title='bbox 3269 2283 3444 2362; x_wconf 91' lang='lat' dir='ltr'>istos,</span> <span class='ocrx_word' id='word_1_597' title='bbox 3501 2292 3578 2349; x_wconf 88' lang='lat' dir='ltr'>ut</span> <span class='ocrx_word' id='word_1_598' title='bbox 3633 2285 3692 2348; x_wconf 91' lang='lat' dir='ltr'>si</span> <span class='ocrx_word' id='word_1_599' title='bbox 3745 2303 4060 2368; x_wconf 83' lang='lat' dir='ltr'>negemus</span> <span class='ocrx_word' id='word_1_600' title='bbox 4118 2282 4405 2349; x_wconf 85' lang='lat' dir='ltr'>subscri-</span> 
     </span>
     <span class='ocr_line' id='line_1_84' title="bbox 2458 2367 4409 2453; baseline 0 -19"><span class='ocrx_word' id='word_1_601' title='bbox 2458 2368 2631 2446; x_wconf 91' lang='lat' dir='ltr'>bere,</span> <span class='ocrx_word' id='word_1_602' title='bbox 2699 2367 3130 2434; x_wconf 89' lang='lat' dir='ltr'>confirmandi</span> <span class='ocrx_word' id='word_1_603' title='bbox 3195 2370 3331 2434; x_wconf 89' lang='lat' dir='ltr'>sint</span> <span class='ocrx_word' id='word_1_604' title='bbox 3393 2369 3616 2453; x_wconf 89' lang='lat' dir='ltr'>populi</span> <span class='ocrx_word' id='word_1_605' title='bbox 3679 2371 3751 2434; x_wconf 94' lang='lat' dir='ltr'>in</span> <span class='ocrx_word' id='word_1_606' title='bbox 3816 2369 4177 2435; x_wconf 85' lang='lat' dir='ltr'>sententia:</span> <span class='ocrx_word' id='word_1_607' title='bbox 4237 2387 4409 2451; x_wconf 85' lang='lat' dir='ltr'>quae</span> 
     </span>
     <span class='ocr_line' id='line_1_85' title="bbox 2461 2452 4403 2534; baseline 0.001 -15"><span class='ocrx_word' id='word_1_608' title='bbox 2461 2453 2708 2519; x_wconf 88' lang='lat' dir='ltr'>scilicet</span> <span class='ocrx_word' id='word_1_609' title='bbox 2761 2453 3248 2521; x_wconf 87' lang='lat' dir='ltr'>concionatores</span> <span class='ocrx_word' id='word_1_610' title='bbox 3304 2452 3386 2522; x_wconf 88' lang='lat' dir='ltr'>de</span> <span class='ocrx_word' id='word_1_611' title='bbox 3442 2454 3631 2521; x_wconf 90' lang='lat' dir='ltr'>nobis</span> <span class='ocrx_word' id='word_1_612' title='bbox 3673 2453 4056 2521; x_wconf 84' lang='lat' dir='ltr'>calumniati</span> <span class='ocrx_word' id='word_1_613' title='bbox 4116 2454 4403 2534; x_wconf 80' lang='lat' dir='ltr'>fuerant,</span> 
     </span>
     <span class='ocr_line' id='line_1_86' title="bbox 2461 2538 4408 2617; baseline 0 -12"><span class='ocrx_word' id='word_1_614' title='bbox 2461 2559 2539 2605; x_wconf 87' lang='lat' dir='ltr'>ea</span> <span class='ocrx_word' id='word_1_615' title='bbox 2581 2560 2726 2605; x_wconf 88' lang='lat' dir='ltr'>esse</span> <span class='ocrx_word' id='word_1_616' title='bbox 2763 2539 3118 2607; x_wconf 88' lang='lat' dir='ltr'>verissima.</span> <span class='ocrx_word' id='word_1_617' title='bbox 3190 2538 3267 2606; x_wconf 79' lang='lat' dir='ltr'>Si</span> <span class='ocrx_word' id='word_1_618' title='bbox 3301 2561 3458 2606; x_wconf 90' lang='lat' dir='ltr'>vero</span> <span class='ocrx_word' id='word_1_619' title='bbox 3495 2539 3997 2617; x_wconf 86' lang='lat' dir='ltr'>subscribamus,</span> <span class='ocrx_word' id='word_1_620' title='bbox 4031 2560 4152 2605; x_wconf 91' lang='lat' dir='ltr'>nos</span> <span class='ocrx_word' id='word_1_621' title='bbox 4186 2541 4408 2606; x_wconf 88' lang='lat' dir='ltr'>visum</span> 
     </span>
     <span class='ocr_line' id='line_1_87' title="bbox 2460 2624 4410 2710; baseline 0 -20"><span class='ocrx_word' id='word_1_622' title='bbox 2460 2625 2541 2690; x_wconf 92' lang='lat' dir='ltr'>iri</span> <span class='ocrx_word' id='word_1_623' title='bbox 2600 2624 2772 2708; x_wconf 92' lang='lat' dir='ltr'>plebi</span> <span class='ocrx_word' id='word_1_624' title='bbox 2829 2647 3061 2692; x_wconf 88' lang='lat' dir='ltr'>revera.</span> <span class='ocrx_word' id='word_1_625' title='bbox 3116 2626 3307 2693; x_wconf 88' lang='lat' dir='ltr'>aliter</span> <span class='ocrx_word' id='word_1_626' title='bbox 3347 2647 3545 2710; x_wconf 87' lang='lat' dir='ltr'>quam</span> <span class='ocrx_word' id='word_1_627' title='bbox 3588 2627 3661 2692; x_wconf 90' lang='lat' dir='ltr'>hi</span> <span class='ocrx_word' id='word_1_628' title='bbox 3713 2627 3973 2692; x_wconf 91' lang='lat' dir='ltr'>articuli</span> <span class='ocrx_word' id='word_1_629' title='bbox 4026 2628 4410 2691; x_wconf 89' lang='lat' dir='ltr'>contineant</span> 
     </span>
     <span class='ocr_line' id='line_1_88' title="bbox 2462 2710 4408 2797; baseline 0.001 -20"><span class='ocrx_word' id='word_1_630' title='bbox 2462 2710 2816 2779; x_wconf 89' lang='lat' dir='ltr'>credidisse</span> <span class='ocrx_word' id='word_1_631' title='bbox 2873 2722 2941 2777; x_wconf 89' lang='lat' dir='ltr'>et</span> <span class='ocrx_word' id='word_1_632' title='bbox 2994 2712 3322 2779; x_wconf 85' lang='lat' dir='ltr'>docuisse:</span> <span class='ocrx_word' id='word_1_633' title='bbox 3389 2734 3570 2779; x_wconf 92' lang='lat' dir='ltr'>nunc</span> <span class='ocrx_word' id='word_1_634' title='bbox 3630 2720 3850 2779; x_wconf 89' lang='lat' dir='ltr'>autem</span> <span class='ocrx_word' id='word_1_635' title='bbox 3915 2712 4287 2797; x_wconf 83' lang='lat' dir='ltr'>resipuisse,</span> <span class='ocrx_word' id='word_1_636' title='bbox 4330 2732 4408 2778; x_wconf 88' lang='lat' dir='ltr'>ac</span> 
     </span>
     <span class='ocr_line' id='line_1_89' title="bbox 2460 2794 4410 2882; baseline -0.001 -18"><span class='ocrx_word' id='word_1_637' title='bbox 2460 2797 2735 2881; x_wconf 88' lang='lat' dir='ltr'>proinde</span> <span class='ocrx_word' id='word_1_638' title='bbox 2779 2798 2975 2863; x_wconf 89' lang='lat' dir='ltr'>etiam</span> <span class='ocrx_word' id='word_1_639' title='bbox 3032 2799 3507 2882; x_wconf 86' lang='lat' dir='ltr'>subscripsisse.</span> <span class='ocrx_word' id='word_1_640' title='bbox 3594 2798 3924 2865; x_wconf 88' lang='lat' dir='ltr'>Postridie</span> <span class='ocrx_word' id='word_1_641' title='bbox 3980 2798 4175 2864; x_wconf 88' lang='lat' dir='ltr'>rediit</span> <span class='ocrx_word' id='word_1_642' title='bbox 4228 2794 4410 2863; x_wconf 89' lang='lat' dir='ltr'>idem</span> 
     </span>
     <span class='ocr_line' id='line_1_90' title="bbox 2463 2883 4411 2970; baseline -0.001 -20"><span class='ocrx_word' id='word_1_643' title='bbox 2463 2893 2529 2950; x_wconf 86' lang='lat' dir='ltr'>et</span> <span class='ocrx_word' id='word_1_644' title='bbox 2591 2883 2820 2949; x_wconf 89' lang='lat' dir='ltr'>eodem</span> <span class='ocrx_word' id='word_1_645' title='bbox 2884 2884 3073 2950; x_wconf 90' lang='lat' dir='ltr'>modo</span> <span class='ocrx_word' id='word_1_646' title='bbox 3137 2885 3356 2968; x_wconf 89' lang='lat' dir='ltr'>petiit:</span> <span class='ocrx_word' id='word_1_647' title='bbox 3424 2885 3642 2970; x_wconf 87' lang='lat' dir='ltr'>relego</span> <span class='ocrx_word' id='word_1_648' title='bbox 3703 2886 3944 2951; x_wconf 89' lang='lat' dir='ltr'>iterum</span> <span class='ocrx_word' id='word_1_649' title='bbox 3960 2936 3976 2964; x_wconf 96' lang='lat'>,</span> <span class='ocrx_word' id='word_1_650' title='bbox 4041 2883 4158 2952; x_wconf 88' lang='lat' dir='ltr'>sed</span> <span class='ocrx_word' id='word_1_651' title='bbox 4208 2883 4411 2949; x_wconf 86' lang='lat' dir='ltr'>simul</span> 
     </span>
     <span class='ocr_line' id='line_1_91' title="bbox 2461 2968 4409 3056; baseline -0.001 -20"><span class='ocrx_word' id='word_1_652' title='bbox 2461 2970 2658 3036; x_wconf 90' lang='lat' dir='ltr'>etiam</span> <span class='ocrx_word' id='word_1_653' title='bbox 2702 2968 2897 3050; x_wconf 91' lang='lat' dir='ltr'>idem,</span> <span class='ocrx_word' id='word_1_654' title='bbox 2956 2968 3131 3053; x_wconf 92' lang='lat' dir='ltr'>quod</span> <span class='ocrx_word' id='word_1_655' title='bbox 3182 2979 3396 3050; x_wconf 89' lang='lat' dir='ltr'>antea,</span> <span class='ocrx_word' id='word_1_656' title='bbox 3446 2971 3827 3056; x_wconf 89' lang='lat' dir='ltr'>respondeo.</span> <span class='ocrx_word' id='word_1_657' title='bbox 3903 2972 4076 3036; x_wconf 80' lang='lat' dir='ltr'>&#39;Pum</span> <span class='ocrx_word' id='word_1_658' title='bbox 4129 2969 4274 3035; x_wconf 81' lang='lat' dir='ltr'>ille:</span> <span class='ocrx_word' id='word_1_659' title='bbox 4334 2990 4409 3035; x_wconf 88' lang='lat' dir='ltr'>se</span> 
     </span>
     <span class='ocr_line' id='line_1_92' title="bbox 2460 3055 4409 3141; baseline 0.001 -22"><span class='ocrx_word' id='word_1_660' title='bbox 2460 3056 2607 3121; x_wconf 90' lang='lat' dir='ltr'>ideo</span> <span class='ocrx_word' id='word_1_661' title='bbox 2651 3063 2720 3121; x_wconf 90' lang='lat' dir='ltr'>et</span> <span class='ocrx_word' id='word_1_662' title='bbox 2754 3056 3039 3139; x_wconf 91' lang='lat' dir='ltr'>reliquos</span> <span class='ocrx_word' id='word_1_663' title='bbox 3074 3056 3535 3141; x_wconf 88' lang='lat' dir='ltr'>compositores</span> <span class='ocrx_word' id='word_1_664' title='bbox 3592 3057 3767 3122; x_wconf 92' lang='lat' dir='ltr'>nolle</span> <span class='ocrx_word' id='word_1_665' title='bbox 3800 3057 3872 3121; x_wconf 91' lang='lat' dir='ltr'>in</span> <span class='ocrx_word' id='word_1_666' title='bbox 3906 3056 4207 3123; x_wconf 86' lang='lat' dir='ltr'>manibus</span> <span class='ocrx_word' id='word_1_667' title='bbox 4240 3055 4409 3121; x_wconf 88' lang='lat' dir='ltr'>meis</span> 
     </span>
     <span class='ocr_line' id='line_1_93' title="bbox 2460 3141 4409 3227; baseline 0 -19"><span class='ocrx_word' id='word_1_668' title='bbox 2460 3142 2832 3225; x_wconf 90' lang='lat' dir='ltr'>relinquere</span> <span class='ocrx_word' id='word_1_669' title='bbox 2877 3141 3204 3221; x_wconf 88' lang='lat' dir='ltr'>articulos,</span> <span class='ocrx_word' id='word_1_670' title='bbox 3251 3150 3395 3207; x_wconf 90' lang='lat' dir='ltr'>tum</span> <span class='ocrx_word' id='word_1_671' title='bbox 3432 3142 3603 3226; x_wconf 91' lang='lat' dir='ltr'>quod</span> <span class='ocrx_word' id='word_1_672' title='bbox 3647 3151 3946 3209; x_wconf 88' lang='lat' dir='ltr'>metuant</span> <span class='ocrx_word' id='word_1_673' title='bbox 3988 3163 4071 3208; x_wconf 91' lang='lat' dir='ltr'>ne</span> <span class='ocrx_word' id='word_1_674' title='bbox 4112 3141 4409 3227; x_wconf 84' lang='lat' dir='ltr'>prolixos</span> 
     </span>
     <span class='ocr_line' id='line_1_94' title="bbox 2460 3227 4409 3312; baseline 0.001 -19"><span class='ocrx_word' id='word_1_675' title='bbox 2460 3228 2534 3293; x_wconf 91' lang='lat' dir='ltr'>in</span> <span class='ocrx_word' id='word_1_676' title='bbox 2577 3249 2688 3294; x_wconf 89' lang='lat' dir='ltr'>eos</span> <span class='ocrx_word' id='word_1_677' title='bbox 2731 3229 3009 3295; x_wconf 88' lang='lat' dir='ltr'>scribam</span> <span class='ocrx_word' id='word_1_678' title='bbox 3044 3230 3561 3308; x_wconf 87' lang='lat' dir='ltr'>commentarios,</span> <span class='ocrx_word' id='word_1_679' title='bbox 3602 3237 3743 3293; x_wconf 93' lang='lat' dir='ltr'>tum</span> <span class='ocrx_word' id='word_1_680' title='bbox 3780 3227 3969 3312; x_wconf 92' lang='lat' dir='ltr'>quod,</span> <span class='ocrx_word' id='word_1_681' title='bbox 4015 3229 4070 3294; x_wconf 90' lang='lat' dir='ltr'>si</span> <span class='ocrx_word' id='word_1_682' title='bbox 4104 3227 4295 3294; x_wconf 92' lang='lat' dir='ltr'>nobis</span> <span class='ocrx_word' id='word_1_683' title='bbox 4336 3227 4409 3294; x_wconf 91' lang='lat' dir='ltr'>id</span> 
     </span>
     <span class='ocr_line' id='line_1_95' title="bbox 2460 3313 4411 3399; baseline -0.001 -18"><span class='ocrx_word' id='word_1_684' title='bbox 2460 3313 2835 3393; x_wconf 87' lang='lat' dir='ltr'>concedant,</span> <span class='ocrx_word' id='word_1_685' title='bbox 2878 3314 3052 3381; x_wconf 91' lang='lat' dir='ltr'>idem</span> <span class='ocrx_word' id='word_1_686' title='bbox 3077 3335 3330 3398; x_wconf 90' lang='lat' dir='ltr'>quoque</span> <span class='ocrx_word' id='word_1_687' title='bbox 3366 3315 3728 3381; x_wconf 86' lang='lat' dir='ltr'>adversarii</span> <span class='ocrx_word' id='word_1_688' title='bbox 3749 3314 4020 3399; x_wconf 90' lang='lat' dir='ltr'>petituri</span> <span class='ocrx_word' id='word_1_689' title='bbox 4062 3316 4214 3394; x_wconf 90' lang='lat' dir='ltr'>sint,</span> <span class='ocrx_word' id='word_1_690' title='bbox 4260 3322 4411 3380; x_wconf 89' lang='lat' dir='ltr'>tum</span> 
     </span>
     <span class='ocr_line' id='line_1_96' title="bbox 2461 3399 4407 3485; baseline -0.001 -20"><span class='ocrx_word' id='word_1_691' title='bbox 2461 3399 2743 3484; x_wconf 91' lang='lat' dir='ltr'>denique</span> <span class='ocrx_word' id='word_1_692' title='bbox 2783 3400 2959 3483; x_wconf 91' lang='lat' dir='ltr'>quod</span> <span class='ocrx_word' id='word_1_693' title='bbox 3001 3408 3300 3485; x_wconf 89' lang='lat' dir='ltr'>oporteat</span> <span class='ocrx_word' id='word_1_694' title='bbox 3340 3401 3468 3467; x_wconf 88' lang='lat' dir='ltr'>cito</span> <span class='ocrx_word' id='word_1_695' title='bbox 3512 3399 3851 3484; x_wconf 89' lang='lat' dir='ltr'>expedire:</span> <span class='ocrx_word' id='word_1_696' title='bbox 3909 3401 4035 3467; x_wconf 91' lang='lat' dir='ltr'>sibi</span> <span class='ocrx_word' id='word_1_697' title='bbox 4086 3402 4266 3465; x_wconf 90' lang='lat' dir='ltr'>intra</span> <span class='ocrx_word' id='word_1_698' title='bbox 4308 3399 4407 3465; x_wconf 93' lang='lat' dir='ltr'>bi-</span> 
     </span>
     <span class='ocr_line' id='line_1_97' title="bbox 2460 3484 4408 3554; baseline 0 -3"><span class='ocrx_word' id='word_1_699' title='bbox 2460 3485 2662 3552; x_wconf 90' lang='lat' dir='ltr'>duum</span> <span class='ocrx_word' id='word_1_700' title='bbox 2707 3485 2789 3551; x_wconf 87' lang='lat' dir='ltr'>ad</span> <span class='ocrx_word' id='word_1_701' title='bbox 2833 3508 3166 3553; x_wconf 88' lang='lat' dir='ltr'>summum</span> <span class='ocrx_word' id='word_1_702' title='bbox 3218 3485 3483 3553; x_wconf 90' lang='lat' dir='ltr'>domum</span> <span class='ocrx_word' id='word_1_703' title='bbox 3527 3508 3671 3554; x_wconf 88' lang='lat' dir='ltr'>esse</span> <span class='ocrx_word' id='word_1_704' title='bbox 3727 3484 4153 3553; x_wconf 90' lang='lat' dir='ltr'>redeundum.</span> <span class='ocrx_word' id='word_1_705' title='bbox 4233 3487 4408 3552; x_wconf 76' lang='lat' dir='ltr'>Tum</span> 
     </span>
     <span class='ocr_line' id='line_1_98' title="bbox 2461 3572 4405 3658; baseline 0 -21"><span class='ocrx_word' id='word_1_706' title='bbox 2461 3591 2609 3657; x_wconf 91' lang='lat' dir='ltr'>ego:</span> <span class='ocrx_word' id='word_1_707' title='bbox 2668 3592 2951 3657; x_wconf 91' lang='lat' dir='ltr'>aequum</span> <span class='ocrx_word' id='word_1_708' title='bbox 2994 3582 3110 3652; x_wconf 87' lang='lat' dir='ltr'>est,</span> <span class='ocrx_word' id='word_1_709' title='bbox 3169 3575 3459 3658; x_wconf 87' lang='lat' dir='ltr'>inquam,</span> <span class='ocrx_word' id='word_1_710' title='bbox 3513 3581 3588 3639; x_wconf 90' lang='lat' dir='ltr'>ut</span> <span class='ocrx_word' id='word_1_711' title='bbox 3630 3574 3688 3639; x_wconf 90' lang='lat' dir='ltr'>si</span> <span class='ocrx_word' id='word_1_712' title='bbox 3730 3579 4011 3657; x_wconf 86' lang='lat' dir='ltr'>utraque</span> <span class='ocrx_word' id='word_1_713' title='bbox 4052 3593 4207 3656; x_wconf 87' lang='lat' dir='ltr'>pars</span> <span class='ocrx_word' id='word_1_714' title='bbox 4250 3572 4405 3638; x_wconf 90' lang='lat' dir='ltr'>sub-</span> 
     </span>
     <span class='ocr_line' id='line_1_99' title="bbox 2461 3657 4405 3744; baseline 0.001 -21"><span class='ocrx_word' id='word_1_715' title='bbox 2461 3657 2743 3724; x_wconf 89' lang='lat' dir='ltr'>scribere</span> <span class='ocrx_word' id='word_1_716' title='bbox 2788 3658 3035 3739; x_wconf 89' lang='lat' dir='ltr'>debeat,</span> <span class='ocrx_word' id='word_1_717' title='bbox 3082 3660 3345 3743; x_wconf 91' lang='lat' dir='ltr'>utrique</span> <span class='ocrx_word' id='word_1_718' title='bbox 3389 3659 3590 3726; x_wconf 91' lang='lat' dir='ltr'>etiam</span> <span class='ocrx_word' id='word_1_719' title='bbox 3628 3659 3821 3743; x_wconf 86' lang='lat' dir='ltr'>parti,</span> <span class='ocrx_word' id='word_1_720' title='bbox 3880 3666 4224 3744; x_wconf 90' lang='lat' dir='ltr'>postquam</span> <span class='ocrx_word' id='word_1_721' title='bbox 4262 3657 4405 3725; x_wconf 84' lang='lat' dir='ltr'>fue·</span> 
     </span>
     <span class='ocr_line' id='line_1_100' title="bbox 2460 3744 4407 3831; baseline 0.001 -22"><span class='ocrx_word' id='word_1_722' title='bbox 2460 3745 2596 3809; x_wconf 90' lang='lat' dir='ltr'>rint</span> <span class='ocrx_word' id='word_1_723' title='bbox 2637 3744 2987 3829; x_wconf 84' lang='lat' dir='ltr'>diligenter</span> <span class='ocrx_word' id='word_1_724' title='bbox 3026 3747 3404 3825; x_wconf 88' lang='lat' dir='ltr'>examinati,</span> <span class='ocrx_word' id='word_1_725' title='bbox 3460 3745 3845 3831; x_wconf 88' lang='lat' dir='ltr'>probentur:</span> <span class='ocrx_word' id='word_1_726' title='bbox 3900 3745 4407 3814; x_wconf 89' lang='lat' dir='ltr'>commentarios</span> 
     </span>
     <span class='ocr_line' id='line_1_101' title="bbox 2463 3832 4409 3915; baseline 0.001 -20"><span class='ocrx_word' id='word_1_727' title='bbox 2463 3838 2683 3895; x_wconf 89' lang='lat' dir='ltr'>autem</span> <span class='ocrx_word' id='word_1_728' title='bbox 2746 3851 2853 3896; x_wconf 89' lang='lat' dir='ltr'>me</span> <span class='ocrx_word' id='word_1_729' title='bbox 2917 3852 3049 3896; x_wconf 92' lang='lat' dir='ltr'>non</span> <span class='ocrx_word' id='word_1_730' title='bbox 3115 3853 3256 3900; x_wconf 90' lang='lat' dir='ltr'>esse</span> <span class='ocrx_word' id='word_1_731' title='bbox 3318 3832 3392 3897; x_wconf 91' lang='lat' dir='ltr'>in</span> <span class='ocrx_word' id='word_1_732' title='bbox 3449 3852 3559 3897; x_wconf 90' lang='lat' dir='ltr'>eos</span> <span class='ocrx_word' id='word_1_733' title='bbox 3601 3833 4136 3915; x_wconf 89' lang='lat' dir='ltr'>compositurum:</span> <span class='ocrx_word' id='word_1_734' title='bbox 4202 3851 4409 3915; x_wconf 92' lang='lat' dir='ltr'>quum</span> 
     </span>
     <span class='ocr_line' id='line_1_102' title="bbox 2463 3915 4404 4002; baseline 0.001 -20"><span class='ocrx_word' id='word_1_735' title='bbox 2463 3936 2618 3982; x_wconf 87' lang='lat' dir='ltr'>vero</span> <span class='ocrx_word' id='word_1_736' title='bbox 2673 3915 3015 3982; x_wconf 91' lang='lat' dir='ltr'>dissidium</span> <span class='ocrx_word' id='word_1_737' title='bbox 3070 3917 3196 3983; x_wconf 92' lang='lat' dir='ltr'>hoc</span> <span class='ocrx_word' id='word_1_738' title='bbox 3250 3918 3587 3984; x_wconf 89' lang='lat' dir='ltr'>biennium</span> <span class='ocrx_word' id='word_1_739' title='bbox 3647 3915 4005 3997; x_wconf 88' lang='lat' dir='ltr'>duraverit,</span> <span class='ocrx_word' id='word_1_740' title='bbox 4064 3916 4223 4002; x_wconf 90' lang='lat' dir='ltr'>quid</span> <span class='ocrx_word' id='word_1_741' title='bbox 4285 3924 4404 3996; x_wconf 89' lang='lat' dir='ltr'>est,</span> 
     </span>
     <span class='ocr_line' id='line_1_103' title="bbox 2463 4001 4406 4087; baseline 0.001 -21"><span class='ocrx_word' id='word_1_742' title='bbox 2463 4001 2621 4080; x_wconf 88' lang='lat' dir='ltr'>dixi,</span> <span class='ocrx_word' id='word_1_743' title='bbox 2681 4001 2855 4085; x_wconf 90' lang='lat' dir='ltr'>quod</span> <span class='ocrx_word' id='word_1_744' title='bbox 2898 4024 3093 4084; x_wconf 91' lang='lat' dir='ltr'>nunc,</span> <span class='ocrx_word' id='word_1_745' title='bbox 3149 4004 3408 4087; x_wconf 89' lang='lat' dir='ltr'>quando</span> <span class='ocrx_word' id='word_1_746' title='bbox 3450 4010 3553 4069; x_wconf 89' lang='lat' dir='ltr'>est</span> <span class='ocrx_word' id='word_1_747' title='bbox 3609 4002 3971 4087; x_wconf 85' lang='lat' dir='ltr'>prudenter</span> <span class='ocrx_word' id='word_1_748' title='bbox 4012 4003 4406 4070; x_wconf 90' lang='lat' dir='ltr'>concluden-</span> 
     </span>
     <span class='ocr_line' id='line_1_104' title="bbox 2463 4087 4408 4174; baseline 0.001 -21"><span class='ocrx_word' id='word_1_749' title='bbox 2463 4087 2639 4169; x_wconf 89' lang='lat' dir='ltr'>dum,</span> <span class='ocrx_word' id='word_1_750' title='bbox 2696 4088 2913 4154; x_wconf 90' lang='lat' dir='ltr'>velitis</span> <span class='ocrx_word' id='word_1_751' title='bbox 2967 4089 3066 4153; x_wconf 89' lang='lat' dir='ltr'>ita</span> <span class='ocrx_word' id='word_1_752' title='bbox 3122 4088 3529 4156; x_wconf 84' lang='lat' dir='ltr'>accelerare?</span> <span class='ocrx_word' id='word_1_753' title='bbox 3601 4090 3753 4174; x_wconf 86' lang='lat' dir='ltr'>Ego·</span> <span class='ocrx_word' id='word_1_754' title='bbox 3789 4097 3963 4156; x_wconf 90' lang='lat' dir='ltr'>certe</span> <span class='ocrx_word' id='word_1_755' title='bbox 4004 4089 4076 4154; x_wconf 91' lang='lat' dir='ltr'>in</span> <span class='ocrx_word' id='word_1_756' title='bbox 4119 4109 4192 4155; x_wconf 92' lang='lat' dir='ltr'>re</span> <span class='ocrx_word' id='word_1_757' title='bbox 4235 4088 4408 4154; x_wconf 85' lang='lat' dir='ltr'>tanti</span> 
     </span>
     <span class='ocr_line' id='line_1_105' title="bbox 2463 4174 4409 4260; baseline 0.001 -22"><span class='ocrx_word' id='word_1_758' title='bbox 2463 4175 2777 4239; x_wconf 91' lang='lat' dir='ltr'>momenti</span> <span class='ocrx_word' id='word_1_759' title='bbox 2834 4174 2996 4239; x_wconf 89' lang='lat' dir='ltr'>nihil</span> <span class='ocrx_word' id='word_1_760' title='bbox 3065 4175 3569 4259; x_wconf 89' lang='lat' dir='ltr'>praecipitanter</span> <span class='ocrx_word' id='word_1_761' title='bbox 3626 4196 3820 4260; x_wconf 88' lang='lat' dir='ltr'>agere</span> <span class='ocrx_word' id='word_1_762' title='bbox 3861 4175 4033 4242; x_wconf 85' lang='lat' dir='ltr'>volo.</span> <span class='ocrx_word' id='word_1_763' title='bbox 4103 4174 4409 4242; x_wconf 88' lang='lat' dir='ltr'>Discedit</span> 
     </span>
     <span class='ocr_line' id='line_1_106' title="bbox 2461 4258 4407 4347; baseline 0.001 -23"><span class='ocrx_word' id='word_1_764' title='bbox 2461 4259 2592 4324; x_wconf 92' lang='lat' dir='ltr'>ille.</span> <span class='ocrx_word' id='word_1_765' title='bbox 2685 4258 2822 4326; x_wconf 82' lang='lat' dir='ltr'>Sed</span> <span class='ocrx_word' id='word_1_766' title='bbox 2882 4262 3129 4327; x_wconf 87' lang='lat' dir='ltr'>amicus</span> <span class='ocrx_word' id='word_1_767' title='bbox 3183 4284 3290 4326; x_wconf 91' lang='lat' dir='ltr'>me</span> <span class='ocrx_word' id='word_1_768' title='bbox 3352 4270 3546 4347; x_wconf 89' lang='lat' dir='ltr'>urget</span> <span class='ocrx_word' id='word_1_769' title='bbox 3600 4268 3675 4326; x_wconf 90' lang='lat' dir='ltr'>ut</span> <span class='ocrx_word' id='word_1_770' title='bbox 3737 4260 4171 4328; x_wconf 88' lang='lat' dir='ltr'>subscribam:</span> <span class='ocrx_word' id='word_1_771' title='bbox 4238 4259 4407 4326; x_wconf 88' lang='lat' dir='ltr'>nihil</span> 
     </span>
     <span class='ocr_line' id='line_1_107' title="bbox 2463 4345 4405 4429; baseline 0.001 -18"><span class='ocrx_word' id='word_1_772' title='bbox 2463 4366 2604 4411; x_wconf 89' lang='lat' dir='ltr'>esse</span> <span class='ocrx_word' id='word_1_773' title='bbox 2666 4345 3061 4412; x_wconf 87' lang='lat' dir='ltr'>insidiarum</span> <span class='ocrx_word' id='word_1_774' title='bbox 3117 4346 3559 4425; x_wconf 90' lang='lat' dir='ltr'>metuendum,</span> <span class='ocrx_word' id='word_1_775' title='bbox 3628 4368 3770 4414; x_wconf 87' lang='lat' dir='ltr'>esse</span> <span class='ocrx_word' id='word_1_776' title='bbox 3831 4348 4035 4414; x_wconf 92' lang='lat' dir='ltr'>bonos</span> <span class='ocrx_word' id='word_1_777' title='bbox 4092 4349 4295 4429; x_wconf 91' lang='lat' dir='ltr'>viros,</span> <span class='ocrx_word' id='word_1_778' title='bbox 4338 4353 4405 4413; x_wconf 89' lang='lat' dir='ltr'>et</span> 
     </span>
     <span class='ocr_line' id='line_1_108' title="bbox 2461 4430 4403 4517; baseline 0 -19"><span class='ocrx_word' id='word_1_779' title='bbox 2461 4432 2631 4498; x_wconf 90' lang='lat' dir='ltr'>serio</span> <span class='ocrx_word' id='word_1_780' title='bbox 2674 4430 2822 4496; x_wconf 90' lang='lat' dir='ltr'>illos</span> <span class='ocrx_word' id='word_1_781' title='bbox 2865 4434 3152 4517; x_wconf 88' lang='lat' dir='ltr'>cogitare</span> <span class='ocrx_word' id='word_1_782' title='bbox 3188 4433 3268 4499; x_wconf 91' lang='lat' dir='ltr'>de</span> <span class='ocrx_word' id='word_1_783' title='bbox 3303 4431 3670 4501; x_wconf 88' lang='lat' dir='ltr'>concordia:</span> <span class='ocrx_word' id='word_1_784' title='bbox 3717 4433 3868 4517; x_wconf 89' lang='lat' dir='ltr'>plus</span> <span class='ocrx_word' id='word_1_785' title='bbox 3910 4433 4099 4499; x_wconf 88' lang='lat' dir='ltr'>nobis</span> <span class='ocrx_word' id='word_1_786' title='bbox 4140 4432 4403 4500; x_wconf 89' lang='lat' dir='ltr'>concedi</span> 
     </span>
     <span class='ocr_line' id='line_1_109' title="bbox 2460 4516 4404 4605; baseline 0.002 -23"><span class='ocrx_word' id='word_1_787' title='bbox 2460 4538 2658 4601; x_wconf 91' lang='lat' dir='ltr'>quam</span> <span class='ocrx_word' id='word_1_788' title='bbox 2702 4516 3115 4584; x_wconf 88' lang='lat' dir='ltr'>adversariis.</span> <span class='ocrx_word' id='word_1_789' title='bbox 3187 4521 3334 4604; x_wconf 86' lang='lat' dir='ltr'>Ego</span> <span class='ocrx_word' id='word_1_790' title='bbox 3392 4527 3640 4598; x_wconf 89' lang='lat' dir='ltr'>contra,</span> <span class='ocrx_word' id='word_1_791' title='bbox 3697 4520 3871 4586; x_wconf 90' lang='lat' dir='ltr'>hanc</span> <span class='ocrx_word' id='word_1_792' title='bbox 3928 4519 4167 4605; x_wconf 85' lang='lat' dir='ltr'>agendi</span> <span class='ocrx_word' id='word_1_793' title='bbox 4209 4518 4404 4586; x_wconf 89' lang='lat' dir='ltr'>ratio-</span> 
     </span>
     <span class='ocr_line' id='line_1_110' title="bbox 2461 4604 4400 4689; baseline 0.002 -22"><span class='ocrx_word' id='word_1_794' title='bbox 2461 4624 2615 4668; x_wconf 91' lang='lat' dir='ltr'>nem</span> <span class='ocrx_word' id='word_1_795' title='bbox 2669 4611 2736 4668; x_wconf 92' lang='lat' dir='ltr'>et</span> <span class='ocrx_word' id='word_1_796' title='bbox 2795 4604 2967 4671; x_wconf 89' lang='lat' dir='ltr'>hanc</span> <span class='ocrx_word' id='word_1_797' title='bbox 3029 4605 3507 4672; x_wconf 86' lang='lat' dir='ltr'>festinationem</span> <span class='ocrx_word' id='word_1_798' title='bbox 3565 4605 3731 4670; x_wconf 90' lang='lat' dir='ltr'>mihi</span> <span class='ocrx_word' id='word_1_799' title='bbox 3795 4626 3939 4672; x_wconf 91' lang='lat' dir='ltr'>esse</span> <span class='ocrx_word' id='word_1_800' title='bbox 4002 4614 4400 4689; x_wconf 87' lang='lat' dir='ltr'>suspectam:</span> 
     </span>
     <span class='ocr_line' id='line_1_111' title="bbox 2461 4689 4402 4775; baseline 0.002 -23"><span class='ocrx_word' id='word_1_801' title='bbox 2461 4709 2595 4753; x_wconf 90' lang='lat' dir='ltr'>non</span> <span class='ocrx_word' id='word_1_802' title='bbox 2649 4710 2838 4772; x_wconf 89' lang='lat' dir='ltr'>posse</span> <span class='ocrx_word' id='word_1_803' title='bbox 2897 4690 3103 4775; x_wconf 90' lang='lat' dir='ltr'>igitur</span> <span class='ocrx_word' id='word_1_804' title='bbox 3158 4693 3581 4775; x_wconf 85' lang='lat' dir='ltr'>acquiescere,</span> <span class='ocrx_word' id='word_1_805' title='bbox 3647 4699 3724 4756; x_wconf 91' lang='lat' dir='ltr'>ut</span> <span class='ocrx_word' id='word_1_806' title='bbox 3787 4691 4208 4773; x_wconf 88' lang='lat' dir='ltr'>subscribam,</span> <span class='ocrx_word' id='word_1_807' title='bbox 4276 4689 4402 4757; x_wconf 89' lang='lat' dir='ltr'>nisi</span> 
     </span>
    </p>
   </div>
   <div class='ocr_carea' id='block_1_6' title="bbox 2460 4846 2869 4858">
    <p class='ocr_par' dir='ltr' id='par_1_6' title="bbox 2460 4846 2869 4858">
     <span class='ocr_line' id='line_1_112' title="bbox 2460 4846 2869 4858; baseline 0 1259"><span class='ocrx_word' id='word_1_808' title='bbox 2460 4846 2869 4858; x_wconf 95' lang='lat' dir='ltr'> </span> 
     </span>
    </p>
   </div>
   <div class='ocr_carea' id='block_1_7' title="bbox 2459 4945 4400 5292">
    <p class='ocr_par' dir='ltr' id='par_1_7' title="bbox 2459 4945 4400 5086">
     <span class='ocr_line' id='line_1_113' title="bbox 2633 4945 4400 5017; baseline 0.003 -18"><span class='ocrx_word' id='word_1_809' title='bbox 2633 4945 2727 5012; x_wconf 78' lang='grc'>12)</span> <span class='ocrx_word' id='word_1_810' title='bbox 2766 4947 3028 5014; x_wconf 75' lang='lat' dir='ltr'>Huberto,</span> <span class='ocrx_word' id='word_1_811' title='bbox 3073 4962 3229 5017; x_wconf 75' lang='lat' dir='ltr'>quem</span> <span class='ocrx_word' id='word_1_812' title='bbox 3270 4950 3334 5002; x_wconf 76' lang='lat' dir='ltr'>ut</span> <span class='ocrx_word' id='word_1_813' title='bbox 3373 4946 3579 5003; x_wconf 71' lang='lat' dir='ltr'>Bucen·</span> <span class='ocrx_word' id='word_1_814' title='bbox 3622 4949 3857 5003; x_wconf 68' lang='lat' dir='ltr'>micum</span> <span class='ocrx_word' id='word_1_815' title='bbox 3894 4946 4257 5004; x_wconf 69' lang='lat' dir='ltr'>Mau-bachius</span> <span class='ocrx_word' id='word_1_816' title='bbox 4288 4964 4400 5004; x_wconf 68' lang='lat' dir='ltr'>ma-</span> 
     </span>
     <span class='ocr_line' id='line_1_114' title="bbox 2459 5016 4307 5086; baseline 0.001 -15"><span class='ocrx_word' id='word_1_817' title='bbox 2459 5030 2586 5071; x_wconf 71' lang='lat' dir='ltr'>nere</span> <span class='ocrx_word' id='word_1_818' title='bbox 2620 5016 2846 5071; x_wconf 70' lang='lat' dir='ltr'>diacone·</span> <span class='ocrx_word' id='word_1_819' title='bbox 2887 5016 3155 5072; x_wconf 71' lang='grc' dir='ltr'><strong><em>Τὴοηιαηο·</em></strong></span> <span class='ocrx_word' id='word_1_820' title='bbox 3186 5016 3443 5071; x_wconf 74' lang='lat' dir='ltr'>abdicari</span> <span class='ocrx_word' id='word_1_821' title='bbox 3471 5018 3686 5073; x_wconf 76' lang='lat' dir='ltr'>curavit</span> <span class='ocrx_word' id='word_1_822' title='bbox 3718 5017 3994 5085; x_wconf 63' lang='lat' dir='ltr'>(Rom</span> <span class='ocrx_word' id='word_1_823' title='bbox 4027 5017 4126 5073; x_wconf 83' lang='lat'>111.</span> <span class='ocrx_word' id='word_1_824' title='bbox 4164 5016 4307 5086; x_wconf 88' lang='lat'>110.)</span> 
     </span>
    </p>

    <p class='ocr_par' dir='ltr' id='par_1_8' title="bbox 2461 5082 4400 5292">
     <span class='ocr_line' id='line_1_115' title="bbox 2634 5082 4400 5155; baseline 0.002 -18"><span class='ocrx_word' id='word_1_825' title='bbox 2634 5084 2728 5154; x_wconf 85' lang='lat'>13)</span> <span class='ocrx_word' id='word_1_826' title='bbox 2763 5085 3132 5141; x_wconf 75' lang='lat' dir='ltr'>Flinsbaeht&#39;o.</span> <span class='ocrx_word' id='word_1_827' title='bbox 3211 5082 3548 5141; x_wconf 61' lang='lat' dir='ltr'>125an</span> <span class='ocrx_word' id='word_1_828' title='bbox 3588 5087 3804 5155; x_wconf 68' lang='lat' dir='ltr'>quidem</span> <span class='ocrx_word' id='word_1_829' title='bbox 3848 5086 3965 5142; x_wconf 78' lang='lat' dir='ltr'>Iac.</span> <span class='ocrx_word' id='word_1_830' title='bbox 4013 5085 4273 5142; x_wconf 72' lang='lat' dir='ltr'>Andreae</span> <span class='ocrx_word' id='word_1_831' title='bbox 4304 5102 4400 5141; x_wconf 67' lang='lat' dir='ltr'>aa·</span> 
     </span>
     <span class='ocr_line' id='line_1_116' title="bbox 2461 5153 4400 5224; baseline 0.002 -17"><span class='ocrx_word' id='word_1_832' title='bbox 2461 5158 2626 5208; x_wconf 79' lang='lat' dir='ltr'>torem</span> <span class='ocrx_word' id='word_1_833' title='bbox 2654 5154 2833 5219; x_wconf 75' lang='lat' dir='ltr'>fuisse</span> <span class='ocrx_word' id='word_1_834' title='bbox 2866 5154 3003 5210; x_wconf 73' lang='lat' dir='ltr'>dicit</span> <span class='ocrx_word' id='word_1_835' title='bbox 3032 5170 3088 5222; x_wconf 78' lang='lat' dir='ltr'>p.</span> <span class='ocrx_word' id='word_1_836' title='bbox 3123 5153 3243 5218; x_wconf 78' lang='lat'>112,</span> <span class='ocrx_word' id='word_1_837' title='bbox 3288 5160 3466 5210; x_wconf 73' lang='lat' dir='ltr'>testem</span> <span class='ocrx_word' id='word_1_838' title='bbox 3498 5161 3755 5224; x_wconf 68' lang='lat' dir='ltr'>acquum</span> <span class='ocrx_word' id='word_1_839' title='bbox 3789 5155 4124 5211; x_wconf 56' lang='lat' dir='ltr'>Baalim</span> <span class='ocrx_word' id='word_1_840' title='bbox 4168 5157 4232 5211; x_wconf 73' lang='lat' dir='ltr'>ia</span> <span class='ocrx_word' id='word_1_841' title='bbox 4263 5156 4400 5211; x_wconf 75' lang='lat' dir='ltr'>rela-</span> 
     </span>
     <span class='ocr_line' id='line_1_117' title="bbox 2461 5221 3191 5292; baseline 0 -14"><span class='ocrx_word' id='word_1_842' title='bbox 2461 5223 2608 5278; x_wconf 67' lang='lat' dir='ltr'>tione</span> <span class='ocrx_word' id='word_1_843' title='bbox 2643 5223 2950 5292; x_wconf 72' lang='lat' dir='ltr'>Bipontim</span> <span class='ocrx_word' id='word_1_844' title='bbox 2980 5239 3035 5292; x_wconf 79' lang='lat' dir='ltr'>p.</span> <span class='ocrx_word' id='word_1_845' title='bbox 3070 5221 3191 5278; x_wconf 81' lang='lat'>243.</span> 
     </span>
    </p>
   </div>
   <div class='ocr_carea' id='block_1_8' title="bbox 4834 2425 4840 2956">
    <p class='ocr_par' dir='ltr' id='par_1_9' title="bbox 4834 2425 4840 2956">
     <span class='ocr_line' id='line_1_118' title="bbox 4834 2425 4840 2956; baseline 0 0"><span class='ocrx_word' id='word_1_846' title='bbox 4834 2425 4840 2956; x_wconf 95' lang='lat' dir='ltr'> </span> 
     </span>
    </p>
   </div>
   <div class='ocr_carea' id='block_1_9' title="bbox 4835 5095 4839 5756">
    <p class='ocr_par' dir='ltr' id='par_1_10' title="bbox 4835 5095 4839 5756">
     <span class='ocr_line' id='line_1_119' title="bbox 4835 5095 4839 5756; baseline 0 0"><span class='ocrx_word' id='word_1_847' title='bbox 4835 5095 4839 5756; x_wconf 95' lang='lat' dir='ltr'> </span> 
     </span>
    </p>
   </div>
  </div>
 </body>
</html>
