4850 6117
259 370 381 432 601

257 575 489 623 corum
549 554 803 621 dierum
862 554 1110 622 obsidio
1143 553 1373 621 urbem
1429 575 1631 639 prope
1671 553 1889 621 inedia
1923 555 2213 622 confece-

256 647 381 707 rat.
473 640 594 707 Bis
634 641 875 707 milites
921 641 1245 726 Guysiani
1291 640 1538 726 egressi
1577 639 1839 706 fuerant
1877 646 2067 708 extra
2101 663 2217 727 ag-

258 746 472 812 geres,
518 725 629 793 sed
677 726 911 793 acriter
953 727 1201 811 repulsi
1244 733 1593 813 coeperant
1625 727 1971 810 quiescere.
2037 726 2217 793 Hinc

254 812 496 897 regina
536 821 749 879 mater
793 812 874 879 ad
919 813 1142 880 solitas
1181 821 1375 880 artes.
1463 813 1777 897 Princeps
1812 835 1931 897 pro
1966 833 2085 879 sua
2118 812 2215 877 fa-

256 899 508 965 cilitate
578 906 834 986 tempus
912 899 1250 966 fallacibus
1328 898 1666 982 colloquiis
1729 907 1944 965 terere
1965 950 1982 979 ,
2049 897 2218 983 quod

249 984 478 1068 magis
545 983 743 1051 rebus
805 984 1109 1071 gerendis
1172 985 1551 1071 impendere
1606 984 1892 1052 decebat.
1993 984 2217 1066 Vulgo

254 1070 585 1155 putabant
648 1068 730 1136 de
786 1092 945 1155 pace
1001 1093 1143 1138 esse
1207 1081 1632 1150 transactum,
1693 1091 1894 1155 quum
1958 1077 2218 1153 praeter

255 1178 446 1241 spem
510 1156 869 1223 adveniunt
910 1155 1194 1241 Hispani
1248 1165 1314 1222 et
1366 1157 1678 1223 Britones
1730 1157 1802 1222 in
1857 1156 2218 1221 subsidium

254 1242 575 1322 hostium,
633 1243 868 1326 quibus
932 1244 1153 1309 statim
1218 1244 1425 1309 crevit
1478 1241 1798 1309 alacritas.
1900 1242 2216 1325 Princeps

255 1330 628 1395 exercitum
696 1349 888 1395 suum
955 1328 1213 1414 longius
1272 1328 1551 1393 reduxit.
1574 1327 1631 1414 2)
1722 1327 1997 1412 Sequuti
2061 1335 2219 1393 sunt

256 1413 614 1500 Guysiani.
695 1416 968 1480 Decima
1010 1416 1239 1498 quinta
1274 1414 1471 1481 huius
1514 1417 1760 1480 mensis
1802 1422 2014 1480 castra
2056 1413 2217 1479 utri-

253 1520 386 1583 que
458 1499 788 1566 habebant
846 1501 914 1564 in
958 1500 1177 1565 Beltia
1233 1521 1468 1566 versus
1526 1499 1845 1566 Carnutes
1897 1508 1966 1565 et
2005 1498 2218 1565 Ceno-

253 1604 518 1652 manos.
544 1589 597 1666 8)
699 1584 1032 1669 Scriptum
1093 1586 1216 1651 fuit
1258 1585 1525 1651 Lutetia
1590 1593 1657 1652 et
1711 1586 1906 1651 certis
1962 1582 2219 1650 indiciis

255 1673 723 1738 confirmatum
748 1723 764 1751 ,
832 1671 962 1737 levi
1033 1671 1282 1756 proelio
1349 1671 1720 1737 conflixisse
1783 1680 1852 1735 et
1913 1670 2219 1737 cecidisse

254 1758 715 1841 septingentos
758 1758 1110 1842 Hispanos.
1200 1758 1260 1822 N
1266 1757 1494 1824 uncius
1538 1766 1758 1823 autem
1802 1756 1947 1823 ideo
1992 1756 2219 1822 verisi-

254 1844 435 1910 milis
483 1852 584 1909 est
626 1845 930 1927 quoniam
967 1843 1164 1909 multi
1207 1841 1540 1909 vulnerati
1573 1843 1883 1927 plaustris
1927 1851 1995 1907 et
2038 1841 2220 1907 vehi-

255 1929 426 1996 culis
488 1930 558 1994 in
618 1929 847 1997 urbem
903 1929 1082 1994 allati
1140 1930 1427 1995 fuerant.
1514 1926 1758 1995 Hostes
1814 1951 1853 1994 a
1893 1926 2221 2012 peditibus

256 2014 503 2081 melius
547 2025 702 2081 sunt
761 2013 1088 2081 instructi.
1177 2016 1495 2097 Princeps
1538 2015 1829 2098 equitatu
1874 2015 2068 2100 longe
2113 2036 2220 2080 su-

256 2102 505 2185 perior.
593 2101 848 2166 Rumor
898 2101 1007 2184 qui
1054 2100 1134 2166 de
1177 2100 1541 2183 Rotomago
1596 2121 1636 2166 a
1678 2100 1921 2167 nostris
1963 2108 2224 2183 recepto

256 2187 571 2253 volitavit
601 2208 780 2253 nunc
817 2208 1028 2252 vanus
1063 2183 1598 2270 deprehenditur:
1636 2207 1760 2252 nec
1803 2194 2021 2251 tamen
2062 2193 2222 2270 puto

258 2273 338 2338 de
384 2271 601 2337 nihilo
637 2279 960 2352 exortum,
997 2272 1111 2338 sed
1153 2270 1321 2356 quod
1360 2272 1688 2338 occultum
1725 2291 1865 2338 esse
1907 2271 2225 2339 debuerat

298 2357 678 2423 uorundam
738 2357 1049 2424 futilitate
1106 2367 1258 2423 ante
1302 2364 1561 2442 tempus
1603 2358 1863 2441 longius
1905 2358 2220 2423 manavit.

257 2379 334 2510 gi
371 2465 615 2509 verum
649 2451 749 2509 est
784 2444 957 2527 quod
993 2443 1309 2527 probabili
1342 2445 1593 2508 ratione
1634 2444 1798 2508 mihi
1841 2441 2222 2528 persuadeo,

257 2550 378 2595 sex
438 2529 808 2613 Anglorum
867 2529 1074 2596 millia
1124 2530 1472 2596 coniuncta
1527 2550 1668 2596 esse
1716 2529 2029 2613 Principi,
2086 2550 2219 2595 non

257 2614 666 2699 poenitenda
724 2616 850 2681 erit
913 2615 1214 2682 accessio.
1317 2614 1513 2681 Certe
1575 2614 1704 2681 nisi
1764 2616 2023 2684 obviam
2089 2615 2219 2680 illis

257 2700 574 2785 progredi
618 2700 827 2768 voluit
883 2722 1010 2785 quo
1055 2722 1165 2766 eos
1222 2701 1561 2780 animaret,
1606 2700 1907 2785 pudenda
1946 2701 2221 2787 ignavia

259 2808 536 2853 cursum
579 2787 956 2853 retroflexit.
1043 2786 1449 2853 Parisienses
1504 2787 1631 2871 ipsi
1672 2787 1978 2853 furiosius
2020 2807 2220 2872 quam

257 2873 591 2939 hactenus
654 2879 877 2938 ruunt.
983 2870 1216 2940 Solent
1289 2874 1529 2957 privati
1593 2871 1890 2939 homines
1955 2873 2218 2940 veniam

260 2959 504 3024 aetatis
591 2958 945 3043 impetrare
1010 2979 1051 3024 a
1104 2958 1511 3043 principibus
1577 2967 1655 3024 ut
1729 2958 1864 3026 sint
1941 2960 2047 3025 sui
2126 2961 2220 3025 iu-

259 3045 368 3110 ris.
467 3043 676 3111 Curia
744 3045 1002 3110 veniam
1059 3044 1295 3111 aetatis
1338 3043 1513 3129 Regi
1557 3043 1738 3110 dedit
1803 3050 1870 3110 et
1929 3065 2218 3129 pronun·

260 3130 470 3197 ciavit
537 3130 854 3196 maiorem
935 3137 1013 3195 ut
1092 3130 1467 3214 loquuntur.
1565 3130 1829 3196 Interea
1906 3139 2216 3214 tanquam

258 3215 519 3303 pupillo
563 3216 697 3281 dati
742 3223 899 3281 sunt
940 3223 1288 3283 curatores.
1369 3216 1760 3296 consiliarii,
1806 3216 1916 3301 qui
1959 3236 2220 3282 recusa·

260 3310 420 3370 runt
475 3301 930 3369 Admiraldum
993 3311 1060 3367 et
1120 3302 1389 3369 fratrem
1447 3302 1823 3370 Antidotum
1887 3302 2217 3382 damnare,

260 3388 545 3454 coniecti
607 3395 765 3453 sunt
825 3389 897 3454 in
939 3408 1284 3455 carcerem.
1373 3388 1561 3454 Haec
1604 3398 1761 3454 sunt
1800 3388 2072 3455 ultimae
2108 3386 2219 3454 de-

259 3475 660 3558 sperationis
701 3474 906 3559 signa.
993 3473 1242 3541 Contra
1264 3473 1665 3560 Lugdunum
1712 3472 1848 3539 dux
1874 3475 2222 3542 Nanorsus

258 3560 434 3627 nihil
491 3561 622 3624 iam
684 3560 751 3624 vi
809 3569 876 3625 et
931 3560 1132 3625 armis
1177 3568 1405 3639 tentat,
1451 3561 1605 3644 quia
1645 3570 1862 3644 sperat
1905 3562 2220 3645 paulatim

260 3647 439 3712 fame
486 3653 553 3710 et
595 3666 818 3711 rerum
853 3646 1146 3711 omnium
1179 3645 1456 3729 penuria
1498 3646 1863 3712 confectum
1896 3647 1999 3714 iri.
2043 3648 2220 3713 Baro

263 3732 646 3809 Adressius,
668 3735 724 3806 ⁴)
780 3731 895 3814 qui
951 3732 1229 3798 antehac
1272 3739 1536 3799 strenue
1586 3753 1657 3797 se
1700 3733 1921 3817 gessit,
1965 3733 2222 3799 illectus

263 3820 410 3883 eius
456 3816 793 3882 blanditiis
849 3838 995 3882 eum
1055 3819 1458 3901 praefectum
1501 3816 1871 3898 admiserat,
1930 3818 2044 3885 sed
2087 3819 2220 3884 vic-

264 3912 373 3969 tus
445 3902 798 3968 nobilium*
834 3912 900 3969 et
964 3903 1307 3974 civitatum
1373 3923 1698 3969 consensu
1764 3903 2035 3969 destitit.
2145 3903 2222 3971 Si

261 3989 552 4067 Vienna,
588 3988 760 4071 quod
800 4009 1154 4072 speramus,
1200 3988 1387 4057 brevi
1427 3997 1808 4072 recuperata
1849 3991 2062 4070 fuerit,
2098 3990 2225 4056 lar-

264 4096 420 4159 gam
469 4095 802 4140 annonam
843 4076 1283 4159 suppeditabit
1323 4075 1504 4160 regio
1545 4075 1814 4160 linguae
1848 4074 2221 4154 Occitanae,

265 4181 437 4243 quae
486 4162 701 4226 tritico
745 4171 810 4226 et
851 4165 1009 4227 vino
1050 4164 1337 4227 maxime
1379 4160 1571 4227 hodie
1616 4160 1921 4228 abundat.
1973 4163 2225 4228 Turma

269 4248 588 4330 equitum,
649 4266 813 4329 quae
870 4267 909 4311 a
952 4246 1262 4331 Principe
1306 4246 1570 4313 dimissa
1614 4247 2019 4332 Lugdunum
2078 4256 2222 4313 ten-

267 4330 487 4410 debat,
564 4334 931 4415 intercepta
993 4332 1136 4399 fuit.
1226 4334 1331 4400 De
1396 4333 1658 4399 Barone
1721 4334 2029 4400 Adressio
2090 4334 2221 4399 iam

266 4416 437 4483 bene
495 4438 852 4501 speramus,
919 4428 986 4483 et
1039 4419 1365 4502 pollicitus
1425 4425 1528 4485 est
1583 4441 1653 4485 se
1695 4419 1883 4485 bonis
1937 4429 2004 4485 et
2045 4418 2224 4485 sanis

267 4501 560 4570 consiliis
615 4502 1078 4587 obsequentem
1122 4506 1278 4570 fore.
1366 4503 1565 4570 Certe
1607 4525 1741 4570 non
1780 4503 2055 4588 perfidia
2110 4503 2222 4571 sed

269 4833 516 4883 emeras
549 4827 715 4883 huius
747 4829 950 4884 mensis
983 4828 1255 4899 ορὲείοῐαε.
1312 4828 1488 4894 (Hist.
1523 4829 1647 4888 eccl.
1683 4828 1754 4884 11.
1790 4828 1889 4883 197
1925 4844 1997 4885 σε.
2057 4826 2225 4885 Min.

268 4896 337 4951 de
376 4894 563 4952 Cende
593 4897 695 4951 lv.
731 4894 836 4950 144
869 4901 972 4962 σε.)
1096 4967 1108 4980 ·
1490 4968 1503 4981 ι

477 4963 543 5102 {3
569 4964 730 5090 &iacti-
757 4964 879 5091 clegi.
912 4964 1166 5119 ἷίῐὶῖιξζῖῗὲι
1179 4964 1314 5090 NLe
1359 4966 1762 5090 lgdlngrince
1794 5036 1916 5118 vint
1947 5051 2015 5089 au
2050 5036 2225 5105 bom-g

272 5101 341 5156 de
379 5103 433 5157 S.
470 5103 685 5158 Arnon]
717 5121 813 5157 sur
846 5105 898 5158 16
933 5103 1143 5158 chemin
1178 5104 1248 5158 de
1281 5103 1554 5159 Chartres.
1607 5105 1693 5160 On
1725 5123 1762 5175 y
1797 5120 1857 5159 se
1878 5121 2049 5159 ourna
2078 5104 2222 5158 deux

267 5172 438 5241 jcnrs.
509 5172 588 5227 Le
635 5170 703 5227 15
755 5173 808 5226 le
841 5173 1037 5228 Princo
1082 5189 1272 5243 campa
1315 5171 1350 5228 ὁ,
1380 5173 1522 5242 Ably
1568 5178 1625 5227 et
1662 5174 1729 5228 de
1762 5174 1819 5230 la
1873 5190 1903 5227 e
1940 5171 2005 5227 16
2037 5174 2157 5229 vint
2188 5174 2223 5228 a

274 5241 865 5380 dess‘fffflfflffl’
902 5242 1161 5310 Βοῶνα.)

1967 370 2128 431 1562
2163 365 2572 436 ΒΕΟΕΜΒ.

4140 374 4266 440 602

2318 575 2538 622 errore
2588 554 2923 639 stultaque
2979 554 3365 623 credulitate
3406 555 3630 641 lapsus
3671 562 3832 624 erat.
3920 556 3999 626 Si
4038 557 4267 628 Curso-

2313 641 2465 722 Ζὰς,
2486 637 2540 728 ⁸)
2583 661 2776 725 quem
2819 642 3217 725 praefectum
3263 652 3566 709 crearunt
3609 643 3872 728 linguae
3916 643 4269 713 Occitanae

2317 728 2532 808 urbes,
2588 728 2887 793 fraenum
2946 728 3117 795 serio
3174 728 3612 810 momorderit,
3672 737 3862 795 extra
3950 731 4268 798 ericulum

2318 819 2515 878 erunt
2568 811 3069 898 Lugdunenses.
3168 814 3421 881 Vereor
3471 837 3556 880 ne
3610 836 3823 883 comes
3946 816 4267 899 euovacus,

2317 899 2431 981 qui
2454 906 2606 964 ante
2627 907 2768 964 erat
2808 899 3155 967 cardinalis
3181 898 3688 982 castinionensis‚
3730 902 4005 969 nimium
4048 903 4269 970 lentus

2316 984 2408 1050 sit
2450 1005 2525 1051 ac
2568 1003 2687 1049 sua
2728 987 3140 1052 cunctatione
3184 1008 3333 1052 eum
3376 994 3684 1052 moretur.

2487 1067 2593 1135 De
2635 1070 2961 1154 legatione
3002 1072 3273 1137 'ruroioe
3348 1072 3524 1138 idem
3565 1071 3739 1157 quod
3803 1080 3877 1138 tu
3919 1072 4268 1156 scripserat

2321 1152 2634 1235 Salem-3,
2692 1155 2807 1221 sed
2862 1158 3175 1223 confictus
3231 1158 3358 1223 fuit
3410 1180 3652 1224 rumor.
3753 1158 3919 1224 Erat
3975 1158 4267 1227 Franco-

2315 1241 2535 1321 furti⁶)
2582 1241 2922 1308 familiaris
2963 1252 3185 1309 noster
3216 1243 3302 1309 D.
3340 1242 3629 1322 Passim,
3673 1244 3830 1310 olim
3872 1242 4266 1312 Neodunen·

2318 1326 2410 1392 sis
2465 1326 2823 1415 episcopus,
2883 1327 3141 1413 legatus
3195 1349 3235 1394 a
3276 1330 3569 1412 principe
3616 1328 3917 1396 szdensi
3973 1330 4056 1395 ad
4100 1329 4268 1398 Cae-

2317 1433 2533 1478 sarem
2576 1421 2645 1479 et
2685 1414 3046 1497 Principes.
3127 1412 3299 1495 Quia
3342 1436 3448 1481 me
3487 1437 3621 1480 non
3676 1416 4103 1482 admonuerat
4143 1437 4266 1501 pu-

2317 1498 2459 1565 tavi
2514 1520 2653 1564 rem
2721 1519 2863 1565 esse
2930 1521 3188 1567 vanam.
3277 1499 3412 1566 Sed
3470 1522 3646 1568 nunc
3703 1502 3847 1585 ipse
3904 1502 4162 1586 appulit
4203 1510 4270 1570 et

2320 1584 2665 1649 confirmat
2706 1585 2875 1650 nihil
2919 1606 3078 1650 esse.
3146 1582 3462 1651 Narravit
3507 1608 3700 1670 quam
3743 1588 4120 1654 humaniter
4154 1609 4268 1655 ex-

2319 1677 2548 1753 ceptus
2591 1671 2791 1735 fuerit
2833 1672 2914 1737 ab
2957 1672 3375 1754 Imperatore,
3433 1681 3744 1755 quantam
3788 1694 3946 1739 vero
3988 1672 4270 1740 benevo-

2318 1755 2593 1821 lentiam
2630 1756 2983 1821 ostenderit
3018 1756 3165 1822 Rex
3202 1758 3669 1836 Romanorum,
3707 1760 3817 1842 qui
3858 1758 4272 1825 familiariter

2320 1841 2497 1924 apud
2539 1842 2753 1925 ipsum
2809 1842 3071 1908 deflevit
3122 1841 3379 1909 Galliae
3422 1842 3930 1925 dissipationem,
3973 1865 4269 1929 praeser-

2321 1928 2442 1991 tim
2522 1929 2677 2011 quia
2753 1947 2956 2011 purae
3033 1929 3333 2011 religioni
3411 1929 3750 1996 interitum
3812 1931 4272 1997 machinentur

2321 2013 2564 2079 hostes.
2675 2011 2772 2078 De
2853 2021 3106 2079 mutata
3167 2014 3589 2080 iurisiurandi
3656 2015 3937 2082 formula
3991 2016 4272 2082 arbitror

2320 2099 2598 2164 formam
2642 2097 2725 2163 ad
2768 2119 2886 2164 vos
2931 2119 3073 2165 esse
3105 2099 3442 2184 perlatam.
3510 2100 3602 2167 Se
3645 2102 3816 2167 enim
3864 2100 4271 2168 defensorem

2320 2186 2460 2249 fore
2495 2184 2796 2267 promisit
2830 2205 2964 2250 non
2986 2185 3324 2252 Romanae
3360 2184 3475 2252 sed
3508 2187 3904 2253 christianae
3940 2186 4271 2268 ecclesiae,

2322 2280 2582 2337 sanctos
2604 2268 2840 2336 deinde
2875 2277 2945 2335 et
2977 2280 3234 2338 sanctas
3270 2274 3510 2351 omisit,
3545 2280 3890 2339 contentus
3926 2274 4119 2340 unius
4142 2274 4271 2340 Dei

2320 2357 2601 2422 nomine.
2712 2356 2794 2421 In
2873 2356 3144 2423 concilio
3207 2358 3593 2425 Tridentino
3668 2380 3864 2442 quam
3926 2379 4271 2444 personam

2322 2444 2532 2526 egerit
2590 2441 2940 2508 cardinalis
2985 2443 3406 2529 Lotharinyus
3470 2465 3553 2509 ex
3597 2445 3739 2510 eius
3783 2446 4079 2511 oratione
4121 2466 4273 2531 cog-

2322 2548 2566 2604 nosces.
2625 2529 2730 2595 cui
2785 2527 3021 2594 deinde
3076 2532 3397 2596 succinuit
3437 2530 3642 2615 Regis
3683 2530 3939 2614 legatus
3983 2532 4274 2599 famosus

2321 2620 2637 2696 apostata.
2723 2612 3117 2699 Quanquam
3159 2616 3468 2683 mendosa
3508 2623 3666 2683 sunt
3709 2617 4126 2702 exemplaria,
4175 2617 4273 2684 fa-

2322 2699 2445 2766 cile
2502 2706 2723 2764 tamen
2789 2700 3233 2784 deprehendes
3297 2722 3407 2767 eos
3467 2701 3659 2768 valde
3720 2702 4086 2787 perplexos,
4150 2724 4275 2770 nec

2322 2784 2523 2935 alilum
2576 2786 2826 2850 exitum
2880 2786 3195 2866 invenire,
3253 2787 3383 2853 nisi
3439 2795 3513 2852 ut
3555 2789 3626 2853 in
3673 2787 3896 2855 Gallia
3938 2788 4143 2855 libera
4186 2788 4277 2855 sit

2323 2891 2394 2937 re
2421 2894 2443 2936 1
2514 2891 2568 2935 o.

2446 2893 2784 3022 glRemitto
2842 2958 3262 3041 epistolarum
3306 2958 3707 3043 exemplaria
3749 2979 3909 3044 quas
3951 2959 4034 3026 ad
4076 2960 4273 3028 Polo·

2322 3064 2446 3109 nos
2499 3042 2914 3126 scripseram:
2973 3044 3126 3126 quia
3178 3043 3461 3113 secunda
3515 3046 3864 3128 responsio,
3924 3065 4054 3130 qua
4113 3046 4274 3115 satis

2322 3131 2580 3213 copiose
2637 3129 3082 3213 quaestionem
3125 3130 3565 3215 explicueram
3645 3130 3992 3212 intercidit,
4036 3132 4119 3199 ab
4159 3133 4276 3199 illa

2323 3234 2519 3281 causa
2576 3214 2919 3280 tractanda
2970 3215 3377 3300 supersedeo.
3465 3215 3778 3301 Suspicor
3818 3218 4031 3285 Bezae
4061 3217 4275 3305 negli-

2321 3300 2549 3385 gentia
2593 3300 2698 3367 vel
2740 3301 3064 3368 oblivione
3107 3303 3307 3369 fuisse
3348 3301 3691 3387 perditam.

2494 3387 2599 3453 De
2640 3394 2754 3453 tua
2808 3386 3182 3454 valetudine
3226 3388 3476 3472 aliquid
3516 3387 3752 3455 laetius
3795 3390 4020 3457 audire
4062 3392 4273 3474 cupio.

2322 3473 2508 3538 Deus
2563 3494 2670 3538 me
2723 3474 3141 3557 compedibus
3194 3474 3474 3558 ligatum
3525 3480 3722 3540 tenet.
3753 3478 3811 3552 ⁷)
3910 3476 4276 3543 Cessat-unt

2322 3558 2583 3642 quidem
2627 3559 2804 3624 acuti
2847 3558 3119 3640 dolores,
3166 3560 3280 3627 sed
3316 3580 3510 3646 aegre
3550 3581 3672 3645 per
3713 3561 4080 3628 cubiculum
4124 3583 4273 3647 rep-

2321 3643 2523 3711 tando
2568 3666 2608 3711 a
2645 3644 2811 3710 lecto
2844 3653 3105 3711 transeo
3147 3645 3230 3711 ad
3270 3667 3581 3713 mensam.
3639 3645 3858 3713 Hodie
3899 3648 4272 3715 concionem

2322 3729 2544 3811 habui,
2609 3729 2725 3796 sed
2788 3731 2862 3795 in
2928 3731 3247 3816 templum
3305 3731 3580 3798 delatus.
3667 3731 3855 3810 Vale,
3914 3733 4273 3800 clarissime

2321 3819 2429 3882 vir
2488 3825 2556 3881 et
2607 3819 2813 3883 frater
2867 3836 2950 3881 ex
3008 3819 3225 3884 animo
3278 3817 3562 3884 colende.
3650 3817 3936 3884 Multam
3990 3818 4273 3886 salutem

2322 3923 2554 3987 precor
2611 3904 2994 3989 symmystis
3046 3911 3113 3969 et
3168 3904 3499 3971 fratribus.
3589 3902 3904 3970 Salutant
3961 3913 4026 3971 te
4077 3904 4272 3971 colle-

2298 4001 2448 4073 'gae
2505 3988 2637 4054 mei
2695 3996 2762 4054 et
2815 3989 3009 4056 amici
3065 4011 3320 4057 omnes:
3380 3990 3555 4056 inter
3612 3989 3775 4056 alios
3831 3990 4042 4058 scriba
4082 3991 4272 4059 cuius

2323 4094 2594 4139 manum
2638 4074 2953 4158 agnoscis,
2979 4076 3030 4155 ⁸)
3116 4076 3444 4141 Dominus
3487 4083 3555 4141 te
3598 4074 3714 4140 diu
3758 4083 3978 4143 servet
4017 4077 4270 4143 incolu-

2324 4181 2518 4238 mem,
2575 4159 2824 4225 virtute
2889 4161 3213 4226 sustineat
3279 4161 3663 4245 laboresque
3707 4171 3853 4230 tuos
3907 4162 4143 4229 benedi
4180 4171 4268 4229 at.

2325 4245 2642 4311 Genevae
2686 4250 2785 4311 27.
2831 4247 3139 4314 Decemb.
3186 4249 3431 4334 1563.⁹)

2497 4329 2690 4412 Quod
2745 4331 3013 4415 optabas
3071 4353 3179 4399 me
3220 4354 3369 4400 cum
3413 4333 3679 4400 Brentio
3730 4332 4061 4419 congredi,
4105 4333 4273 4401 mihi

2325 4415 2453 4483 hoc
2491 4424 2784 4500 tempore
2825 4438 2957 4483 non
2997 4418 3170 4485 licet.
3256 4417 3442 4486 Adeo
3483 4425 3724 4504 urgent
3764 4418 3930 4487 aliae
3970 4418 4270 4487 lucubra-

2323 4503 2559 4569 tiones.
2668 4501 2745 4569 Si
2825 4504 3021 4586 paulo
3084 4505 3232 4587 plus
3297 4506 3414 4572 otii
3479 4505 3842 4590 contigerit,
3907 4506 4276 4589 plausibilis

2529 4827 2593 4896 ὃ)
2629 4828 2781 4884 Dans
2831 4827 3167 4883 l'assemblee
3222 4828 3474 4911 generale
3532 4830 3629 4886 des
3681 4830 3825 4886 etsta
3871 4830 3906 4887 ὁ,
3951 4831 4137 4888 Nimes
4188 4832 4271 4886 les

2324 4900 2662 4966 protestante
2714 4897 2792 4951 du
2834 4897 2949 4951 Lan
3026 4898 3160 4953 edoc
3211 4898 3422 4954 elui-ent
3466 4901 3598 4955 Ant.
3649 4900 3720 4955 de
3767 4900 3991 4957 Orussol
4024 4900 4151 4957 chef
4194 4900 4269 4954 dn

2322 4966 2472 5035 parti
2502 4965 2667 5034 (Nov.
2698 4963 2921 5035 2-11.)
3020 4965 3197 5022 e'nard
3229 4967 3352 5022 hist.
3386 4967 3454 5022 do
3485 4966 3672 5025 mma
3705 4970 3798 5028 IV.
3831 4969 3951 5027 342.

2529 5033 2563 5157 ξ
2618 5034 2687 5154 INV.
2716 5033 2875 5158 ἓξὲξ.
2906 5034 3060 5090 3885.
3105 5035 3255 5090 Ηίει.
3292 5034 3414 5092 eccl.
3449 5038 3522 5092 11.
3559 5037 3662 5094 155
3694 5054 3767 5095 ss.

2527 5169 2589 5240 8)
2621 5173 2955 5228 Ionvillaeus
2987 5173 3223 5243 scriptor
3253 5181 3390 5229 erat.

2527 5240 2590 5303 9)
2626 5241 2750 5298 Ηοο
2791 5241 2993 5310 fraudi
3027 5242 3142 5311 fuit
3177 5241 3407 5299 sembra
3536 5245 3549 5258 ’
3590 5245 3870 5313 ορόεῑοῑωι
3922 5258 3988 5298 eae
4022 5246 4269 5314 computo

2323 5324 2425 5367 cuo
2456 5314 2691 5381 tenpore
2720 5313 2926 5370 mato
2952 5310 3030 5368 ad
3061 5309 3288 5368 α.1563
3321 5260 3546 5369 rmff
3595 5365 3602 5370 .
