4850 6117
328 442 461 507 241

332 632 578 698 misero
620 629 719 695 illi
762 633 979 699 nescio
1023 630 1177 713 quid
1223 629 1303 697 de
1346 650 1423 697 eo
1464 633 1841 715 suggerant.
1875 628 1957 712 ¹⁶²)
2044 627 2288 712 Apolo-

392 720 408 733 '
511 720 594 794 ¹⁸)
662 716 742 782 de
805 717 1040 802 quibus
1104 716 1422 800 scripsisti
1485 715 1914 782 vehementer
1978 712 2291 781 desidero.

334 739 486 871 ᾖ
523 802 657 869 illis
701 804 832 869 frui
879 824 1014 869 non
1059 809 1302 886 potero,
1348 803 1403 868 si
1448 802 1639 868 nobis
1680 802 1877 866 fuerit
1910 801 1978 865 in
2018 800 2293 883 Aquita-

336 890 593 955 taniam
639 889 1055 956 currendum.
1125 890 1328 954 Eram
1365 893 1434 952 et
1467 888 1604 971 ipse
1641 884 1885 970 aliquid
1929 885 2293 971 scripturus

337 977 402 1042 si
462 975 564 1041 vel
622 976 965 1042 minimum
1027 976 1144 1041 otii
1201 981 1434 1040 nactus
1477 993 1705 1039 essem.
1794 973 1964 1039 Mihi
2008 991 2292 1038 commo·

337 1061 687 1128 dissimum
751 1060 1012 1128 videtur
1068 1070 1142 1126 ut
1183 1061 1243 1126 ei
1287 1069 1651 1144 opponatur
1697 1057 2035 1140 Crispinus
2078 1058 2294 1142 potius

384 1167 540 1214 uam
586 1146 754 1214 alius
810 1148 1152 1232 quispiam.
1181 1150 1268 1223 ¹⁴)
1357 1146 1553 1212 Mitto
1597 1153 1810 1210 autem
1857 1143 1939 1209 ad
1983 1150 2048 1209 te
2091 1142 2291 1227 quod-

389 1253 496 1298 am
539 1233 647 1298 his
691 1232 772 1299 de
815 1234 1010 1299 rebus
1055 1232 1393 1298 Hotomani
1437 1232 1751 1315 scriptum
1788 1229 1958 1314 quod
1997 1227 2293 1313 Oris-pino

335 1319 568 1385 licebit
611 1319 781 1385 bona
822 1319 997 1385 illius
1040 1338 1199 1401 pace
1234 1318 1361 1384 sibi
1395 1316 1744 1383 vindicare.
1821 1317 2112 1381 Tantum
2146 1336 2292 1380 mu-

338 1404 545 1472 tanda
600 1413 770 1472 esset
822 1406 1155 1490 praefatio,
1215 1412 1280 1469 et
1331 1402 1680 1470 inserenda
1724 1401 2056 1481 nonnulla,
2125 1421 2293 1485 quae

341 1491 727 1576 depromere
770 1493 1008 1575 poterit
1062 1512 1143 1556 ex
1202 1488 1706 1557 Commentariis
1751 1490 1888 1555 sive
1932 1486 2290 1567 Memorii3‚

338 1584 427 1642 ut
486 1585 745 1655 vocant,
823 1597 984 1660 quas
1061 1598 1196 1642 una
1257 1575 1341 1642 ad
1404 1583 1468 1641 te
1532 1576 1741 1640 mitto.
1851 1572 2293 1659 Adiungenda

339 1664 547 1728 etiam
610 1664 737 1729 erit
789 1663 1090 1729 Duarem‘
1115 1665 1200 1746 ¹³)
1260 1661 1533 1747 epistola
1589 1668 1656 1726 et
1717 1659 1925 1730 Gontii
1946 1659 2027 1746 ¹⁶)
2093 1679 2290 1745 quae-

340 1748 518 1828 dam,
564 1770 730 1833 quae
773 1749 971 1815 simul
1015 1748 1306 1832 accipies.
1385 1748 1572 1815 Uxor
1613 1746 1870 1813 utinam
1914 1746 2063 1813 istic
2107 1765 2291 1811 man-

342 1836 565 1901 sisset.
590 1836 676 1917 1“’)
776 1835 1050 1902 Utinam
1116 1838 1313 1901 etiam
1378 1841 1633 1918 patrem
1699 1833 1985 1899 invisere
2046 1831 2289 1898 liceret.

340 1919 485 1985 Sed
563 1922 723 1988 haec
797 1925 1181 2004 caeteraque
1243 1922 1459 1986 omnia
1524 1926 1678 1985 sunt
1741 1919 1815 1983 in
1880 1917 2007 1982 Dei
2069 1938 2287 1983 manu.

344 2007 791 2074 Normandius
832 2027 969 2073 una
1011 2027 1157 2073 cum
1203 2007 1348 2073 aliis
1389 2005 1618 2071 multis
1661 2004 1770 2071 hic
1804 2001 2140 2071 nobiscum
2176 2024 2290 2068 ex-

337 2100 596 2175 spectat
651 2093 887 2159 horum
933 2094 1345 2160 comitiorum
1389 2093 1660 2158 exitum.
1747 2090 1935 2157 Bene
1977 2090 2143 2169 vale,
2198 2088 2291 2154 mi

336 2189 550 2262 pater.
630 2180 956 2246 Dominus
993 2178 1179 2245 Iesus
1223 2187 1288 2246 te
1333 2183 1553 2245 servet
1585 2197 1718 2243 una
1761 2197 1909 2242 cum
1954 2176 2182 2241 amicis
2225 2181 2292 2242 et

334 2264 609 2416 collegis
654 2265 972 2344 omnibus,
1017 2285 1178 2349 quos
1219 2286 1446 2332 omnes
1489 2262 1688 2330 velim
1733 2271 1807 2328 ut
1848 2283 1992 2327 meo
2027 2261 2291 2327 nomine

334 2370 417 2416 sa
443 2359 608 2417 ntes.

521 2436 863 2517 Mon-sicar,
910 2439 978 2520 je
1034 2457 1190 2503 vous
1236 2438 1385 2520 prie
1437 2441 1872 2503 nommeement
1925 2435 2000 2501 de
2053 2433 2292 2499 vouloir

324 2529 656 2605 praem
694 2543 824 2590 mes
857 2521 1257 2590 treshumbles
1290 2522 1888 2590 recommandations
1922 2543 1965 2587 a
1997 2520 2067 2586 la
2099 2517 2293 2586 bonne

330 2628 527 2692 yrace
566 2610 644 2674 de
684 2630 801 2675 naz
840 2608 1226 2675 ueshonorez
1263 2607 1616 2693 Seiqneura
1667 2608 1928 2690 lesquezs
1950 2606 2021 2688 je
2051 2626 2129 2671 ne
2161 2627 2293 2672 ver·

334 2695 449 2759 rai
506 2696 745 2761 iamais
799 2696 860 2760 si
915 2701 1029 2762 test
1087 2716 1205 2778 que
1258 2696 1317 2761 le
1370 2696 1577 2762 desire
1617 2694 1693 2760 de
1734 2699 1859 2759 tout
1899 2712 2040 2759 mon
2084 2710 2286 2758 cucur.

515 2781 623 2846 Ex
669 2779 1123 2864 Sangermano
1168 2784 1252 2865 vj.
1291 2781 1600 2850 Ianuarii.

1695 2917 1894 3014 Tuus·
1920 2916 2115 2981 Beza.

518 3106 844 3174 Merccrus
886 3106 1138 3172 tardius
1181 3105 1531 3191 respondet
1572 3126 1766 3189 quam
1812 3103 2066 3171 vellem.

520 3193 849 3260 monsieur
890 3194 967 3258 de
1009 3192 1172 3258 Bria
1213 3197 1339 3257 m’a
1379 3193 1455 3258 de
1486 3191 1972 3274 rechcfadvcrty
2004 3191 2168 3255 deux
2207 3209 2288 3255 ou

336 3282 513 3360 troys
552 3280 692 3362 foys
732 3301 850 3363 que
890 3298 1042 3345 vous
1071 3281 1332 3360 prouisa
1412 3277 1566 3345 arde
1606 3297 1651 3343 a
1692 3297 1756 3343 ce
1786 3276 2006 3355 soldat,
2042 3276 2288 3341 nomme

338 3361 644 3431 Ferrand
695 3365 844 3431 dont
895 3364 947 3430 il
1000 3385 1155 3431 vous
1209 3386 1251 3430 a
1306 3299 1612 3448 atqvertys,
1656 3368 1715 3430 et
1751 3382 1795 3427 a
1835 3363 1902 3428 la
1939 3362 2136 3446 yarde
2175 3361 2288 3427 des

325 3455 568 3529 portes,
612 3470 728 3515 sur
768 3456 894 3516 tout
934 3451 1172 3516 durant
1203 3451 1292 3515 les
1322 3470 1601 3515 sermons
1633 3454 1689 3514 ct
1728 3448 1870 3514 n'en
1894 3449 2082 3530 parte
2104 3453 2289 3530 point

329 3555 473 3618 par
513 3555 718 3602 cucur.
767 3536 896 3603 Gar
937 3537 1881 3620 ilasseureavoirouyetveu
1922 3534 2288 3619 luymcsmes

339 3620 423 3687 de
465 3624 631 3703 quoi.
715 3622 818 3687 'ru
857 3643 977 3707 pro
1020 3630 1136 3687 tua
1176 3620 1528 3707 prudentia
1569 3619 1650 3686 de
1691 3619 1838 3686 istis
1881 3619 2200 3703 dispicies.

521 3709 848 3790 (loquacius
905 3707 1118 3775 adhuc
1162 3709 1269 3775 hic
1313 3708 1560 3774 haeret.
1648 3704 1782 3773 Sed
1825 3709 2004 3773 intra
2046 3725 2287 3789 paucos

338 3791 487 3857 dies
511 3792 910 3943 bdimittetur
957 3805 1023 3858 et
1081 3792 1342 3878 quidem
1397 3793 1600 3870 bonis,
1667 3800 1743 3857 ut
1793 3812 2000 3875 spero,
2065 3790 2287 3859 condi-

338 3879 510 3942 tioni
558 3899 653 3945 us.

521 4117 587 4171 12
645 4117 736 4173 De
767 4121 824 4174 la
854 4119 1020 4177 Place
1050 4136 1104 4188 ρ.
1135 4118 1261 4172 193.-
1296 4119 1344 4172 11
1380 4122 1530 4175 avoit
1555 4119 1749 4174 'souffle'
1785 4134 1893 4174 aux
1927 4119 2180 4173 aureillee
2214 4119 2288 4173 du

340 4202 444 4256 roy
479 4186 547 4240 de
637 4204 827 4242 avari-e
875 4187 1005 4257 qu'il
1052 4188 1201 4243 avoit
1250 4188 1444 4242 trouve'
1496 4206 1571 4242 un
1619 4186 1728 4243 bon
1775 4205 1968 4259 moyen
2015 4205 2153 4258 pour
2207 4204 2290 4241 re-

340 4271 577 4310 couvi-er
635 4273 732 4311 son
787 4273 1057 4327 royaume,
1111 4255 1433 4327 produisant
1483 4257 1580 4310 des
1630 4273 1693 4312 co
1734 4259 1851 4327 pies
1903 4256 1972 4311 de
2025 4257 2287 4326 quelques

340 4325 558 4378 vieilles
591 4326 836 4379 chartres
870 4342 971 4393 par
1016 4326 1307 4395 lesquelles
1342 4326 1381 4380 il
1427 4326 1612 4381 l’avoit
1643 4340 1748 4380 mis
1795 4341 1862 4380 en
1909 4326 2035 4379 bien
2080 4325 2287 4396 grande

341 4410 638 4528 mallii?
673 4395 862 4449 dadi&
895 4402 1450 4532 ιΓ060,(2ῙῖΘΙίεεροιιειοωΘΜ..
1410 4467 1419 4477 ’
1451 4480 1570 4519 nem
1604 4464 1681 4519 ad
1715 4463 2073 4518 Balduinm

522 4529 612 4600 14)
707 4571 721 4586 .
755 4481 997 4589 {ivliiissfw⁸

338 4670 377 4722 d
452 4599 889 4724 Frlbgassuareni
926 4601 1028 4656 1.c.
1055 4600 1123 4654 ad
1158 4601 1387 4654 alterum
1425 4600 1692 4669 quendam
1717 4600 2160 4655 Iurisconsultnm
2185 4600 2284 4671 Ep.

380 4685 412 4722 e
528 4709 541 4720 .
716 4686 862 4725 uino.
1116 4705 1125 4712 -

520 4737 612 4807 16)
645 4741 774 4794 Ant.
810 4740 990 4794 Contii
1020 4738 1132 4807 (Le
1171 4738 1336 4793 Gonte
1365 4739 1513 4807 prat.
1537 4738 1802 4807 Binaria.)
1834 4738 1938 4793 Lc.
1974 4739 2288 4793 Admonitio

336 4807 412 4863 de
450 4807 598 4862 falsis
632 4809 971 4863 Constantini
1017 4807 1227 4878 legibus
1259 4807 1331 4861 ad
1367 4807 1637 4878 quendam
1672 4809 1766 4876 qni
1810 4823 1869 4860 se
1905 4808 2008 4862 hoc
2040 4815 2290 4877 tempore

334 4876 447 4932 1.c.
487 4876 842 4931 christianum
876 4878 1182 4947 profitetur.

520 4944 610 5012 17)
648 4944 713 4999 Ν.
748 4943 885 5000 3679
920 4946 1020 5001 ubi
1051 4945 1212 5001 ctiam
1249 4944 1315 4999 de
1354 4944 1702 5001 Normandio
1735 4951 1784 4999 ee
1824 4944 2084 5001 Mercero.

1120 5223 1528 5235 -ι--ῄ--ι

554 5461 773 5515 Caluini
805 5475 991 5529 opera.
1071 5461 1182 5516 Vol.
1220 5458 1388 5514 xlx.

2047 441 2207 507 1562
2254 437 2628 507 IANUAR.

4216 448 4344 509 242

3270 626 3466 699 8⁶8⁹.

2847 799 2969 864 BL
2980 799 3410 869 AURERUS
3457 800 3882 869 GALVINO.

2574 971 2777 1055 Quum
2854 973 3093 1039 dudum
3155 972 3319 1038 nihil
3389 973 3467 1039 ab
3530 993 3597 1039 eo
3658 972 3978 1039 literam

2393 1057 2610 1124 recitat
2650 1077 2957 1140 quasnam
2999 1059 3135 1142 ipse
3201 1079 3399 1142 nuper
3441 1057 3710 1142 scripsit,
3769 1064 3901 1125 tum
3941 1065 4120 1144 νομαί
4157 1066 4230 1127 ut
4263 1061 4342 1128 de

2400 1143 2655 1209 Galliae
2730 1148 2898 1211 statu
2973 1147 3195 1210 certior
3264 1144 3413 1225 fiat,
3496 1148 3722 1210 narrat
3804 1144 4339 1232 Quinqusspssffiwss

2400 1229 2767 1295 Tridentum
2809 1229 3056 1295 misisse
3098 1248 3247 1296 suos
3288 1229 3583 1315 theoloyos
3625 1235 3682 1295 et
3722 1230 3876 1312 quid
3933 1230 4224 1299 Zanclms
4265 1234 4339 1299 in

2401 1314 2747 1382 Germania
2809 1317 3000 1401 θρα-ἐι
3058 1315 3306 1398 frustra
3369 1317 3754 1382 concordiam
3815 1316 4089 1384 thesibus
4152 1319 4338 1385 editis

2393 1407 2752 1467 restaurare
2793 1406 3063 1468 conatus.

2683 1590 2789 1659 (Ex
2830 1590 3163 1660 autographo
3198 1589 3330 1645 Ood.
3369 1590 3568 1645 Genev.
3606 1589 3724 1657 110,
3757 1591 3847 1645 tol.
3891 1590 4030 1660 152.)

2566 1761 3141 1828 Praestantissimo
3184 1762 3423 1846 pietate
3462 1761 3884 1845 doctrinaque
3921 1764 4066 1830 viro
4108 1763 4193 1830 D.
4230 1766 4341 1832 Io-

2393 1848 2613 1947 hanni·
2646 1847 2937 1928 Calvina,
2983 1848 3173 1914 fratri
3216 1868 3335 1914 suo
3388 1856 3527 1913 tam
3583 1846 3848 1915 colendo
3901 1870 4098 1933 quam
4137 1852 4336 1938 long-e

2392 1953 2746 2001 canssimo.

3821 2019 4148 2088 Genevae.

2563 2190 2631 2258 S.
2679 2192 2747 2256 in
2794 2191 3000 2258 solida
3043 2191 3253 2257 salute
3296 2198 3524 2257 nostro
3585 2189 3862 2272 Christo,
3932 2195 4045 2276 qui
4088 2194 4204 2260 tibi
4249 2216 4334 2261 ex

2389 2276 2587 2362 pleno
2677 2278 2841 2344 ratia
2885 2287 2952 2344 et
2992 2280 3268 2344 veritate
3321 2276 3746 2360 cornucopiae
3789 2299 3907 2345 suo
3951 2299 4177 2346 omnes
4219 2280 4335 2346 bo-

2392 2385 2513 2429 nas
2569 2363 2634 2429 fe
2666 2363 2911 2430 ‘citates
2968 2363 3345 2448 longissime
3401 2374 3843 2448 perpetuoque
3905 2363 4170 2444 fundat,
4238 2366 4334 2431 mi

2390 2450 2683 2515 omnium
2727 2449 2921 2534 longe
2965 2449 3131 2514 mihi
3184 2448 3633 2515 colendissimo
3689 2450 4147 2535 carissimeque
4195 2449 4335 2517 cal-

2390 2535 2551 2615 cina,
2593 2536 2893 2601 omnibus
2938 2535 3139 2600 animi
3183 2534 3317 2602 mei
3359 2535 3528 2601 votis
3574 2535 3692 2601 tibi
3733 2543 3905 2620 opto,
3948 2557 4032 2601 ne
4074 2545 4334 2621 praeter

2393 2622 2593 2706 vulgo
2631 2628 2960 2771 receptum
2996 2642 3242 2686 morem
3282 2622 3437 2708 anni
3473 2620 3672 2687 huius
3706 2622 3897 2687 initio
3931 2643 4065 2688 non
4099 2624 4331 2689 faustis

2393 2707 2778 2772 ominationi
2823 2728 2903 2772 us
2947 2714 3012 2771 te
3048 2706 3344 2772 salutem.
3403 2704 3651 2790 Scripsi
3697 2706 3780 2772 ad
3823 2718 3890 2773 te
3925 2707 4179 2790 pridem
4213 2730 4335 2795 per

2394 2801 2689 2858 nostrum
2755 2792 3060 2858 Linerum
3122 2792 3234 2876 qui
3287 2791 3545 2859 rediens
3608 2793 3828 2859 nullas
3882 2803 4031 2860 tuas
4089 2794 4333 2861 attulit.

2391 2876 2652 2944 Deinde
2714 2878 2782 2943 xi
2834 2878 3176 2945 Decembr.
3230 2898 3351 2963 pro
3377 2878 3729 2944 *Ioachimo
3775 2878 4035 2945 Her-tero
4061 2879 4113 2965 ¹)
4156 2901 4332 2947 com-

2392 2964 2809 3030 mendatitias
2844 2963 2927 3030 ad
2961 2972 3028 3031 te
3063 2962 3315 3043 dabam,
3350 2964 3750 3031 mentionem
3785 2964 4031 3032 faciens
4065 2974 4333 3033 tuorum

2390 3051 2464 3116 in
2530 3050 2878 3116 Danielem
2943 3051 3579 3130 commentariorum,
3659 3072 3818 3134 quos
3884 3051 4189 3120 Limum
4253 3060 4333 3119 ut

2388 3159 2567 3204 nunc
2609 3136 2770 3202 mihi
2816 3136 3047 3202 afferat
3089 3134 3280 3202 valde
3323 3157 3521 3220 quam
3564 3137 3801 3204 obnixe
3844 3137 4094 3223 rogavi,
4130 3138 4330 3205 simul

2388 3224 2588 3288 etiam
2646 3224 2702 3289 si
2759 3222 2914 3307 quid
2970 3223 3135 3289 forte
3190 3234 3531 3308 praeterea
3585 3232 3699 3289 tua
3755 3223 3941 3290 nobis
3998 3224 4333 3292 fructuosa

2387 3307 2787 3376 foecunditas
2830 3307 3096 3374 interim
3141 3309 3408 3393 peperit.

2559 3395 2666 3461 De
2708 3394 2967 3461 Galliae
3009 3395 3203 3462 rebus
3246 3416 3287 3460 a
3326 3394 3410 3460 D.
3460 3394 3778 3480 Martyris
3819 3395 4034 3462 reditu
4078 3417 4161 3462 ne
4205 3418 4329 3481 gry

2387 3480 2648 3567 quidem
2693 3481 3078 3564 accepimus.
3166 3480 3303 3546 Fac
3358 3480 3560 3566 igitur
3612 3481 3846 3565 ecquid
3887 3481 4069 3548 Besa
4107 3490 4331 3548 noster

2385 3574 2790 3651 promoveat,
2829 3566 3058 3649 quisve
3094 3568 3179 3631 sit
3211 3565 3346 3632 illic
3379 3566 3704 3652 evangelii
3741 3566 3991 3635 Christi
4026 3586 4328 3652 progres-

2385 3674 2519 3730 sus,
2578 3674 2773 3736 quam
2815 3652 3101 3736 primum
3146 3654 3589 3720 resciscamus.
3680 3653 3856 3720 Mire
3897 3674 4177 3737 namque
4219 3654 4328 3720 hic

2385 3740 2653 3805 variant
2696 3738 2929 3804 incerti
2971 3736 3082 3805 isti
3127 3738 3299 3804 ultro
3365 3740 3653 3823 citroque
3696 3740 3967 3807 iactitati
4010 3759 4324 3818 rumores,

2389 3823 2546 3890 dnm
2613 3824 2861 3908 singuli
2923 3823 3090 3907 quod
3155 3846 3392 3891 verum
3449 3845 3591 3893 esse
3647 3827 3919 3909 cupiunt
3972 3846 4090 3908 pro
4148 3835 4325 3892 certo

2388 3912 2722 3977 affirmant
2764 3921 2956 3993 atque
3000 3909 3361 3996 divulgant,
3405 3921 3484 3977 ut
3513 3913 3586 3977 in
3618 3918 3806 3977 tanta
3836 3911 4325 3978 mendaciorum

2388 3996 2653 4061 licentia
2696 3996 2919 4061 malim
2967 3994 3046 4062 de
3088 3997 3169 4062 iis
3214 3997 3383 4063 nihil
3426 4019 3621 4081 quam
3664 3997 3917 4062 incerta
3957 3994 4242 4064 credere.

2559 4081 3085 4167 Quinquepagici
3128 4084 3332 4150 nostri
3398 4104 3549 4150 cum
3594 4080 4017 4148 Soloduranis
4072 4089 4140 4148 et
4175 4081 4327 4147 Fri—

2387 4167 2823 4253 burgensibus
2874 4168 3213 4254 theologos
3265 4189 3417 4235 suos
3458 4189 3619 4252 quos
3662 4166 3903 4232 multos
3945 4176 4011 4233 et
4054 4168 4332 4234 eximios

2388 4253 2638 4320 habent
2679 4252 2946 4335 scilicet,
2992 4253 3380 4321 Tridentum
3398 4256 3455 4332 2)
3491 4253 3780 4335 mittunt,
3815 4260 4224 4321 sacrosancto
4258 4274 4329 4319 se

2388 4546 2574 4601 8080.
2593 4545 2650 4608 1)
2698 4545 2832 4601 Vide
2868 4546 2943 4602 N.
2979 4545 3132 4601 3641.

2595 4614 2656 4683 2)
2691 4614 2990 4670 Concilium
3037 4616 3090 4669 d.
3131 4615 3211 4669 15.
3249 4613 3376 4669 lan.
3417 4611 3551 4667 1562
3594 4627 3633 4667 a
3670 4611 3773 4667 Pio
3810 4613 3919 4668 IV.
3960 4614 4335 4673 instauratum

2385 4685 2518 4751 fuit.
2575 4681 2797 4740 Buchat
2817 4682 3058 4739 v1.477.·
3093 4684 3366 4752 L’e'chue
3400 4683 3469 4736 de
3492 4680 3670 4748 Come,
3705 4682 3852 4751 legat
3884 4682 3959 4735 du
3991 4699 4151 4753 pape,
4185 4686 4340 4740 avoit

2391 4754 2598 4808 obtenu
2645 4753 2742 4807 des
2786 4759 3014 4808 cantone
3063 4752 3395 4817 catholiques
3443 4750 3602 4820 qu’ils
3648 4751 4068 4807 ordonneroient
4108 4752 4144 4806 a
4187 4755 4334 4809 leurs

2429 4821 2597 4876 relate
2631 4821 2701 4874 de
2735 4822 2935 4876 choisir
2969 4840 3041 4876 nn
3060 4822 3269 4876 d'entre
3304 4835 3409 4874 eux
3435 4836 3576 4890 pour
3600 4820 3738 4875 aller
3770 4837 3839 4874 au
3861 4822 4067 4876 concile
4099 4839 4170 4877 au
4205 4839 4336 4878 nom

2390 4840 2462 4944 ge
2496 4897 2635 4944 tons.
2706 4890 2946 4955 ceux-ci,
2981 4890 3162 4944 reunia
3197 4891 3250 4943 le
3283 4887 3332 4943 6.
3374 4889 3603 4943 Janvier
3636 4887 3830 4959 aWJL
3866 4905 3936 4943 ne
4007 4895 4172 4943 urent
4203 4891 4334 4945 s’ac-

2391 4958 2603 5014 corder.
2685 4958 3000 5013 Assembles
3049 4959 3120 5015 de
3171 4974 3418 5013 nouveau
3470 4958 3504 5011 a
3554 4957 3960 5040 Rapperschwy
4040 4960 4092 5012 le
4142 4957 4211 5011 2⁷
4262 4960 4332 5012 ils

2392 5028 2688 5081 choisirent
2720 5028 2898 5083 Ioach.
2934 5028 3214 5086 Eichhorn
3261 5029 3402 5082 abbe
3436 5026 3821 5094 d’Einsiedlen‚
3869 5038 3929 5080 et
3960 5027 4036 5081 lui
4070 5028 4330 5096 ad‘oigni·

2393 5100 2519 5149 rent
2555 5095 2622 5149 ’10
2673 5096 2975 5151 chancelier
3020 5098 3090 5152 de
3137 5096 3190 5152 S.
3235 5095 3371 5151 Gall.
3444 5098 3546 5152 Cea
3596 5104 3822 5151 cantens
3872 5111 4005 5151 avec
4045 5095 4140 5150 Fri
4210 5112 4331 5177 urg,

2394 5165 2619 5219 Soleure
2654 5168 2711 5218 et
2744 5165 2824 5217 les
2859 5166 3198 5235 catholiques
3231 5165 3300 5220 de
3323 5165 3500 5220 Glaris
3534 5167 3835 5236 promirent
3869 5182 3938 5219 au
3973 5180 4159 5236 nonce,
4192 5180 4332 5218 mais

2394 5233 2464 5286 dc
2499 5232 2708 5287 bouche
2753 5236 3068 5302 seulement,
3116 5234 3273 5305 qu'ils
3320 5234 3717 5305 accepteroient
3758 5238 3880 5290 tout
3926 5251 3985 5288 ce
4021 5233 4114 5302 qui
4160 5234 4336 5287 seroit

2395 5303 2585 5355 conclu
2629 5302 2764 5357 dans
2819 5306 2871 5358 lc
2918 5304 3126 5376 synode
3174 5312 3231 5357 et
3274 5305 3368 5375 qui
3419 5308 3665 5374 pourroit
3716 5304 3890 5358 servir
3925 5301 3958 5355 a
4000 5302 4052 5356 la
4097 5303 4225 5371 paix
4261 5303 4336 5356 de

2395 5371 2616 5440 l’Eglise
2650 5380 2708 5426 et
2742 5372 2775 5425 a
2806 5373 2992 5429 l’nuite
3026 5375 3095 5428 de
3130 5374 3183 5427 la
3216 5374 3309 5428 foi.
