4850 6117
653 412 779 476 255

826 596 897 667 S.
984 597 1135 663 Non
1178 617 1285 664 me
1349 595 1581 663 fefellit
1646 616 1763 661 exs
1849 598 2045 663 ctatio
2101 596 2180 662 de
2245 597 2598 683 suffragiis.

655 686 827 751 Nam
871 685 1006 750 fere
1049 684 1271 750 omnia
1313 684 1601 748 tulimus.
1632 680 1683 767 ¹)
1747 616 1848 748 Ῑιέἰθ
1872 683 2075 767 igitur
2117 704 2327 749 unum
2371 704 2599 768 super-

657 778 831 849 erat,
891 777 965 836 ut
1023 770 1413 836 scriberetur
1467 768 1768 834 edictum.
1857 768 1957 834 Ibi
2002 767 2210 834 Satan
2270 790 2474 853 quum
2529 791 2600 836 se

653 877 920 941 prorsus
961 857 1386 921 constrictum
1432 853 1703 932 videret,
1742 855 2124 921 subornavit
2158 856 2272 939 qui
2305 864 2602 921 moneret

654 942 868 1008 adhuc
920 941 1164 1025 aliquid
1216 941 1401 1026 prius
1460 939 1848 1006 tentandum
1906 938 1986 1004 de
2029 942 2477 1024 pacificatione
2521 949 2600 1006 ut

654 1028 873 1112 aliqua
934 1028 1281 1092 interiecta
1338 1047 1594 1093 remora
1658 1026 1881 1090 omnia
1933 1026 2004 1089 in
2075 1027 2285 1093 fumos
2341 1026 2595 1093 abeant.

651 1114 886 1180 Vocati
953 1124 1108 1179 suut
1162 1114 1365 1198 igitur
1420 1112 1517 1177 illi
1584 1112 1739 1178 boni
1794 1111 1922 1177 viri
1979 1132 2142 1195 quos
2198 1113 2469 1191 nosti,²)
2533 1122 2600 1177 et

654 1201 827 1265 inter
893 1220 1003 1265 eos
1069 1199 1263 1263 etiam
1332 1198 1441 1264 ille
1507 1196 1591 1262 ad
1652 1218 1844 1281 quem
1904 1219 2116 1281 nuper
2180 1199 2517 1283 scripsisti.
2540 1202 2599 1272 Β)

654 1286 973 1352 Accersiti
1019 1292 1178 1350 sunt
1220 1285 1415 1350 etiam
1463 1282 1821 1362 Serbonici,
1865 1304 2025 1367 quos
2068 1304 2201 1349 non
2246 1285 2419 1350 novi.
2491 1285 2600 1349 Ex

652 1373 895 1437 nostris
931 1378 1204 1437 vocatus
1249 1369 1687 1449 Marloratiwse,
1733 1370 1865 1433 iam
1910 1369 2043 1434 illic
2064 1373 2124 1453 ⁴)
2168 1383 2269 1436 est
2317 1370 2601 1436 Perosee-

651 1457 797 1523 lius.
909 1457 1065 1523 Istis
1130 1456 1421 1540 cogitant
1484 1477 1588 1520 me
1646 1456 1893 1522 socium
1950 1455 2324 1540 adiungere.
2428 1455 2599 1521 Heri

653 1542 1031 1608 dubitabam
1076 1564 1161 1608 an
1205 1563 1281 1608 eo
1324 1561 1532 1606 essem
1576 1542 1805 1618 iturus,
1852 1561 1985 1605 non
2030 1551 2289 1607 tantum
2333 1549 2600 1625 propter

652 1628 1117 1707 valetudinem,
1204 1649 1368 1712 quae
1448 1626 1700 1691 nullum
1784 1626 2243 1693 vehementem
2309 1627 2597 1693 laborem

653 1715 758 1780 vel
795 1715 998 1780 animi
1032 1716 1139 1779 vel
1177 1714 1463 1797 corporis
1507 1711 1681 1777 ferre
1714 1721 1944 1796 potest,
1989 1711 2102 1777 sed
2139 1715 2336 1779 etiam
2372 1713 2599 1779 multis

652 2040 833 2095 8698.
865 2042 923 2106 l)
958 2040 1212 2110 Languet
1245 2038 1330 2092 23.
1369 2038 1496 2092 Ian.
1530 2037 1623 2105 (11.
1662 2036 1817 2099 195).·
1857 2037 1990 2091 Heri
2038 2038 2177 2092 redii
2223 2054 2289 2091 ex
2338 2041 2462 2091 aula
2507 2038 2600 2092 ubi

690 2127 752 2165 er
790 2111 1063 2164 octiduum
1112 2109 1393 2162 haeseram
1428 2115 1489 2160 ut
1536 2107 1770 2160 certiora
1804 2107 2048 2159 audirem
2084 2108 2151 2162 de
2194 2107 2597 2161 deliberationi-

690 2196 753 2233 us
788 2180 859 2234 ob
898 2196 1031 2248 quas
1068 2194 1135 2231 ex
1172 2176 1420 2230 omnibus
1466 2174 1822 2245 parlamentis
1868 2177 2147 2229 convocati
2188 2182 2343 2229 erant
2390 2177 2462 2229 ali
2504 2181 2599 2231 uot

652 2254 935 2302 senatores
971 2287 986 2302 .
1023 2287 1039 2302 .
1077 2286 1089 2297 .
1130 2286 1142 2298 .
1197 2245 1370 2300 Nemo
1423 2244 1875 2313 intemperantius
1925 2245 2096 2313 gessit
2145 2261 2204 2297 se
2253 2262 2415 2315 quam
2504 2261 2597 2299 on-

649 2317 952 2382 nestabilis,
989 2314 1133 2384 qnod
1171 2314 1355 2379 miror,
1391 2314 1536 2380 quod
1570 2318 1818 2382 tempore
1838 2312 2112 2367 Francisci
2130 2319 2187 2367 et
2208 2313 2426 2368 Henrici
2463 2330 2600 2368 sem-

651 2402 755 2454 per
788 2387 847 2438 in
881 2383 983 2438 hac
1018 2400 1178 2436 causa
1212 2383 1313 2435 fuit
1349 2383 1827 2437 moderatissimus,
1886 2382 2094 2436 Acerbe
2126 2383 2453 2452 perstrinxit
2486 2399 2598 2437 om-

654 2470 751 2506 nes
799 2453 890 2522 qui
937 2468 1150 2505 causam
1185 2461 1428 2505 nostram
1463 2457 1647 2520 agunt,
1696 2457 1753 2502 et
1785 2451 2104 2504 nominatim
2141 2452 2477 2518 Amiralium‚
2512 2468 2597 2506 so-

653 2522 796 2575 roris
839 2521 1009 2573 filium
1044 2560 1055 2572 .
1098 2560 1109 2572 .
1150 2559 1163 2572 .
1203 2519 1299 2572 sed
1347 2518 1413 2572 ab
1465 2518 1569 2573 hoc
1603 2527 1660 2572 et
1696 2519 1946 2573 Condaeo
1982 2527 2067 2573 est
2109 2520 2216 2589 ipsi
2262 2522 2480 2574 fortiter
2515 2537 2597 2573 re-

650 2607 678 2642 s
754 2605 909 2642 nsum
946 2628 959 2641 .
996 2629 1007 2640 .
1046 2629 1059 2642 .
1097 2628 1109 2639 .
1162 2587 1528 2641 Ferrariensis
1577 2593 1635 2640 et
1687 2587 1993 2641 Turnonius
2046 2588 2356 2643 cardinales
2411 2588 2598 2643 eadem

691 2663 910 2712 ixerunt
944 2673 1083 2727 quae
1119 2657 1512 2711 Connestabilis
1547 2656 1641 2709 sed
1676 2656 2022 2711 moderatius.
2093 2657 2348 2712 Nostram
2382 2674 2597 2711 causam

652 2727 1017 2780 eruditissime
1065 2732 1292 2794 egerunt
1336 2725 1607 2779 Arnoldus
1654 2725 1953 2791 Ferrerius‚
2003 2727 2332 2796 Pomponius
2377 2735 2599 2780 senator

650 2795 1011 2860 Divionensis,
1049 2795 1145 2848 sed
1183 2795 1421 2849 omnium
1455 2795 1929 2848 vehementissime
1965 2797 2248 2865 episcopus
2279 2796 2599 2849 Valentinus

653 2863 960 2931 (Montluc)
996 2864 1090 2933 qui
1134 2880 1198 2917 eo
1245 2869 1329 2916 est
1369 2869 1660 2944 provectus
1702 2873 1764 2918 ut
1796 2863 1999 2917 dixerit
2082 2865 2351 2918 ontificem
2388 2870 2446 2917 et
2482 2865 2598 2918 eius

650 2935 931 2988 ministros
979 2948 1097 2985 esse
1143 2932 1285 2986 ovile
1330 2931 1529 2987 diaboli
1577 2947 1697 2985 eum
1747 2931 1939 3001 quibus
1988 2932 2042 2985 ni
2086 2934 2119 2986 ’l
2148 2933 2282 2987 velit
2324 2934 2429 2987 sibi
2478 2949 2597 2986 esse

651 3018 952 3058 commune.
1005 3000 1250 3055 Fuerunt
1270 2999 1339 3054 49
1363 3002 1455 3071 qui
1478 3001 1805 3055 sententiam
1827 3001 2097 3066 dixerunt,
2124 3003 2598 3072 quinquagesimus

654 3074 798 3126 enim
834 3071 1167 3139 aegrotabat.
1224 3071 1310 3124 Ex
1334 3070 1401 3123 iis
1420 3068 1490 3124 22
1512 3077 1837 3125 censuerunt
1871 3071 2073 3124 nostris
2109 3087 2228 3126 esse
2255 3071 2600 3125 concedenda

654 3141 888 3209 templa:
946 3139 1179 3193 sedecim
1232 3150 1496 3209 negarunt
1548 3138 1780 3209 quidem,
1835 3156 1945 3193 non
1996 3146 2177 3193 tamen
2227 3140 2598 3209 prohibendos

655 3226 774 3263 esse
811 3212 1106 3263 conventus
1151 3225 1249 3262 nec
1294 3209 1399 3261 alia
1443 3209 1703 3263 exercitia
1750 3209 2026 3278 religionis
2063 3225 2180 3263 esse
2226 3209 2594 3277 impedienda:

655 3278 753 3331 sed
789 3276 859 3331 ad
894 3277 1027 3329 haec
1060 3277 1239 3330 omnia
1286 3277 1681 3330 connivendum
1716 3293 1834 3330 esse
1869 3282 1931 3330 ut
1974 3277 2060 3330 his
2103 3277 2364 3346 proximis
2401 3277 2596 3331 mensi-

655 3347 759 3401 bus
806 3350 892 3399 est
936 3345 1151 3398 factum.
1225 3345 1443 3415 Reliqui
1489 3346 1734 3399 undecim
1783 3346 2041 3399 dixerunt
2084 3346 2442 3400 insistendum
2478 3361 2597 3400 esse

655 3416 839 3469 edicto
872 3414 1017 3467 facto
1052 3415 1242 3467 ultima
1276 3414 1364 3467 die
1399 3414 1538 3479 Iulii,
1585 3416 1622 3467 i.
1661 3431 1708 3468 e.
1743 3414 2108 3483 prohibendos
2144 3431 2262 3468 esse
2297 3420 2598 3469 conventus

655 3494 715 3538 et
747 3482 1042 3537 mittendos
1085 3484 1144 3535 in
1179 3483 1428 3536 exsilium
1465 3483 1558 3551 qui
1592 3500 1625 3535 a
1658 3500 1793 3536 rom.
1829 3483 2091 3553 religione
2126 3483 2455 3537 defecerunt.
2525 3484 2598 3538 Hi

655 3570 822 3623 quum
865 3551 1119 3605 viderent
1164 3568 1222 3604 se
1268 3567 1490 3605 numero
1537 3553 1798 3620 superari,
1847 3552 2244 3606 coniunxerunt
2288 3569 2347 3606 se
2391 3552 2462 3606 iis
2505 3552 2598 3621 qui

655 3627 979 3676 censuerant
1022 3636 1140 3672 esse
1184 3619 1578 3673 connivendum
1614 3624 1670 3671 et
1713 3620 1791 3673 sic
1823 3620 1957 3674 haec
2001 3622 2271 3675 sententia
2304 3620 2407 3674 fuit
2442 3636 2599 3690 supe-

654 3693 786 3745 rior.
848 3690 1072 3744 Factum
1107 3694 1191 3742 est
1223 3688 1392 3756 igitur
1425 3689 1702 3743 decretum
1739 3705 1845 3757 quo
1880 3689 2226 3744 interdicitur
2259 3690 2462 3744 nostris
2498 3691 2598 3744 sub

657 3757 849 3830 poena'
868 3759 1061 3826 capitis
1094 3773 1165 3811 ne
1201 3758 1407 3826 templa
1440 3758 1495 3810 in
1519 3756 1743 3812 urbibus
1778 3763 1873 3810 aut
1904 3760 2177 3812 suburbiis
2212 3764 2477 3827 occupent
2505 3765 2600 3811 aut

657 3832 1002 3894 construant,
1066 3827 1432 3894 iubenturque
1489 3831 1750 3895 occupata
1811 3829 2121 3882 restituere.
2205 3828 2418 3882 Licebit
2467 3827 2600 3896 ipsis

656 3904 817 3953 extra
850 3897 1014 3950 urbes
1048 3910 1175 3949 suos
1211 3901 1507 3948 conventus
1543 3906 1600 3948 et
1634 3894 1740 3948 alia
1773 3897 2034 3950 exercitia
2069 3897 2346 3966 religionis
2381 3895 2599 3965 habere,

658 3973 716 4021 et
763 3964 1119 4035 prohibentur
1166 3979 1354 4017 omnes
1402 3964 1502 4017 sub
1549 3979 1725 4032 poena
1758 3964 1951 4033 capitis
1999 3967 2136 4019 tales
2170 3970 2468 4020 conventus
2501 3966 2603 4019 im-

698 4035 847 4089 edire
899 4040 994 4088 aut
1042 4032 1269 4085 turbare
1320 4069 1588 4085 ......
1655 4031 1878 4089 Tectum
1929 4036 1955 4087 i
2147 4050 2201 4088 m
2249 4036 2487 4102 reperies
2539 4036 2602 4088 in

656 4054 827 4224 {uffi-
879 4102 946 4156 de
1001 4100 1187 4157 Gonde'
1238 4099 1335 4155 ΙΙΙ.
1384 4100 1447 4167 8,·
1507 4100 1655 4155 Hisi.
1719 4102 1839 4157 eccl.
1903 4102 1946 4156 1.
2000 4101 2033 4156 6
2067 4101 2131 4169 4,·
2196 4103 2375 4172 Haeo,
2423 4103 2604 4172 piceos

659 4189 714 4227 n.
853 4176 948 4226 etc.

863 4239 919 4301 2)
957 4238 1209 4306 Lanyuet
1235 4254 1296 4306 p.
1344 4235 1469 4289 197:
1518 4236 1605 4290 Ex
1654 4237 1722 4291 iis
1772 4239 1865 4308 qui
1912 4255 1979 4291 ex
2024 4240 2375 4308 parlamentis
2420 4241 2602 4293 vocati

662 4314 818 4362 erant
848 4308 1057 4376 Regina
1090 4313 1148 4360 et
1182 4306 1460 4360 Navarrus
1504 4305 1690 4360 decem
1738 4308 2081 4361 retinuerunt
2124 4325 2242 4361 cum
2281 4306 2476 4376 quibus
2510 4308 2603 4361 ad-

660 4377 766 4430 huc
811 4375 1111 4430 deliberare
1163 4377 1515 4437 constituunt,
1569 4380 1627 4427 et
1670 4376 1862 4430 volunt
1911 4392 2095 4429 coram
2147 4377 2281 4445 ipsis
2325 4377 2601 4430 ministros

660 4449 879 4500 nostros
913 4444 980 4497 de
1014 4450 1133 4497 tota
1184 4445 1445 4514 religione
1480 4444 1749 4497 disserere
1795 4461 1914 4498 cum
1958 4445 2250 4515 pontificiis
2284 4452 2343 4500 et
2375 4461 2600 4514 respon-

662 4515 793 4568 dere
840 4512 908 4565 ad
953 4512 1178 4565 crimina
1224 4530 1364 4581 quae
1409 4513 1543 4581 ipsis
1589 4514 1919 4567 obiiciantur
1955 4550 2172 4569 .....
2219 4515 2428 4567 Delecti
2474 4520 2603 4567 sunt

663 4583 733 4635 ad
780 4597 896 4634 eam
944 4580 1361 4648 disputationem
1407 4582 1564 4646 Beza,
1612 4582 1965 4650 Perrucellus,
2007 4583 2336 4637 Marloratus
2378 4588 2437 4634 et
2470 4583 2599 4637 Bar-

663 4655 850 4706 bastus
886 4649 1234 4702 concionator
1276 4668 1334 4703 re
1377 4652 1494 4703 'nae
1529 4650 1829 4704 Navarrae.
1900 4650 2338 4706 Serbonistarum
2383 4654 2602 4705 nomina

663 4736 771 4774 non
807 4727 968 4771 teneo
1021 4715 1284 4786 [fiseo-unt,
1384 4721 1701 4781 mochona,
1743 4719 1869 4774 Sim.
1906 4719 2086 4790 γέρον,
2124 4721 2386 4781 Pelletier,
2424 4719 2602 4773 Four·

662 4790 802 4855 πίεν,
837 4784 1155 4853 Maillaraj.
1212 4788 1487 4840 Intersunt
1522 4790 1684 4842 etiam
1709 4790 2039 4858 Salignncus,
2078 4789 2422 4858 Despencius‚
2459 4790 2601 4842 Bou-

664 4858 917 4910 tillierius
952 4862 1009 4908 et
1042 4853 1386 4921 Picherellus,
1430 4857 1534 4910 viri
1571 4860 1844 4925 praeclare
1881 4858 2093 4923 eruditi,
2141 4859 2235 4927 qui
2271 4857 2488 4927 quidem
2523 4860 2603 4909 vi-

664 4927 863 4979 dentur
897 4941 954 4976 se
990 4922 1288 4976 seiunxissc
1324 4940 1357 4974 a
1382 4924 1727 4994 Serbonistis,
1761 4927 1859 4980 sed
1896 4934 2077 4981 tamen
2112 4928 2349 4981 nondum
2383 4942 2444 4980 se
2478 4942 2603 4979 con-

664 4997 957 5050 iunxerunt
990 4992 1192 5044 nostris
1228 4991 1483 5044 eeclesiis.
1536 4992 1681 5048 Haec
1709 5003 1841 5065 puto
1862 4997 1981 5049 fieri
2012 4998 2070 5050 in
2105 4998 2336 5064 speciem
2372 5001 2602 5060 tantum,

666 5070 727 5118 ut
759 5064 1147 5132 gubernatores
1182 5059 1383 5113 exteris
1428 5059 1765 5131 principibus
1802 5070 1858 5117 et
1941 5067 2224 5118 raesertim
2257 5065 2372 5133 regi
2410 5064 2604 5132 Hispa-

665 5133 789 5186 niae
825 5128 1115 5184 ostendant
1148 5145 1207 5182 se
1243 5145 1350 5182 non
1387 5127 1618 5184 abiicere
1652 5149 1804 5201 spem
1841 5081 1939 5186 reg

667 5204 825 5268 cium,
863 5204 925 5252 ut
958 5204 1171 5253 vocant.

870 5268 925 5330 3)
966 5265 1312 5335 &aliquarum
1347 5268 1514 5320 innui
1544 5270 1899 5335 suspicamur.

871 5337 930 5402 4)
968 5350 1055 5403 ap.
1097 5334 1152 5389 S.
1192 5337 1540 5391 Germanum.

1939 5133 2131 5188 ucendi
2156 5141 2369 5187 nostros
2397 5133 2467 5186 ad
2491 5132 2607 5187 offi-

2151 407 2677 477 EPISTOLAE
2721 412 3144 476 sees—3699

4506 410 4613 473 256

2703 599 2846 665 aliis
2890 599 2971 665 de
3014 599 3242 676 causis,
3311 619 3470 682 quas
3513 598 3653 682 ipse
3694 618 3811 681 per
3853 603 3917 662 te
3958 596 4142 663 facile
4184 598 4391 680 possis
4434 597 4618 663 conii·

2699 707 2862 752 cere.
2941 685 3160 751 Hodie
3202 695 3423 750 tamen
3467 691 3883 769 expugnatus
3926 690 4299 749 nostrorum
4338 684 4618 767 precibus

2699 769 2958 837 decrevi
3003 792 3147 838 cras
3191 792 3231 836 a
3265 769 3540 854 prandio
3572 769 3910 854 proficisci,
3947 789 4033 835 ne
4068 769 4355 835 desertor
4389 769 4618 835 videar.

2700 854 2836 922 Sed
2902 855 3085 924 nobis
3149 866 3402 926 certum
3467 863 3568 923 est
3633 877 3765 921 non
3829 855 4107 939 colloqui
4172 856 4299 921 nisi
4343 855 4525 921 bonis
4561 864 4620 920 et

2700 943 2895 1009 certis
2975 941 3454 1012 conditionibus
3530 951 3600 1007 et
3684 941 3974 1026 legitime
4046 941 4288 1007 indicto
4353 940 4622 1007 ecclesiis

2700 1028 3032 1113 colloquio,
3070 1037 3265 1113 atque
3296 1029 3493 1094 etiam
3528 1049 3604 1093 eo
3639 1029 3985 1111 impetrato
4006 1036 4083 1090 ut
4116 1027 4370 1093 interea
4390 1026 4620 1111 aliquid

2698 1121 3027 1181 statuatur
3071 1113 3152 1180 de
3209 1125 3433 1180 nostra
3474 1113 3792 1192 libertato,
3860 1112 4168 1197 quoniam
4210 1112 4460 1178 nullam
4502 1133 4624 1178 am·

2697 1199 2870 1283 plius
2912 1222 3163 1267 moram
3207 1201 3453 1285 patitur
3497 1201 3660 1266 haec
3704 1200 4070 1265 necessitas.
4143 1197 4222 1265 Si
4255 1218 4452 1283 rogas
4484 1198 4625 1282 quid

2699 1306 2973 1370 sperem,
3040 1287 3180 1353 dico
3233 1307 3340 1351 me
3399 1288 3620 1351 omnia
3678 1305 3940 1369 sperare
3997 1285 4052 1350 si
4098 1286 4302 1350 nostri
4345 1304 4626 1367 proceres

2699 1374 2859 1438 satis
2902 1373 3101 1440 fortes
3143 1373 3404 1438 fuerint.
3483 1372 3636 1437 Huc
3680 1371 3928 1438 accedit
3971 1391 4226 1435 summa
4271 1372 4628 1450 necessitas,

2700 1479 2869 1542 quae
2934 1460 3033 1524 vel
3090 1461 3264 1543 ipsos
3321 1458 3540 1524 hostes
3597 1465 3805 1543 cogat,
3877 1457 3989 1523 sed
4034 1457 4270 1522 haereo
4314 1455 4470 1522 dum
4514 1456 4629 1520 alia

2700 1545 2931 1629 cogite,
2989 1566 3153 1629 quae
3210 1542 3493 1611 scribere
3551 1566 3682 1609 non
3789 1563 4026 1622 ossum,
4093 1543 4404 1626 quoniam
4460 1541 4628 1607 video

2701 1629 3094 1698 adversariis
3151 1633 3372 1696 omnia
3427 1631 3638 1697 licere.
3784 1629 3966 1695 ideor
4031 1629 4149 1694 tibi
4205 1629 4502 1694 fortassis
4561 1627 4630 1693 de

2703 1717 3145 1800 superioribus
3189 1718 3528 1800 promissis
3569 1714 3814 1800 aliquid
3858 1714 4217 1792 detrahere,
4264 1713 4382 1779 sed
4429 1713 4633 1779 memi-

2699 1803 2875 1867 neris
2920 1824 3025 1868 me
3066 1804 3139 1868 in
3183 1803 3336 1868 aula
3378 1804 3645 1884 versari,
3690 1810 3756 1865 et
3797 1801 4006 1880 facile,
4052 1808 4127 1865 ut
4169 1820 4383 1885 spero,
4429 1801 4633 1885 ignos-

2700 1908 2826 1966 ces,
2875 1909 3246 1972 quanquam
3292 1896 3468 1955 certe
3512 1911 3596 1955 ne
3639 1888 3817 1953 hunc
3861 1887 4121 1971 quidem
4169 1886 4461 1952 Satanae
4509 1907 4632 1951 cre-

2698 1973 2909 2057 pitum
2964 1996 3360 2059 magnopere
3417 1974 3604 2040 nobis
3662 1972 4149 2038 formidandum
4206 1980 4391 2056 puto,
4457 1971 4635 2037 rebus

2700 2080 2778 2124 eo
2821 2059 3120 2142 redactis,
3164 2069 3256 2141 ut,
3303 2060 3433 2128 nisi
3472 2062 3661 2127 nobis
3696 2067 4025 2136 caveatur,
4061 2060 4397 2143 insignem
4432 2066 4634 2123 muta-

2699 2146 2945 2211 tionem
2991 2146 3407 2213 acciderersit
3451 2167 3731 2213 necesse.
3816 2146 4210 2228 Aquitanica
4246 2143 4569 2229 expeditio
4581 2143 4631 2221 6)

2698 2232 2861 2310 iam,
2927 2240 3001 2297 ut
3065 2233 3290 2312 audio,
3369 2232 3655 2313 refrixit,
3723 2253 3853 2315 qua
3906 2230 3988 2296 de
4050 2251 4122 2296 re
4192 2231 4337 2296 Deo
4403 2229 4634 2314 gratias

2701 2339 2840 2402 ago.
2930 2319 3036 2383 Ex
3101 2319 3251 2384 aula
3317 2317 3401 2384 ad
3464 2325 3531 2382 te
3593 2318 3873 2384 scribam
3937 2313 4249 2400 quidquid
4321 2315 4632 2381 acciderit.

2699 2405 2875 2470 Hinc
2919 2405 3107 2470 facile
3150 2405 3414 2471 coniicis
3456 2425 3565 2468 me
3606 2404 3843 2469 melius
3909 2404 4150 2488 habere
4193 2423 4391 2485 quam
4434 2410 4632 2467 antea.

2700 2488 2834 2555 Sed
2871 2500 3091 2556 tamen
3126 2513 3253 2557 non
3292 2490 3500 2557 audeo
3537 2488 3767 2566 dicere,
3804 2510 3911 2554 me
3933 2509 4201 2572 prorsus
4220 2488 4632 2566 convaluisse,

2701 2576 3004 2659 quoniam
3051 2577 3210 2642 mali
3253 2576 3559 2660 reliquias
3603 2576 3831 2654 sentin,
3878 2574 4051 2658 quod
4092 2575 4392 2640 fortassis
4427 2595 4635 2639 recru-

2703 2661 2936 2727 descet.
3028 2661 3162 2728 Sed
3208 2662 3360 2728 nolo
3405 2662 3576 2728 male
3619 2662 3916 2727 ominari.
3997 2660 4216 2726 Hodie
4260 2661 4429 2725 mihi
4472 2668 4634 2726 secta

2703 2758 2807 2813 est
2880 2769 3051 2813 vena
3117 2749 3366 2814 brachii
3434 2747 3699 2826 sinistri,
3767 2745 3937 2830 quod
4004 2747 4168 2811 mihi
4230 2747 4632 2829 profuturum

2703 2854 2911 2917 spere,
2956 2834 3216 2900 favente
3260 2833 3421 2912 Deo,
3466 2853 3586 2918 pro
3630 2837 3816 2900 cuius
3859 2833 4067 2917 gloria
4109 2830 4500 2897 laboramus.

2874 2918 2977 2984 De
3042 2919 3348 2986 Baduelli
3404 2939 3773 2987 successore
3797 2924 3852 2995 ⁶)
3909 2919 4005 2984 sic
4063 2917 4260 2983 habe:
4353 2917 4632 2983 Tandem

2702 3007 2875 3072 nacti
2919 3027 3144 3071 sumus
3187 3006 3517 3073 homiuem
3560 3004 3877 3090 singulari
3923 3012 3991 3069 et
4034 3005 4364 3070 doctrinae
4409 3011 4479 3070 et
4509 3004 4633 3088 pie·

2702 3092 2857 3157 tatis
2922 3092 3295 3158 testimonio
3354 3090 3673 3157 ornatum.
3755 3091 3999 3174 Aperui
4043 3091 4136 3155 illi
4181 3110 4411 3156 omnes
4456 3090 4633 3155 huius

2701 3179 2994 3243 muneris
3045 3178 3459 3244 conditiones.
3557 3179 3844 3260 Accepit,
3911 3176 4024 3241 sed
4080 3185 4278 3261 negat
4335 3196 4410 3240 se
4462 3195 4634 3260 posse

2703 3262 3030 3330 dimittere
3074 3262 3421 3349 discipulos
3465 3284 3626 3348 quos
3669 3263 3867 3329 habet
3910 3273 4064 3327 ante
4099 3261 4430 3328 Calendas
4467 3262 4633 3337 Maii,

2699 3350 3025 3434 simulque
3067 3362 3254 3436 rogat
3289 3357 3363 3415 ut
3406 3349 3770 3434 respublica
3803 3358 4032 3415 nostra
4065 3348 4379 3414 viaticum
4414 3347 4540 3413 sibi
4577 3353 4634 3410 et

2700 3435 2999 3515 familiae,
3066 3435 3135 3500 id
3178 3444 3277 3502 est
3333 3438 3525 3502 uxori
3591 3443 3653 3501 et
3702 3435 3947 3518 aliquot
3987 3434 4208 3501 liberis
4252 3433 4631 3518 suppeditet,

2700 3522 2986 3607 itemque
3039 3521 3457 3588 devehendas
3514 3520 3958 3599 bibliothecae,
4026 3541 4239 3604 quam,
4304 3530 4382 3586 ut
4435 3520 4632 3596 audio,

2700 3606 2865 3673 bene
2909 3607 3194 3691 amplam
3237 3616 3304 3674 et
3344 3608 3733 3674 instructam
3779 3606 3993 3672 habet.
4066 3608 4374 3672 Testatur
4410 3605 4633 3672 Meroe-

2698 3713 2813 3758 rus
2878 3693 3345 3777 peritissimum
3427 3695 3625 3760 etiam
3702 3714 3845 3758 esse
3909 3693 3982 3757 in
4060 3692 4402 3759 hebraicis.
4511 3692 4631 3759 Sed

2698 3779 2838 3863 ipse
2882 3780 3090 3844 noluit
3131 3780 3562 3846 hebraearum
3605 3779 3948 3844 literarum
3992 3779 4460 3861 professionem
4505 3799 4629 3843 am-

2701 3865 2934 3949 plecti,
3004 3864 3175 3948 quod
3241 3887 3311 3930 se
3373 3864 3547 3931 dicat
3608 3863 3774 3930 illud
3839 3863 4127 3930 studium
4192 3866 4627 3931 intermisisse.

2701 3949 2923 4032 Quum
2967 3970 3043 4016 eo
3086 3952 3345 4015 venerit
3383 3973 3504 4018 vos
3546 3949 3922 4034 dispicietis‚
3986 3960 4052 4015 et
4094 3970 4232 4035 ego,
4313 3960 4390 4015 ut
4431 3972 4626 4035 spero,

2702 4057 2834 4101 una
2876 4036 3228 4103 vobiscum.
3315 4035 3498 4101 Nihil
3557 4037 3617 4102 ei
3674 4036 3965 4119 promisi,
4023 4035 4136 4102 sed
4181 4045 4440 4102 tantum
4487 4037 4627 4114 dixi,

2701 4142 2809 4187 me
2870 4122 2950 4188 de
3006 4122 3089 4188 iis
3141 4142 3305 4206 quae
3358 4130 3624 4205 peteret,
3679 4123 3901 4188 statim
3961 4122 4044 4188 ad
4102 4142 4222 4187 vos
4264 4122 4627 4188 relaturum.

2701 4207 2941 4274 Videte
2983 4216 3062 4273 ut
3102 4215 3356 4273 certum
3401 4229 3784 4292 responsum
3829 4229 3981 4274 mox
4016 4208 4334 4273 mittatur.

2874 4294 3061 4360 Uxor
3103 4313 3250 4359 mea
3302 4294 3432 4359 iam
3491 4303 3592 4360 est
3633 4293 3803 4377 apud
3847 4305 4103 4377 patrem
4147 4315 4336 4378 quem
4382 4314 4501 4377 ego
4544 4295 4630 4358 in·

2703 4380 2859 4445 felix
2918 4380 3203 4446 invisere
3255 4400 3389 4444 nou
3446 4399 3731 4462 possum.
3834 4379 4059 4446 Unum
4112 4390 4410 4463 superest
4473 4377 4632 4462 quod

2703 4464 2998 4544 scribam,
3045 4464 3124 4530 de
3167 4486 3294 4548 quo
3336 4473 3409 4529 tu
3452 4465 3812 4531 constitues
3853 4466 4026 4549 quod
4071 4465 4414 4531 videbitur.

2874 4550 3161 4633 Quidam
3204 4551 3309 4616 hic
3351 4549 3571 4617 latitat
3612 4572 3696 4616 ex
3743 4550 4040 4618 Nemorsi
4080 4551 4348 4631 familia,
4405 4573 4492 4617 ex
4533 4571 4632 4617 cu-

2702 4637 2806 4703 ius
2848 4658 2960 4702 ore
3002 4635 3300 4704 auditum
3357 4644 3474 4717 est,
3529 4645 3788 4720 captam
3846 4636 4108 4720 quidem
4151 4657 4287 4704 non
4327 4660 4470 4705 esse
4512 4636 4631 4703 Ge-

2825 5133 2835 5145 ·
2910 4993 2972 5129 {⁹3
3007 4994 3081 5118 ivi»
3128 5066 3162 5118 1.
3205 4996 3473 5133 Ιὲεῗιῗῗ-ῗῖ,
3596 5066 3621 5118 ι·
3669 5065 3890 5146 accam,
3939 5084 3994 5134 p.
4029 5066 4151 5133 371,
4202 5083 4257 5122 a.
4294 5066 4425 5148 ‚1⁵⁶1
4462 5067 4625 5147 amq.

2711 5132 3046 5214 aa...
3066 5133 3360 5270 m
3286 5138 3432 5216 wf-
3453 5152 3526 5256 f.
3555 5135 4186 5259 semma
4248 5152 4310 5189 ..
4331 5134 4466 5190 ⁵⁶⁵
4497 5147 4629 5256 aaz

2700 5203 3100 5351 ῗέἕζῗῗῗέωεῷῗῖ
3133 5271 3389 5326 donatur.
3444 5272 3604 5325 Aetas
3636 5219 3777 5326 gie-0
3809 5272 3872 5341 (1.
3903 5274 3939 5327 ι.
3967 5289 4027 5356 p.
4063 5272 4190 5340 372)
4228 5245 4341 5330 140.
4364 5245 4479 5328 Dei
4492 5272 4626 5326 Bor-

2709 5337 2804 5393 des
2838 5338 3262 5408 Burdmalensta
3293 5341 3436 5408 prof.
3469 5341 3664 5410 philos.
3701 5338 3836 5393 1562
3870 5349 4200 5399 nommetur.
