4850 6117
311 315 438 379 373

306 523 503 671 3²0⁰&
519 523 728 655 ⁶⁹0⁸?
709 501 1309 655 .ἳὲἑῖίὲἓίἓὲξᾷ
1327 501 2261 672 Ἓέἓέἶᾞὶῗὲἳιέἐώέξ

304 675 628 758 experior.
695 674 758 741 N
759 696 867 740 am
910 694 1016 740 me
1058 675 1191 740 mei
1233 672 1475 739 laboris
1641 675 1899 751 niteret,
1945 672 2073 740 nisi
2157 674 2257 740 ui-

305 758 462 826 dam
508 759 661 827 boni
708 760 832 825 viri
876 758 1381 838 consolarentur,
1440 779 1555 843 qui
1597 756 1721 824 sibi
1763 759 2004 824 mirum
2049 759 2116 824 vi
2162 761 2259 826 eri

303 844 555 927 dicunt,
622 867 728 913 me
773 868 854 912 ex
901 853 1035 911 tam
1081 845 1430 912 durissima
1473 864 1639 928 rupe
1683 852 1778 909 tot
1820 843 2069 929 lapides
2111 854 2257 911 tan·

303 931 449 998 tulo
491 935 702 1017 spatio
746 951 973 999 eruere
1111 931 1331 998 tuisse.

480 1017 617 1085 Sed
663 1017 744 1083 de
799 1017 905 1084 his
962 1037 1036 1082 re
1081 1039 1160 1083 us
1205 1017 1398 1101 plura
1441 1036 1569 1082 non
1617 1015 1871 1095 addam,
1938 1036 2138 1099 quum
2172 1038 2256 1082 ex

300 1113 532 1171 nostro
589 1104 984 1171 Normandio
1047 1103 1305 1187 plenius
1369 1103 1591 1168 omnia
1641 1104 1731 1169 sis
1786 1101 2251 1170 intellecturus.

300 1190 596 1258 lantum
638 1190 940 1276 precibus
981 1191 1220 1257 vesti-is
1262 1188 1567 1256 eeclesias
1609 1197 1865 1256 nostras
1922 1208 2254 1255 commen-

301 1276 496 1345 datas
553 1297 696 1345 esse
747 1276 1064 1361 cupimus,
1127 1296 1328 1359 quum
1385 1282 1489 1341 tot
1539 1273 1717 1341 mala
1773 1274 1961 1341 nobis
2004 1275 2253 1359 impen-

299 1362 522 1444 deant,
588 1363 718 1431 nisi
775 1362 1102 1429 Dominus
1153 1360 1680 1428 adversariorum
1730 1360 2015 1427 furorem
2075 1381 2251 1428 com-

295 1450 647 1534 pescuerit.
734 1449 923 1527 Vale,
992 1449 1238 1532 optime
1281 1456 1486 1533 pater.
1576 1445 1894 1513 Dominus
1936 1456 2002 1512 te
2045 1446 2249 1514 eccle-

295 1536 468 1602 siam
513 1557 597 1603 ue
654 1535 1158 1604 Gebennensem
1223 1536 1399 1599 omni
1464 1552 1706 1618 genere
1780 1532 2249 1601 benedictionis

293 1621 489 1707 locup
515 1629 665 1689 etet.
728 1620 1002 1687 Fratres
1036 1627 1298 1687 nostros
1330 1618 1782 1686 ornatissimos
1817 1617 2016 1685 etiam
2054 1626 2249 1703 atque

293 1708 498 1774 etiam
541 1707 903 1794 plurimum
946 1706 1176 1773 saluto.
1245 1707 1351 1771 Ex
1386 1704 1619 1772 Monte
1648 1705 1807 1791 Argi
1850 1703 1935 1769 ad
1977 1704 2246 1772 tertium

290 1793 436 1862 Oal.
477 1794 745 1880 Aprilis,

1164 1931 1293 1996 'I'ui
1334 1927 1865 1996 observantissim'
1779 1929 1792 1944 '
1866 1949 1945 1995 us
1987 1927 2162 1996 filius

1231 2015 1627 2083 Franciscus
1669 2014 2094 2082 Morellanus.

1181 2562 1378 2633 3762.

649 2717 1213 2788 BLAURERUS
1259 2717 1892 2786 BULLINGERO.

468 2891 779 2974 Affirmat
829 2912 895 2959 se
945 2892 1109 2959 nihil
1151 2912 1194 2957 a
1240 2889 2026 2973 Calvinonoviaooepisoe
2076 2891 2243 2973 quod

290 2980 820 3132 immam
863 2999 940 3044 ex
983 2976 1194 3044 Besae
1237 2975 2241 3060 licensooynitammiaooom-

296 3237 410 3299 (Ex
456 3235 795 3307 autographo
830 3235 997 3289 Arch.
1034 3235 1212 3289 Tui-ic.
1249 3235 1395 3288 Plut-
1432 3233 1528 3288 VI.
1565 3232 1682 3288 Vol.
1730 3231 1847 3301 163,
1895 3235 2026 3289 olim
2073 3233 2242 3290 Sorin.

526 3305 586 3360 B.
621 3306 759 3376 Epp.
797 3305 949 3362 Tom.
984 3303 1067 3358 28.
1105 3304 1196 3360 rol.
1229 3302 1346 3358 516.
1385 3332 1451 3342 -
1491 3303 1689 3357 Simler
1725 3303 1843 3357 Vol.
1882 3303 2027 3372 104.)

467 3477 848 3544 Clarissimo
891 3477 1036 3543 viro
1080 3474 1165 3540 D.
1212 3474 1525 3541 Heinrioo
1551 3475 1934 3561 Bullingero
1979 3476 2244 3543 domino

296 3576 364 3629 et
406 3564 592 3629 fratri
650 3583 768 3628 suo
812 3573 878 3628 et
929 3561 1385 3628 colendissimo
1452 3568 1518 3626 et
1560 3561 1857 3627 omnium
1900 3562 2092 3647 longe
2134 3584 2241 3628 ca·

295 3670 573 3716 rissimo.

1820 3732 2066 3817 Tiguri.

297 4031 374 4040 -
435 3993 629 4076 Quod
695 3992 1050 4077 suspicaris
1107 3992 1425 4069 nonnihil,
1490 3992 1577 4056 mi
1639 3992 1875 4069 anime,
1941 3993 2011 4056 in
2063 4012 2237 4056 oom-

296 4080 708 4147 municandis
749 4100 915 4162 quae
973 4079 1215 4161 accipio
1260 4079 1447 4143 novis
1488 4078 1687 4144 rebus
1725 4098 1830 4142 me
1874 4096 2009 4142 non
2053 4078 2237 4160 paria

298 4176 511 4232 tecum
556 4165 789 4246 facere,
847 4186 969 4230 nec
1014 4184 1171 4248 erga
1216 4172 1280 4229 te
1344 4184 1423 4231 ea
1465 4186 1570 4231 me
1613 4162 1923 4230 facilitate
1967 4164 2067 4228 uti
2106 4185 2237 4248 qua

299 4260 368 4317 tu
410 4273 568 4337 erga
612 4273 735 4329 mc,
781 4271 915 4316 non
961 4250 1205 4327 credas,
1252 4270 1449 4333 quam
1489 4251 1714 4316 istuc*
1756 4269 1862 4314 me
1906 4249 2231 4329 afflixerit,

298 4359 489 4423 quum
536 4336 702 4402 nihil
759 4355 1042 4420 unquam
1108 4335 1435 4401 ullicunde
1478 4356 1515 4399 a
1558 4355 1879 4418 quoquam
1925 4335 2234 4418 accipiam

298 4425 474 4492 cuius
498 4446 631 4490 non
676 4444 712 4488 e
737 4422 1011 4507 vestigio
1055 4432 1121 4486 te
1165 4424 1418 4506 cupiam
1455 4422 1667 4487 faeere
1701 4421 2061 4487 certiorem.
2125 4420 2232 4487 De

302 4508 546 4575 Calvisi
590 4529 749 4574 vero
791 4508 1016 4587 literis,
1093 4507 1269 4574 unde
1312 4508 1474 4574 haec
1516 4505 1744 4572 oborta
1788 4507 1907 4572 tibi
1952 4507 2232 4592 suspicio

299 4609 405 4673 est,
450 4597 545 4661 sic
605 4593 819 4659 habet.
909 4594 1186 4677 Scripsit
1227 4592 1310 4658 ad
1354 4615 1461 4658 me
1506 4592 1646 4660 Gal.
1675 4593 1906 4660 Martii
1946 4593 2231 4679 literas²)

299 4702 451 4764 quas
515 4698 638 4763 ego
695 4678 1008 4765 Sangallo
1071 4700 1221 4745 eum
1283 4680 1508 4745 Lineri
1576 4679 1788 4745 nostri
1854 4678 2062 4745 literis
2128 4682 2229 4745 27.

298 4766 516 4832 Martii
573 4767 809 4848 accepi,
870 4768 941 4830 in
999 4766 1233 4848 quibus
1288 4765 1452 4831 nihil
1499 4787 1729 4849 prosus
1784 4765 1997 4831 inerat
2061 4765 2229 4849 quod

300 4872 410 4937 ego
476 4872 610 4917 non
677 4853 802 4916 iani
872 4862 1064 4915 antea
1127 4871 1211 4916 ex
1258 4850 1469 4917 Reme
1531 4852 1740 4918 nostri
1807 4849 1889 4916 ad
1956 4863 2024 4916 te
2080 4849 2234 4917 data

298 4939 578 5021 epistola,
654 4957 726 5002 ac
771 4934 1004 5001 deinde
1047 4936 1208 5001 mihi
1253 4957 1510 5020 qnoque
1553 4935 1667 5003 abs
1709 4948 1775 5002 te
1818 4940 2037 5015 missa,
2080 4957 2230 5021 cog-

297 5027 633 5092 novissem.
721 5020 1051 5103 Quorsum
1097 5023 1303 5107 igitur
1344 5023 1475 5088 iani
1523 5024 1644 5088 tibi
1687 5034 1915 5088 vetera
1954 5043 2072 5107 pro
2115 5044 2229 5088 no·

298 5246 464 5304 8⁷62
487 5249 547 5314 1)
585 5246 910 5316 deperditam

2084 313 2245 443 1522
2289 314 2570 445 MAI‘H.

4181 328 4310 392 3⁷4

2360 504 2464 570 vis
2506 505 2971 574 nunciassem?
3029 505 3164 574 Sed
3206 507 3430 576 Linen'
3470 510 3843 596 epistolium
3884 512 4098 595 mitto,
4131 513 4310 584 unde

2357 589 2558 673 plane
2601 592 2929 678 intelliges
2969 593 3180 659 nihilo
3222 615 3329 660 me
3371 598 3822 681 tempestivius
3870 596 4127 675 Οαῑυὸηἰ
4157 600 4311 668 lite-

2357 696 2468 742 ...
2533 677 3238 847 ‘⁰53³er
3288 680 3461 834 ἐξ.
3496 684 4006 839 mfflr..
4218 774 4304 789 -·

2352 781 2650 931 min
2690 850 2830 916 dein
2871 851 3971 941 erdermimyodmktfiinfftay
4011 857 4303 926 abdam

2355 935 2486 1000 mir
2525 934 2629 1001 die
2682 938 2891 1002 minen
2946 937 3303 1005 nukommeu
3344 939 3508 1006 sind.
3617 939 3816 1008 Oerto
3858 963 4015 1010 vero
4059 946 4301 1013 certius

2353 1019 2477 1085 tibi
2542 1022 2932 1104 persuadeas
2982 1020 3201 1103 velim,
3266 1024 3436 1091 nihil
3488 1046 3596 1092 me
3650 1025 3967 1095 hactenus
4020 1031 4102 1097 ab
4166 1030 4301 1097 ullo

2352 1106 2732 1172 mortalium
2777 1128 3096 1174 novarum
3141 1130 3361 1175 rerum
3407 1113 3731 1197 accepisse
3772 1113 3946 1198 quod
3984 1134 4121 1182 non
4140 1136 4299 1185 mox

2353 1196 2420 1256 te
2474 1212 2730 1277 quoque
2784 1195 3024 1261 rescire
3081 1195 3234 1262 totis
3287 1196 3524 1264 animis
3582 1199 3778 1265 etiam
3840 1207 4036 1285 atque
4098 1202 4301 1269 etiam

2351 1279 2650 1360 optarim,
2719 1300 2839 1346 nec
2892 1300 3083 1363 porro
3127 1282 3327 1348 etiam
3371 1291 3791 1385 accepturum
3836 1322 3916 1333 —-
3962 1323 4047 1335 —
4091 1323 4175 1336 -··
4214 1325 4297 1337 --

2350 1398 2436 1512 ἰ.-
2479 1400 2692 1514 ige—2—
2742 1403 2818 1414 --
2865 1403 2945 1414 —
2997 1404 3069 1414 —
3118 1403 3201 1414 --
3237 1367 3553 1435 Vituduri
3594 1370 3802 1454 pridie
3847 1370 4073 1439 Oalen.
4099 1376 4296 1458 Apri·

2375 1469 2432 1516 is
2649 1501 2661 1516 .

3576 1594 3652 1658 Τ.
3698 1594 3981 1662 Anbros
4017 1595 4119 1661 Bl.

3220 2135 3417 2208 8768.

2443 2270 2808 2339 PANOUS
2839 2276 2886 2347 ¹)
2929 2271 3413 2342 MINIS'PRIS
3459 2275 4198 2347 GENEVENSIBUS.

2460 2443 4289 2597 Wiissorormsuamfaleasmpicioue

2339 2552 2461 2616 yra
2606 2551 2687 2595 m.

2606 2702 2717 2769 (Ex
2753 2701 3089 2771 autographo
3124 2702 3250 2756 Cod.
3289 2702 3622 2758 Genevensis
3658 2704 3775 2771 110,
3811 2707 3902 2762 fol.
3938 2706 4049 2773 38.)

2885 2878 2946 2938 A
2989 2893 3130 2939 mes
3174 2874 3336 2939 bons
3380 2874 3755 2959 Seigneurs.

2347 3044 2810 3146 Ornatissimis
2868 3045 3032 3145 viris
3089 3046 3313 3145 D.·10.
3345 3044 3643 3147 ‘Calvi-no
3701 3049 3965 3133 eiusque
4029 3050 4296 3153 collegis

2347 3131 2660 3199 ecclesiae
2715 3143 2783 3196 et
2834 3128 3022 3197 verbi
3075 3131 3208 3197 Dei
3271 3142 3593 3198 ministris
3632 3133 3710 3199 Β.
3754 3134 4019 3202 Pancus
4061 3137 4295 3206 Poms·

2662 3237 2861 3284 sonus
2906 3217 3189 3301 gratiam
3231 3226 3299 3283 et
3341 3238 3567 3301 paoem
3615 3219 3981 3302 plurimam.

2516 3390 2744 3473 Nuper
2800 3388 2885 3454 ad
2943 3411 3058 3456 vos
3113 3390 3436 3456 scribendi
3493 3400 3959 3475 argumentum
4026 3393 4295 3461 dederat

2344 3495 2660 3560 germana
2713 3495 2917 3553 soror,
2975 3476 3043 3541 in
3102 3479 3290 3541 ouius
3344 3477 3624 3560 gratiam
3682 3497 3916 3544 verum
3971 3499 4045 3546 ac
4103 3480 4293 3547 fidele

2342 3559 2648 3644 perhibui
2723 3561 2804 3627 ad
2873 3581 2992 3626 vos
3064 3562 3531 3641 testimonium,
3618 3564 3749 3629 viri
3815 3563 4291 3641 humanissimi.

2341 3645 2514 3730 quod
2538 3648 2750 3712 virum
2796 3668 2947 3712 eum
2990 3647 3256 3713 admisit
3290 3657 3359 3713 et
3400 3649 3710 3733 cognovit
3754 3650 3859 3715 cui
3893 3651 4183 3735 legitimo
4226 3665 4296 3718 et

2340 3732 2599 3798 liberali
2641 3735 2938 3818 coniugio
2982 3744 3154 3799 esset
3196 3734 3502 3802 devincta
3543 3737 3966 3818 copulataque
4007 3745 4074 3801 et
4108 3738 4189 3804 ab
4212 3758 4291 3804 eo

2340 3818 2591 3901 prolem
2650 3818 2957 3903 suscepit.
3047 3819 3364 3885 Eiusdem
3424 3825 3798 3905 argumenti
3840 3843 3968 3887 non
4014 3823 4289 3890 verebor

2341 3904 2514 3971 hanc
2556 3925 2815 3988 quoque
2858 3905 3199 3988 epistolam
3246 3905 3329 3971 ad
3376 3928 3494 3972 vos
3537 3906 3813 3985 mittere,
3857 3908 4116 3989 quando
4152 3916 4291 3976 tam

2338 3990 2510 4056 fidus
2552 3992 2837 4057 occurrit
2878 3993 3175 4059 nuncius.
3247 3991 3328 4056 Id
3372 4002 3449 4057 ut
3490 3991 3725 4057 faciam
3770 4004 3961 4077 urget
3994 3994 4287 4061 eiusdem

2338 4077 2712 4142 carissimae
2769 4077 3011 4143 sororis
3067 4085 3328 4143 nostrae
3373 4076 3555 4142 dolor
3596 4088 3663 4142 et
3703 4079 4020 4157 molestia,
4084 4101 4283 4163 quam

2336 4161 2565 4228 multis
2630 4163 2847 4229 verbis
2913 4172 2980 4229 et
3042 4162 3432 4229 elamoribus
3496 4183 3629 4227 non
3692 4163 3963 4229 obscure
4020 4165 4283 4232 indicat.

2337 4246 2887 4332 Quandoquidem
2951 4250 3237 4314 maxime
3292 4248 3420 4313 sibi
3462 4249 3651 4314 timet
3694 4269 3777 4314 ne
3822 4269 3862 4313 a
3903 4260 4125 4317 vestro
4167 4254 4283 4319 eii-

2330 4335 2543 4402 ciatur
2612 4334 2957 4412 consortio,
3026 4342 3373 4419 propterea
3432 4331 3607 4417 quod
3673 4332 3756 4400 ad
3820 4355 3941 4401 vos
4000 4337 4281 4420 gravida

2335 4421 2595 4486 venerit
2639 4421 2885 4504 absque
2944 4422 3197 4493 marito.
3266 4440 3478 4502 neque
3525 4419 4041 4502 desponsationis
4084 4424 4282 4490 fidem

2330 4694 2513 4751 8768.
2536 4696 2594 4763 1)
2632 4695 2845 4749 Nomen
2877 4695 2984 4763 kat·
3012 4699 3184 4763 potest
3202 4696 3429 4756 Peneus.
3466 4700 3516 4750 ot
3549 4694 3654 4749 huo
3684 4694 4031 4761 referendum
4065 4696 4280 4754 uidene

2511 4763 2665 4819 habet
2706 4762 2850 4818 Hesi.
2886 4764 3007 4819 eccl.
3044 4764 3088 4817 I.
3117 4761 3249 4816 765:
3287 4762 3492 4818 stane.
3530 4764 3597 4817 de
3629 4763 3895 4834 laPonqe
3927 4764 4280 4823 adstote-es

2332 4837 2383 4887 et
2415 4847 2555 4901 spec.
2577 4831 2933 4887 Iuliodunum
2965 4831 3260 4913 (Louaun)
3291 4831 3490 4887 mam
3523 4839 3603 4888 eet
3636 4850 3703 4888 in.
3733 4832 3875 4902 Sept.
3904 4831 4055 4887 1561.
4109 4836 4276 4891 Hunc

2331 4903 2475 4956 em'm
2523 4907 2766 4956 autorem
2816 4900 2985 4955 huius
3037 4916 3116 4968 ep.
3153 4899 3328 4966 fussee
3378 4901 3665 4957 medinm.
3743 4900 3902 4970 Quod
3944 4902 4022 4958 ad
4062 4904 4277 4960 natales

2329 4969 2525 5026 attinet
2572 4986 2687 5024 eam
2726 4968 2935 5038 primis
2975 4972 3091 5036 fere
3134 4970 3407 5026 namus
3440 4986 3494 5026 a.
3533 4968 3668 5025 1562
3711 4972 3974 5040 scriptam
4011 4979 4276 5040 putam

2330 5055 2499 5110 qum
2548 5040 2872 5095 domama
2921 5054 2978 5095 se
3028 5039 3315 5108 scripsisse
3364 5039 3516 5096 dieat
3592 5039 4280 5107 etvsrmfinmluuii'

2331 5108 2447 5164 voti
2491 5109 2584 5163 sui
2613 5113 2906 5177 compotes·
2939 5108 3148 5173 fadum
3180 5107 3434 5174 affirmet.
3517 5082 3715 5163 &mm
3749 5108 3887 5164 alah·
3917 5107 4168 5163 distinam
4198 5109 4270 5165 10-

2329 5177 2483 5248 m‘tur
2506 5177 2735 5244 Panous,
2769 5177 3013 5301 fumij
3046 5176 3360 5232 &abiimus
3392 5180 3528 5247 quis
3560 5177 3652 5233 hic
3682 5178 3768 5232 vir
3798 5176 3944 5231 iden
3974 5176 4050 5231 ait
4081 5193 4149 5233 ac
4184 5179 4276 5234 ale

2331 5247 2433 5316 qui
2464 5246 2850 5301 Porrnssonius
2924 5248 3091 5304 icitur
3126 5245 3190 5299 N.
3225 5244 3363 5301 2429
3396 5252 3450 5302 et
3481 5246 3689 5302 Paneas
3722 5245 3786 5297 N.
3820 5243 3975 5299 2540.
