4850 6117
614 392 742 455 595
2113 391 2638 460 EPISTOLAB.
2682 392 3108 459 3883-3884
4482 394 4593 455 596

1486 576 1695 652 8888.

1109 730 1589 814 BOQUINUS
1624 733 2061 801 OALVINO.

786 901 1326 988 Heidelberyenses
1415 905 1876 973 Vesaliensnzus
1950 908 2158 990 royati
2232 906 2560 974 consilium

612 985 893 1055 exhibent
943 990 1020 1056 de
1072 989 1350 1074 formula
1404 993 1681 1074 quadam
1727 1012 1930 1076 nuper
1973 1014 2016 1058 a
2056 992 2434 1076 mayistratu
2475 993 2563 1059 iis

611 1075 928 1159 inwosita·

819 1246 933 1312 (Ex
968 1249 1280 1316 apographo
1316 1246 1443 1303 eod.
1482 1247 1655 1305 Paris.
1688 1248 1888 1320 Dupny
1926 1247 2041 1318 102,
2072 1249 2162 1304 fol.
2200 1248 2342 1318 177.)

787 1415 910 1483 Sin
1005 1417 1161 1484 laris
1226 1419 1489 1502 pietatis
1566 1429 1763 1503 atque
1827 1420 2209 1488 eruditionis
2275 1422 2415 1488 viro
2468 1421 2555 1487 D.

614 1500 849 1568 Ioanni
962 1503 1177 1571 alvino
1246 1504 1553 1572 ecclesiae
1608 1506 2018 1573 Genevensis
2081 1508 2324 1592 pastori
2389 1508 2558 1593 vigi·

611 1586 1000 1655 lautissimo,

2055 1678 2386 1746 Genevae.

784 1843 970 1926 Quae
1017 1853 1120 1910 est
1161 1846 1333 1929 apud
1367 1848 1786 1915 Vesalienses
1821 1850 2315 1933 peregrinorum
2357 1849 2561 1915 eccle·

609 1930 710 1998 sia
750 1933 1020 1996 miserat
1061 1929 1144 1995 ad
1202 1954 1322 1999 nos
1364 1935 1676 2001 nundinis
1730 1936 2168 2019 superioribus
2209 1935 2561 2002 formulam

609 2016 935 2100 quandam
996 2019 1434 2101 confessionis,
1491 2023 1965 2100 concinnatam,
2030 2029 2107 2087 ut
2157 2022 2468 2100 creditur,
2522 2041 2562 2085 a

608 2102 996 2186 quibusdam
1041 2105 1150 2186 qui
1192 2104 1343 2171 istic
1383 2116 1538 2171 sunt
1576 2106 2147 2173 Heshusianarum
2188 2108 2494 2190 partium,
2509 2106 2560 2193 ¹)

608 2209 886 2271 quorum
932 2190 1249 2255 autoritas
1294 2213 1732 2277 numerusque
1768 2203 1867 2260 est
1909 2202 2135 2260 tantus
2172 2203 2247 2259 ut
2287 2214 2559 2277 persua-

610 2274 765 2339 dere
818 2276 1153 2358 potuerint
1206 2278 1617 2361 magistratui
1687 2299 1831 2344 eam
1885 2300 2027 2345 esse
2081 2277 2558 2345 obtrudendam

607 2362 992 2444 peregrinis,
1050 2370 1127 2425 ut
1184 2383 1304 2427 sua
1357 2363 1832 2447 subscriptione
1883 2366 2262 2449 approbent,
2317 2364 2557 2447 alioqui

609 2446 822 2511 sciant
864 2466 935 2510 se
964 2444 1124 2511 urbe
1168 2447 1427 2530 pulsum
1471 2449 1572 2514 iri.
1632 2448 1989 2517 Mittebant
2024 2461 2243 2516 autem
2278 2451 2374 2518 illi
2411 2471 2558 2516 eam

610 2531 956 2597 formulam
1015 2541 1089 2597 ut
1144 2542 1439 2598 nostram
1500 2538 1888 2601 seutentiam
1930 2538 2397 2620 consiliumque
2442 2557 2557 2601 ex·

607 2637 1019 2701 poneremus,
1053 2639 1181 2701 quo
1216 2620 1370 2702 quid
1407 2621 1566 2704 ipsis
1607 2622 1680 2687 in
1715 2643 1794 2688 ea
1851 2643 1923 2688 re
1958 2625 2126 2688 facto
2176 2631 2349 2688 esset·
2392 2643 2557 2705 opus

609 2703 851 2770 certius
911 2704 1169 2769 scirent.
1254 2703 1405 2787 Quo
1462 2729 1619 2774 vero
1673 2708 1915 2774 rectius
1957 2708 2299 2775 consulere
2336 2728 2556 2793 posse-

605 2809 753 2854 mus
819 2786 1064 2873 aliquid
1129 2790 1298 2873 quod
1363 2813 1399 2857 e
1443 2814 1515 2859 re
1574 2794 1867 2877 ipsorum
1934 2804 2121 2874 esset,
2182 2794 2377 2860 simul
2437 2815 2557 2859 nos

605 2877 1268 2942 commonefaciebant
1311 2876 1391 2943 de
1435 2879 1719 2945 civitatis
1758 2880 1938 2946 illius
1994 2888 2170 2946 statu
2211 2887 2278 2946 et
2320 2878 2553 2945 adver-

606 2961 932 3028 sariorum
977 2982 1253 3027 suorum
1295 2964 1579 3030 consilio.
1667 2965 1972 3032 Civitatis
2015 2986 2208 3050 porro
2250 2974 2464 3032 status
2497 2966 2555 3031 is

606 3067 751 3113 esse
796 3045 1062 3112 dicitur:
1120 3046 1463 3115 Consulem
1516 3050 1712 3116 habet
1751 3052 1971 3118 virum
2028 3053 2224 3136 pium,
2272 3050 2553 3130 doctum,

607 3133 912 3211 nobilem,
972 3143 1037 3197 et
1094 3155 1243 3199 cum
1287 3137 1650 3220 peregrinis
1692 3138 1765 3202 in
1822 3137 2116 3204 doctrina
2149 3137 2554 3203 consentien-

608 3225 763 3296 tem,
822 3239 899 3285 ac
952 3216 1098 3283 ideo
1155 3219 1315 3303 ipsis
1350 3224 1628 3288 amicum
1673 3232 1742 3288 et
1782 3224 2130 3291 faventem.
2158 3225 2216 3306 2)
2304 3223 2556 3288 Verum

606 3312 940 3370 senatores
992 3304 1051 3368 is
1109 3306 1307 3371 habet
1364 3308 1605 3375 multos
1656 3331 1735 3375 ea
1775 3310 1846 3375 in
1899 3331 1972 3376 re
2029 3307 2111 3375 ab
2152 3310 2293 3392 ipso
2348 3308 2555 3392 pluri·

606 3409 790 3454 mum
847 3390 1320 3458 dissentientes.
1420 3394 1761 3461 Ministros
1804 3395 2112 3462 ecclesiae
2155 3394 2354 3461 habet
2396 3394 2554 3460 civi-

606 3483 711 3541 tas
754 3485 1029 3557 quatuor
1087 3477 1155 3540 in
1212 3488 1454 3544 totum:
1479 3482 1537 3556 8)
1583 3503 1782 3546 unum
1826 3481 2230 3560 Iuliacensis,
2272 3480 2558 3563 reliquos

608 3562 841 3628 civitas
884 3562 1243 3627 constituit.
1332 3564 1455 3630 Ille
1498 3587 1582 3630 ex
1627 3567 1912 3650 professo
1956 3568 2197 3633 nostris
2246 3566 2556 3633 adversa-

609 3654 735 3725 tur,
795 3649 902 3713 isti
958 3657 1186 3712 contra
1241 3648 1337 3713 eis
1380 3653 1844 3729 assentiuntur,
1891 3662 1960 3718 et
2000 3653 2175 3717 inter
2217 3652 2339 3717 hos
2381 3673 2557 3718 unus

606 3745 829 3817 aperte
886 3734 1250 3799 doctrinam
1310 3748 1599 3802 nostram
1660 3737 1969 3803 defendit.
2063 3737 2165 3804 Ad
2209 3736 2555 3804 consilium

608 3818 1128 3885 adversariorum
1186 3822 1358 3904 quod
1424 3824 1672 3903 attinet,
1738 3823 1859 3890 hoc
1917 3846 2057 3889 esse
2113 3823 2421 3901 creditur,
2479 3831 2558 3888 ut

605 3905 987 3989 peregrinos
1029 3926 1157 3988 quo
1200 3908 1340 3972 iure
1384 3929 1597 3991 quave
1649 3909 1890 3975 iniuria
1931 3909 2295 3976 excludant.
2383 3909 2556 3974 Nam

608 4211 792 4267 8888.
823 4213 875 4283 l)
911 4213 1157 4270 Notatur
1190 4215 1279 4270 hic
1313 4217 1553 4270 manime
1572 4217 1791 4285 primu
1817 4218 2007 4273 consul
2032 4216 2337 4272 Didericus
2375 4218 2559 4273 Groen

608 4282 873 4336 Heskusii
918 4284 1108 4347 affinis
1152 4284 1256 4351 (N.
1299 4283 1477 4351 3711),
1526 4287 1619 4340 cui
1675 4287 1764 4341 hic
1821 4287 2100 4343 dicaverat
2150 4287 2345 4342 librum
2397 4303 2557 4341 mm

605 4349 726 4404 Von
771 4351 872 4405 der
912 4353 1235 4420 Gegenwart
1285 4354 1384 4408 des
1431 4354 1595 4407 Leibs
1644 4354 1845 4409 Christi
1890 4357 1966 4409 im
2013 4355 2354 4409 Abendmahl
2404 4355 2555 4409 1561.

607 4416 739 4485 Ipse
772 4436 825 4472 a.
875 4418 928 4474 d.
963 4422 1071 4475 IV.
1112 4421 1226 4476 Gal.
1276 4421 1416 4476 Nou.
1461 4421 1594 4476 1561
1641 4440 1837 4479 novam
1882 4426 2269 4489 confessionem
2314 4425 2557 4492 promul-

602 4487 846 4568 gandam
881 4493 1096 4545 curavit
1124 4507 1229 4560 pro
1258 4493 1485 4560 puriore
1519 4493 1957 4576 Lutherqnismo,
2066 4509 2130 4547 ae
2162 4495 2338 4547 coetui
2373 4492 2555 4547 Gallo-

604 4571 728 4679 2:³2¹·
763 4565 1159 4706 ’ἒέιῖῗῗῧῖἶᾶ
1179 4567 1230 4615 ⁶*
1313 4559 2557 4697 {Zpffissmfflf'finf‘tvffiassssffi'gssi

605 4693 916 4762 Hyper-mm
961 4698 1013 4749 et
1047 4696 1520 4767 Heidelberqemes
1566 4698 1833 4768 theologos
1878 4698 2135 4754 adierunt
2166 4715 2396 4768 quorum
2429 4716 2554 4755 con-

605 4763 793 4817 silium
838 4763 947 4816 eibi
988 4766 1332 4831 expetebant.-
1388 4768 1474 4821 Hs·
1514 4782 1698 4822 omnes
1741 4769 1899 4823 talem
1952 4770 2339 4833 consessionem
2383 4770 2558 4836 recipi

603 4847 718 4885 non
761 4845 920 4898 posse
963 4832 1315 4889 declararunt
1391 4834 1634 4898 Wolters,
1673 4835 1798 4906 Rof.
1846 4854 1894 4891 υ.
1940 4836 2112 4892 Wesel
2144 4835 2248 4890 236
2289 4853 2366 4907 sq.
2400 4836 2550 4903 456).

606 4899 697 4954 De
727 4901 850 4967 ipso
883 4900 1114 4968 consule,
1148 4902 1275 4956 olim
1382 4904 1750 4960 danchthonis
1789 4907 2024 4976 hospitio
2058 4922 2159 4959 uso
2193 4906 2322 4960 dnm
2367 4905 2555 4961 Witte-

602 4971 799 5037 bosque
831 4968 1296 5036 iurisprudentiae
1330 4976 1833 5042 operammavabat,
1869 4992 1920 5029 v.
1953 4973 2211 5030 ibid.139
2244 4980 2296 5029 et
2327 4977 2552 5042 passim.

809 5036 865 5100 2)
903 5038 1057 5091 Haec
1089 5043 1200 5091 iam
1236 5040 1397 5093 aliter
1430 5048 1643 5096 sonam.

809 5109 869 5173 3)
909 5105 1098 5161 Erant
1153 5106 1279 5162 Tem.
1319 5108 1633 5172 Placemus,
1687 5109 1917 5173 Bellias,
1958 5110 2122 5165 Ionan
2185 5117 2238 5167 et
2272 5111 2357 5168 10.
2389 5111 2550 5167 Heit·

595 5175 715 5242 feld
749 5179 848 5245 qui
880 5180 932 5230 et
971 5176 1139 5230 Pabst
1183 5176 1479 5256 dicebatur.
1557 5175 1796 5245 Quorum
1837 5183 2052 5248 primus
2086 5150 2352 5235 demusin·
2382 5184 2549 5237 armi-

598 5260 697 5313 qer
729 5252 867 5308 erat,
901 5246 1105 5299 caetera·
1144 5246 1400 5310 maiores,
1449 5244 1669 5301 ultratus
1698 5254 1890 5316 postca
1931 5250 2145 5316 primas
2176 5250 2284 5318 egit
2316 5252 2380 5304 in
2413 5252 2550 5306 urbe

595 5313 679 5368 ad
713 5312 1108 5369 Gabinianum
1139 5312 1499 5370 traducenda.

2663 585 2960 645 metuere
3012 577 3321 646 videntur
3378 599 3463 643 ne
3492 577 3668 664 ,quid
3716 577 3849 644 tale
3907 586 4101 663 atque
4157 577 4394 645 vicinis
4444 578 4595 645 Bre-

2662 663 2996 731 mensibus
3058 664 3221 748 ipsis
3284 664 3553 731 accidat.
3661 664 3744 730 In
3808 685 3957 730 eum
4021 665 4220 730 finem
4288 662 4600 731 iudicatur

2662 751 3054 818 concinnata
3095 770 3240 816 esse
3282 750 3443 816 haec
3476 749 3761 815 formula
3795 749 4099 834 ambigua
4138 750 4417 817 obscura
4447 748 4603 818 dura

2662 845 2857 919 atque
2898 834 2983 901 ad
3023 834 3468 921 illaqueandos
3510 835 3689 921 ipsos
3731 837 4104 921 composita.
4190 836 4484 902 Ministri
4511 836 4603 902 illi

2661 923 2931 987 minime
2972 922 3148 1002 mali,
3195 920 3352 987 dum
3386 921 3497 988 isti
3538 922 3712 989 malo
3745 943 4084 988 occurrere
4124 922 4423 1007 cupiunt,
4454 920 4603 991 locis

2661 1006 3035 1074 durioribus
3091 1007 3696 1091 interpretationem
3741 1007 4070 1087 adhibent,
4113 1028 4331 1091 neque
4386 1028 4428 1073 a
4468 1028 4602 1075 ver-

2662 1094 2761 1160 bis
2812 1093 3131 1159 formulae
3186 1093 3454 1160 omnino
3499 1094 3800 1171 alienam,
3852 1115 4061 1178 neque
4104 1114 4145 1158 a
4196 1101 4430 1160 nostra
4465 1092 4603 1162 doc-

2662 1181 2835 1245 trina
2891 1180 3417 1246 dissentientem:
3472 1190 3540 1245 et
3593 1179 3664 1245 id
3706 1179 3970 1263 quidem
4023 1179 4293 1245 illorum
4351 1178 4603 1264 quidam

2662 1286 2781 1349 pro
2837 1268 3146 1333 concione
3207 1267 3418 1332 facere
3460 1267 3690 1343 solent,
3755 1266 3942 1331 velut
3995 1265 4272 1333 articulo
4322 1266 4407 1331 de
4461 1264 4604 1351 bap·

2660 1352 2870 1428 tismo,
2912 1352 3116 1424 aiunt.
3154 1350 3453 1417 damnari
3489 1352 3882 1418 sacramenti
3916 1359 4419 1435 contemptores,
4455 1352 4605 1419 alios

2658 1458 2698 1502 a
2741 1439 2953 1503 salute
2975 1438 3246 1503 minime
3289 1437 3566 1503 excludi.
3613 1439 3866 1504 Locum
3911 1437 3991 1503 de
4012 1437 4211 1503 Petro
4255 1445 4327 1502 et
4348 1436 4510 1503 Iuda
4539 1438 4606 1503 in

2655 1522 2927 1589 articulo
2970 1524 3051 1589 de
3093 1542 3295 1589 coena
3335 1531 3705 1606 temperant
3725 1524 4260 1606 interpretatione
4283 1521 4468 1589 verbi
4484 1524 4606 1590 dis-

2655 1609 2953 1675 tribuitur
2972 1630 3101 1693 quo
3123 1610 3482 1694 significari
3526 1612 3731 1688 aiunt,
3774 1630 4011 1692 corpus
4038 1629 4125 1673 ex
4167 1630 4382 1692 aequo
4422 1610 4606 1676 utris-

2661 1716 2789 1779 que
2846 1695 3093 1772 offerri,
3151 1715 3386 1778 nempe
3441 1694 3795 1761 fidentibus
3839 1707 3904 1760 et
3955 1694 4333 1761 incredulis.
4425 1693 4605 1776 Quod

2662 1781 2858 1864 paulo
2922 1788 3071 1864 post
3136 1780 3536 1847 damnantur
3599 1782 3710 1864 qui
3774 1781 4029 1847 Ohristi
4094 1801 4338 1865 corpus
4407 1780 4605 1846 solum

2661 1867 3042 1950 spiritaliter
3110 1868 3282 1932 sumi
3364 1879 3697 1945 asserunt,
3756 1867 4039 1950 intelligi
4095 1868 4338 1932 volunt
4393 1864 4473 1932 de
4531 1867 4605 1933 iis

2661 1954 2774 2036 qui
2829 1952 3006 2018 nuda
3062 1954 3453 2038 cogitatione
3509 1952 3686 2019 istud
3745 1954 3888 2018 fieri
3933 1951 4236 2019 dictitant
4278 1961 4352 2018 et
4402 1973 4603 2018 sacra·

2662 2047 2960 2103 mentum
3023 2058 3143 2122 pro
3207 2038 3412 2104 nihilo
3479 2039 3741 2105 ducunt.
3830 2038 4023 2119 Quod
4089 2048 4427 2123 postremo
4478 2037 4604 2106 loco

2660 2125 2947 2208 positum
2983 2134 3087 2190 est
3142 2125 3215 2189 in
3267 2124 3494 2191 eodem
3540 2123 3813 2191 articulo
3871 2124 3954 2189 ad
3999 2145 4113 2190 eos
4156 2122 4464 2189 referunt
4505 2125 4604 2208 qui

2661 2231 2748 2276 ex
2806 2212 3184 2277 ascensione
3238 2211 3309 2275 in
3367 2211 3619 2276 coelum
3678 2212 4039 2276 absentiam
4083 2231 4124 2275 a
4163 2230 4378 2276 coena
4418 2211 4604 2276 confi-

2658 2296 2859 2363 ciunt.
2957 2296 3449 2362 Absolutionem
3506 2297 3589 2362 ad
3646 2296 4056 2379 disciplinam
4113 2296 4450 2380 pertinere
4502 2316 4605 2362 vo·

2658 2382 2819 2447 lunt.
2879 2383 3169 2448 Demum
3211 2403 3368 2449 voce
3390 2384 4050 2449 sacramentariorum
4093 2381 4402 2447 damnari
4435 2382 4605 2447 aiunt

2659 2488 2770 2533 eos
2815 2469 2927 2552 qui
2984 2478 3391 2535 sacramenta
3451 2468 3556 2534 vel
3609 2468 3963 2552 repudiant
4020 2467 4124 2533 vel
4181 2475 4605 2533 contemnunt

2659 2553 2967 2637 nudaque
3041 2555 3233 2637 signa
3300 2555 3567 2621 faciunt.
3679 2554 3945 2620 Talibus
4009 2554 4602 2636 interpretamentis

2657 2639 2811 2705 boni
2864 2640 2978 2706 isti
3024 2640 3310 2705 ministri
3364 2650 3685 2706 conantur
3734 2641 3992 2705 mollire
4052 2639 4368 2705 duritiem
4413 2639 4599 2717 illam,

2659 2746 2742 2790 ne
2802 2726 3074 2792 ecclesia
3125 2725 3208 2791 ab
3265 2747 3344 2792 ea
3378 2725 3661 2792 formula
3707 2724 4054 2791 abhorreat
4093 2733 4163 2791 et
4205 2724 4600 2792 subscribere

2659 2810 2992 2877 detrectet.
3080 2812 3174 2876 Et
3230 2833 3347 2877 nos
3391 2811 3646 2895 quidem
3703 2813 4042 2895 principio,
4089 2811 4246 2876 dum
4287 2812 4601 2876 rationem

2658 2896 3055 2963 habebamus
3132 2898 3561 2964 afflictionum
3628 2919 3790 2981 quas
3854 2896 4124 2981 pertulit
4195 2918 4277 2961 ea
4344 2896 4601 2963 ecclesia

2657 2983 2937 3048 multum
3001 3003 3078 3050 ac
3141 2982 3253 3049 diu
3322 2983 3639 3050 hactenus
3702 2984 3963 3061 iactata,
4028 2992 4096 3048 et
4158 2982 4599 3048 calamitatum

2658 3090 2822 3153 quae
2865 3068 3078 3135 adhuc
3123 3090 3267 3134 eam
3312 3078 3597 3146 manent,
3635 3071 3689 3135 si
3735 3068 3963 3136 cedere
3993 3070 4155 3135 urbe
4187 3068 4307 3134 illa
4342 3078 4600 3153 cogatur

2657 3156 2731 3219 in
2777 3155 3169 3221 tristissimis
3211 3156 3356 3222 istis
3400 3157 3819 3239 temporibus,
3888 3154 4328 3221 suadebamus
4399 3156 4597 3232 etiam,

2658 3241 2988 3324 plerisque
3013 3241 3174 3306 viris
3196 3243 3320 3325 piis
3356 3261 3431 3306 ac
3454 3239 3642 3307 bonis
3666 3262 3786 3306 nos
3807 3239 4238 3317 hortantibus,
4264 3249 4344 3305 ut
4366 3242 4596 3306 formu·

2658 3326 2763 3393 lae
2784 3325 3239 3404 subscriberet,
3262 3348 3341 3393 ea
3374 3327 3517 3410 lege
3538 3335 3615 3392 ut
3636 3329 4060 3412 magistratus
4084 3325 4486 3392 adscriberet
4505 3325 4596 3389 iu-

2658 3414 3194 3495 terpretationem
3237 3434 3321 3478 ex
3365 3413 3708 3496 scripturis
3753 3412 3955 3479 sacris
3997 3413 4273 3495 petitam
4319 3413 4382 3478 ei
4426 3410 4595 3477 adhi-

2658 3497 2935 3564 bendam
2992 3520 3151 3565 esse.
3234 3499 3491 3564 Verum
3534 3520 3619 3565 ne
3664 3499 3788 3565 hoc
3831 3499 4092 3581 quidem
4134 3497 4388 3582 placuit
4429 3518 4597 3563 sena-

2657 3585 2756 3649 tui
2801 3584 2998 3665 urbis,
3044 3604 3208 3667 quae
3243 3584 3598 3650 multorum
3645 3593 3747 3651 est
3780 3584 4165 3668 pervicacia.
4242 3583 4472 3668 Itaque
4504 3603 4594 3648 se-

2656 3669 2870 3735 cundo
2934 3680 3234 3735 nostrum
3299 3670 3639 3735 consilium
3704 3670 3997 3754 petivere
4057 3671 4274 3736 missis
4334 3671 4408 3734 in
4463 3689 4591 3734 eam

2656 3778 2795 3820 rem
2850 3755 3100 3821 duobus
3155 3756 3317 3822 viris
3372 3757 3557 3823 bonis
3611 3758 3720 3839 qui
3765 3768 4160 3821 monuerunt
4209 3762 4307 3834 ut,
4352 3754 4592 3839 quando

2658 3841 3006 3908 formulam
3075 3842 3256 3906 velut
3318 3851 3690 3926 suspectam
3749 3862 4159 3924 nequaquam
4222 3841 4593 3925 simpliciter

2658 3926 3099 4012 accipiendam
3133 3927 3514 4007 iudicamus,
3537 3926 4028 3994 ostenderemus
4052 3927 4374 3992 formulae
4411 3926 4591 3991 verba

2659 4035 2790 4078 non
2849 4014 2916 4079 id
2982 4034 3214 4079 sonare
3278 4013 3450 4097 quod
3517 4013 3802 4079 ministri
3867 4011 4113 4092 dicunt,
4163 4012 4278 4078 sed
4340 4030 4588 4078 sensum

2658 4101 2931 4184 gignere
2994 4119 3147 4164 cum
3204 4101 3311 4183 pia
3367 4120 3656 4183 sanaque
3713 4100 4009 4166 doctrina
4064 4107 4491 4183 pugnantem,
4530 4092 4589 4160 id

2658 4184 2829 4269 quod
2874 4183 3146 4251 fecimus
3191 4206 3311 4269 ego
3347 4195 3413 4250 et
3447 4186 3729 4270 collegae
3772 4185 3904 4250 mei
3945 4206 4074 4269 qua
4114 4185 4449 4266 potuimus
4480 4181 4591 4248 fide

2657 4279 2725 4337 et
2767 4269 3123 4354 diligentia,
3158 4281 3479 4354 quantum
3514 4294 3619 4337 res
3654 4270 3985 4355 postulare
4021 4271 4205 4336 nobis
4239 4270 4585 4336 videbatur.

2657 4358 3035 4423 Monuimus
3083 4367 3304 4422 tamen
3358 4358 3595 4423 fratres
3647 4365 3741 4436 ut,
3798 4358 3978 4439 prius
4036 4378 4229 4440 quam
4288 4358 4448 4422 istas
4497 4373 4586 4417 ra·

2658 4443 2868 4507 tiones
2906 4443 3285 4524 proferrent,
3330 4451 3662 4509 tentarent
3698 4465 3784 4508 an
3820 4443 4076 4508 senatui
4119 4443 4422 4507 satisfieri
4457 4459 4588 4523 pos·

2654 4537 2757 4594 set
2799 4528 3271 4612 subscriptione
3305 4529 3372 4595 in
3412 4531 3872 4613 Augustanam
3907 4528 4393 4606 confessionem,
4437 4543 4585 4609 quae

2652 4615 2842 4681 nobis
2896 4614 3064 4680 ratio
3128 4614 3643 4698 compendiosior
3691 4635 3832 4680 esse
3899 4616 4041 4679 visa
4096 4622 4198 4677 est
4253 4633 4328 4677 ac
4382 4614 4584 4676 minus

2653 4700 2989 4766 invidiosa.
3078 4699 3272 4782 Quod
3328 4701 3382 4765 si
3438 4721 3515 4765 ea
3558 4702 3670 4766 via
3711 4700 3956 4784 placari
3990 4708 4255 4765 senatus
4300 4704 4579 4781 nequeat,

2651 4787 3094 4853 consuluimus
3139 4793 3215 4851 ut
3247 4790 3559 4870 scriptum
3585 4788 3950 4870 proferrent
3982 4796 4297 4864 nostrum,
4332 4805 4456 4868 quo
4489 4781 4581 4846 isti

2650 4871 3097 4956 intelligerent
3140 4892 3250 4937 eos
3293 4893 3425 4937 non
3472 4880 3718 4937 temere
3759 4871 4120 4937 detrectare
4154 4872 4439 4955 ipsorum
4472 4869 4580 4932 im·

2651 4958 2926 5042 perium.
3026 4958 3167 5023 Ista
3221 4966 3297 5022 ut
3351 4959 3471 5024 tibi
3529 4978 3923 5041 exponerem
3966 4965 4358 5022 monuerunt
4402 4954 4577 5021 colle·

2650 5064 2773 5128 gae
2825 5045 2978 5125 mei,
3040 5052 3108 5109 et
3162 5044 3276 5127 qui
3331 5066 3371 5110 a
3410 5042 3910 5109 Vesaliensibus
3954 5043 4137 5108 missi
4184 5042 4448 5107 fuerunt
4484 5057 4577 5102 me

2650 5139 2981 5214 rogarunt,
3025 5149 3154 5212 quo
3195 5130 3460 5214 plenius
3502 5151 3643 5195 rem
3688 5136 3892 5195 totam
3934 5128 4338 5212 intelligeres
4378 5135 4443 5192 et
4474 5143 4575 5208 pro

2648 5225 2765 5281 tua
2829 5215 3149 5301 singulari
3214 5216 3580 5282 eruditione
3642 5225 3838 5299 atque
3899 5216 4142 5299 pietate
4204 5214 4275 5278 in
4340 5226 4575 5279 summ

2648 5303 2978 5367 anxietate
3035 5302 3405 5368 constitutis
3462 5301 3867 5368 consuleres:
3925 5300 3992 5366 id
4043 5297 4215 5384 quod
4271 5307 4338 5365 te
4387 5299 4570 5362 factu·
