4850 6117
322 462 445 524 149

319 646 524 713 Aussi
568 667 657 711 on
698 647 777 710 fit
821 643 1099 711 election
1144 642 1225 708 de
1269 649 1489 708 nostre
1529 643 1699 707 frere
1741 641 2051 725 Jaqudus
2101 662 2268 727 pour

317 731 421 798 les
462 732 733 817 Bernay
781 751 865 797 66
906 729 1207 798 161166666
1251 729 1333 794 (16
1374 729 1482 794 feu
1539 727 1620 794 de
1681 728 1897 795 bonne
1951 730 2269 795 memoire

320 817 454 884 Mr.
516 816 717 883 Helie.
803 815 878 882 Ie
941 823 1188 881 remetz
1241 814 1304 881 le
1364 821 1512 882 tout
1568 834 1609 879 a
1658 813 1727 880 la
1784 813 2134 882 discretion
2186 815 2268 881 de

319 923 467 970 mes
520 902 851 970 tresehers
926 902 1134 967 ireres
1193 909 1401 984 quant
1466 920 1506 965 a
1569 899 1890 967 l’election
1968 899 2049 966 de
2111 920 2269 967 mon

321 1008 720 1057 successeur.
805 987 941 1054 Car
984 995 1187 1071 quant
1228 995 1330 1053 est
1373 985 1455 1052 de
1498 1007 1654 1072 mo}r
1692 994 1758 1051 et
1801 986 1882 1053 de
1917 1007 2073 1052 mon
2106 1009 2269 1053 vou-

318 1074 452 1141 loir
499 1078 556 1141 ’e
597 1075 713 1160 lay
754 1073 1054 1154 declaire,
1110 1094 1234 1158 que
1268 1074 1386 1159 jay
1421 1074 1494 1157 ja
1550 1070 1647 1137 dit
1688 1093 1729 1137 a
1767 1092 1928 1138 mon
1971 1092 2269 1157 compere

319 1159 389 1227 le
449 1099 708 1247 Iioyen.
731 1161 789 1244 ⁸)
883 1159 934 1227 J
933 1181 970 1225 e
1036 1179 1202 1245 prye
1265 1158 1327 1224 le
1391 1158 1522 1224 bon
1574 1216 1583 1227 .
1629 1179 1738 1224 ere
1801 1159 2041 1259 celeste
2103 1178 2269 1225 vous

319 1246 638 1314 conduire
691 1253 758 1312 et
807 1266 971 1313 nous
1028 1251 1177 1311 tous
1229 1265 1352 1329 par
1407 1265 1529 1310 son
1642 1292 1656 1307 .
1714 1244 1948 1328 Esprit
2010 1264 2050 1309 a
2107 1245 2268 1311 faire

321 1353 401 1399 sa
440 1333 654 1399 bonne
689 1332 967 1410 volente,
1013 1352 1119 1397 me
1153 1328 1689 1397 recommandant
1722 1352 1763 1396 a
1796 1338 2019 1397 vostre
2054 1330 2268 1395 bonne

318 1437 519 1504 grace
561 1426 628 1486 et
671 1419 752 1484 de
793 1418 859 1484 16
903 1438 1056 1484 6661
1096 1437 1209 1483 166
1252 1416 1467 1483 116666
1510 1437 1850 1494 commere,
1909 1416 1977 1481 la
2018 1437 2267 1483 remer-

318 1504 503 1571 ciant
565 1505 679 1572 des
745 1511 927 1591 troys
991 1503 1223 1588 boytes
1280 1500 1493 1587 quelle
1550 1522 1661 1567 ma
1717 1522 2058 1586 envoyees.
2161 1501 2267 1569 De

314 1590 599 1658 Mostier
641 1610 682 1656 a
723 1590 910 1657 haste
954 1611 1025 1656 66
1071 1593 1109 1653 3
1158 1588 1496 1655 decembre
1547 1590 1726 1655 1561.

731 1727 975 1794 Vostre
1018 1726 1285 1793 humble
1327 1728 1502 1793 frere
1544 1727 1869 1794 serviteur
1911 1733 1980 1792 et
2025 1748 2180 1813 amy

1329 1813 1666 1898 perpetuel

1181 1899 1275 1965 M.
1316 1899 1395 1964 de
1438 1899 1506 1965 16
1546 1898 1785 1966 1116666.

1192 2411 1388 2483 3688.

838 2567 1247 2638 VIREOEUS
1291 2564 1726 2637 OALVINO.

492 2741 944 2808 Nemusensis
979 2740 1232 2808 ecclesia
1262 2743 1336 2807 in
1365 2741 1654 2808 diversas
1699 2744 1919 2822 partes
1950 2740 2261 2807 distracto

302 2846 497 2914 966111
569 2826 744 2893 haba
794 2847 919 2909 pro
982 2831 1251 2911 tempore
1309 2827 1672 2893 ministrum
1729 2825 1945 2892 minus
2006 2824 2260 2892 libenter

302 2915 500 2982 aedit
552 2918 609 2979 et
662 2914 879 2995 ipsam
932 2913 1200 2980 retinere
1253 2912 1403 2990 vult,
1468 2912 1664 2979 sinud
1705 2911 1864 2978 alibi
1904 2912 2253 2993 expetiwm.

304 2999 582 3067 Iuvenes
622 2999 887 3066 studiosi
924 2998 1107 3064 multi
1154 3003 1211 3064 et
1251 2997 1415 3076 boni,
1460 2999 1547 3065 ad
1587 2997 2006 3065 mini-stetim
2046 3017 2258 3080 copes-

299 3086 574 3155 scndum
602 3085 828 3169 parati
858 3086 1155 3151 rariores.

297 3258 424 3327 (Ex
469 3257 844 3328 authographo
887 3256 1019 3311 cod.
1066 3256 1271 3312 Gener.
1318 3254 1446 3309 111·
1513 3255 1606 3311 fol.
1655 3252 1772 3309 120.
1817 3283 1884 3294 —
1937 3253 2257 3310 Recentiora

301 3327 650 3396 exemplaria
682 3326 925 3395 reperies
957 3325 1015 3378 in
1050 3324 1178 3380 God.
1228 3322 1345 3390 116,
1393 3296 1484 3381 foi.
1523 3322 1651 3391 1303
1684 3325 1743 3377 in
1778 3322 1919 3394 Epp.
1956 3323 2119 3378 Bern.
2166 3322 2255 3378 VI.

736 3410 789 3465 p.
825 3393 949 3462 916,
988 3398 1046 3447 et
1079 3410 1167 3464 ap.
1201 3392 1491 3448 Simlerum
1523 3392 1645 3447 Vol.
1697 3390 1836 3460 102.)

485 3566 866 3634 Clarissimo
912 3566 1053 3633 viro
1085 3563 1171 3631 D.
1210 3564 1443 3631 Ioanni
1481 3562 1777 3631 Calvino.

1749 3649 2080 3754 Genevae.

486 3823 558 3892 S.
616 3823 832 3890 Valde
875 3844 1020 3889 sum
1064 3822 1381 3890 sollicitus
1437 3842 1565 3906 666
1619 3827 1812 3906 pacto
1856 3839 1963 3886 me
2006 3842 2089 3887 ex
2130 3820 2258 3888 hac

299 3911 477 3978 urbe
530 3909 895 3993 expediam,
961 3929 1166 3991 quum
1219 3908 1559 3975 advenerit
1610 3916 1870 3991 tempus
1923 3927 2051 3990 quo
2094 3906 2260 3973 mihi

294 3999 442 4064 6111
496 3996 756 4081 longius
810 3991 1379 4080 progrediendum,
1416 3994 1530 4060 ·ad
1585 3991 2029 4078 peragendam
2071 4013 2258 4076 pere·

301 4083 750 4169 grinationem
772 4086 825 4161 ¹)
870 4080 953 4147 de
973 4100 1102 4165 qua
1142 4080 1320 4145 inter
1362 4100 1483 4146 nos
1527 4077 2052 4146 deliberavimus.
2110 4079 2257 4145 Ma-

363 4168 376 4181 '
463 4176 661 4251 auget
712 4166 1213 4233 sollicitudinem
1266 4165 1442 4251 quod
1499 4164 1714 4232 desint
1754 4165 2043 4231 ministri
2093 4184 2257 4247 quos

300 4188 656 4320 fficedens
714 4252 822 4319 hic
862 4251 1241 4335 relinquam.
1330 4252 1504 4318 Nam
1564 4249 1888 4317 Martinus
1904 4248 1962 4336 ²)
2014 4251 2128 4333 qui
2171 4249 2255 4316 ad

300 4338 791 4406 Merindolinos
847 4337 1086 4404 missus
1126 4336 1347 4403 fuerat
1386 4337 1603 4403 noluit
1642 4357 1715 4405 se
1755 4335 1909 4402 huic
1948 4335 2257 4403 ecclesiae

301 4424 636 4504 addicere,
701 4423 873 4508 quod
930 4423 1233 4490 statuerit
1285 4424 1504 4490 natale
1559 4422 1772 4490 solum
1826 4422 2113 4490 revisere
2170 4443 2253 4488 ne

299 4513 611 4596 ingratus
686 4511 758 4574 16
828 4511 1110 4594 patriam
1174 4529 1318 4576 6666
1381 4509 1700 4576 videatur.
1809 4505 2255 4591 Quamobrem

302 4597 562 4663 exactis
605 4596 918 4681 hybernis
962 4595 1292 4661 mensibus
1336 4615 1413 4660 eo
1455 4596 1583 4660 iter
1617 4594 1907 4678 arripere
1941 4592 2249 4674 decrevit,

301 4703 528 4766 neque
579 4682 690 4749 hic
747 4690 885 4747 tam
941 4679 1054 4746 diu
1096 4681 1419 4749 haesisset
1459 4681 1587 4747 nisi
1628 4680 1817 4746 illum
1856 4700 2042 4747 meus
2097 4681 2252 4746 reti-

516 4973 552 5027 3
620 4973 753 5029 Voir
780 4973 910 5042 plus
941 4973 1093 5028 haut.
1611 5042 1621 5053 ·
1656 5042 1667 5054 ·
1866 5043 1876 5054 ·
2081 5042 2093 5055 ο

305 5041 498 5167 wa...-
521 4973 850 5193 23me
874 5038 1675 5194 massam
1595 5044 1790 5165 rs
1816 5047 2256 5194 ms?

305 5194 496 5235 6611666
529 5184 744 5237 mmm
777 5196 840 5235 m
873 5185 1116 5237 van-mu
1159 5187 1431 5234 moueret.
1504 5179 1590 5233 M.
1629 5178 1940 5235 Februario
1977 5177 2110 5234 1562
2141 5180 2256 5244 fust

304 5251 375 5305 iu
425 5248 616 5306 Monte
667 5247 985 5316 Pemzano,
1034 5249 1128 5304 ubi
1185 5249 1538 5303 concionatus
1586 5253 1670 5302 est
1720 5262 1774 5302 6.
1825 5246 1878 5301 d.
1934 5245 2076 5303 ΧΠ.
2138 5246 2253 5304 Gal.

312 5317 578 5375 Martias.
680 5315 939 5384 Μένωνα,
973 5318 1099 5373 laist.
1134 5315 1201 5373 de
1234 5313 1429 5371 Nimes
1459 5315 1558 5371 lv.
1595 5313 1743 5382 312.)

520 5386 578 5454 2)
692 5387 935 5443 aldonus-‘2
969 5401 1036 5442 ex
1072 5384 1374 5441 Rovineia
1403 5384 1581 5449 finisse
1610 5384 1841 5440 videtur.

2025 457 2183 521 1561
2233 454 2636 523 DEGEMB.

4198 469 4322 533 160

2370 646 2624 712 unisset
2666 646 3005 714 adventus.
3094 647 3327 733 Itaque
3365 648 3543 715 solus
3598 648 4004 734 relinquetur
4057 650 4318 738 Μακρο-

2368 737 2490 811 ιαε,
2515 733 2570 816 ⁸)
2615 731 2719 797 vir
2759 739 2934 800 certe
2978 731 3207 800 doctus
3250 740 3320 799 et
3359 734 3506 817 pius
3547 741 3617 801 et
3656 743 3966 803 constans
3999 743 4070 802 et
4100 738 4316 803 incor-

2371 824 2623 901 ruptus,
2701 817 2775 883 in
2844 839 2974 902 quo
3038 819 3157 885 vix
3219 819 3573 904 quidquam
3638 820 4008 888 desiderare
4067 824 4319 907 possim

2370 923 2568 987 quam
2611 904 2928 970 maiorem
2970 905 3042 969 16
3086 903 3359 972 dicendo
3403 906 3984 990 promptitudinem
4016 914 4085 974 et
4119 908 4318 976 vehe-

2367 990 2701 1091 mentiam.
2789 990 2981 1090 Nosti
3032 996 3258 1056 autem
3299 1012 3496 1091 quam
3540 991 3828 1093 delicatis
3870 994 4006 1061 6161
4045 994 4319 1094 auribus

2369 1096 2499 1227 6
2523 1076 3024 1229 patrata
3052 1075 4320 1249 {sastassszsszffia

2371 1246 2547 1314 hanc
2591 1245 2901 1313 distraxit
2944 1247 3284 1314 ecclesiam
3323 1248 3395 1314 in
3431 1246 3722 1317 diversas
3757 1257 3993 1334 partes,
4039 1270 4318 1336 quarum

2369 1331 2486 1398 alii
2531 1332 2852 1399 Matonem
2872 1337 2928 1411 ⁴)
2967 1334 3351 1400 ministrum
3391 1334 3635 1401 habere
3675 1334 4001 1415 volebant,
4059 1335 4172 1402 alii
4212 1358 4319 1403 re-

2369 1417 2703 1485 cusabant.
2788 1418 2923 1500 Qui
2968 1419 3255 1486 Mutom's
3306 1429 3530 1503 partes
3583 1421 3999 1488 sustinebant
4041 1444 4082 1489 a
4122 1421 4318 1489 Mau-

2364 1509 2501 1588 9eto
2541 1503 2809 1571 alienati
2852 1512 3010 1571 sunt
3052 1513 3119 1571 et
3158 1525 3278 1572 suo
3322 1507 3623 1590 exemplo
3662 1506 3826 1574 alios
3863 1528 4060 1591 quam
4117 1508 4317 1594 pluri-

2370 1611 2512 1656 mos
2546 1588 2628 1655 ab
2670 1611 2747 1656 eo
2781 1590 3347 1657 abalienaverunt:
3409 1612 3538 1675 quo
3580 1594 3661 1658 fit
3701 1601 3778 1659 ut
3811 1614 4038 1660 rarum
4079 1593 4318 1661 habeat

2340 1672 2783 1754 auditorium,
2827 1675 3089 1759 quando
3133 1674 3464 1744 auditores
3497 1679 4038 1745 concionaturum
4070 1679 4316 1746 intelli-

2369 1770 2554 1846 gunt.
2636 1760 2826 1843 Quae
2869 1763 3238 1828 animorum
3277 1762 3584 1829 alienatio
3624 1770 3693 1830 et
3747 1766 4008 1831 aurium
4051 1765 4317 1832 delitiae

2366 1847 2620 1914 faciunt
2660 1855 2738 1913 ut
2770 1847 2878 1914 vir
2918 1847 3127 1914 bonus
3161 1868 3558 1934 magnopere
3601 1850 3819 1916 animo
3853 1850 4201 1930 crucietur,
4237 1873 4316 1919 66

2367 1932 2590 2000 minus
2655 1934 2890 2001 6166116
2954 1954 3074 1999 666
3132 1934 3452 2018 fungatur
3507 1934 3740 2014 officio,
3819 1935 4082 2019 quando
4134 1936 4319 2004 videt

2365 2040 2521 2085 suos
2598 2019 2852 2086 labores
2914 2019 3039 2086 1166
3100 2019 3595 2106 ingratitudinis
3658 2019 3958 2087 mercede
4020 2023 4312 2107 rependi.

2365 2104 2789 2189 Quapropter
2844 2107 2987 2189 ipse
3043 2125 3297 2190 quoque
3352 2105 3727 2173 missionem
3786 2116 4008 2191 petere
4049 2110 4314 2194 cogitat,

2363 2190 2496 2257 11161
2537 2191 2867 2257 auditores
2909 2197 3168 2257 mutent
3208 2193 3462 2258 animos
3503 2200 3574 2257 et
3614 2192 3864 2259 fruetus
3902 2193 4126 2260 videat
4172 2214 4313 2261 me-

2364 2276 2494 2342 lius
2547 2275 2877 2343 laboribus
2930 2276 3326 2361 respondere
3380 2297 3575 2360 quam
3617 2276 3953 2354 hactenus.
4039 2280 4187 2365 Ego
4229 2278 4311 2345 il-

2362 2361 2495 2429 lius
2528 2383 2792 2429 causam
2825 2382 3020 2446 saepe
3054 2364 3178 2448 egi,
3223 2370 3293 2428 et
3323 2363 3635 2447 privatim
3671 2378 3738 2431 et
3769 2363 4044 2449 publice,
4071 2372 4308 2432 taxans

2364 2448 2627 2514 aurium
2661 2447 2919 2514 delitias
2952 2454 3019 2515 et
3052 2447 3595 2533 ingratitudinem
3630 2469 3795 2533 quae
3827 2450 4063 2517 merito
4096 2450 4308 2518 homi·

2359 2554 2516 2600 nem
2574 2534 2970 2601 excruciant.

2535 2618 2729 2701 Quod
2787 2619 2870 2685 ad
2927 2639 3033 2686 me
3087 2620 3342 2699 attinet,
3402 2620 3518 2686 vix
3556 2620 3685 2687 sibi
3726 2620 4116 2705 persuadere
4157 2643 4307 2707 pos-

2364 2714 2525 2770 sunt
2564 2725 2671 2770 me
2713 2704 2871 2773 hinc
2910 2706 3263 2785 abiturum,
3306 2707 3605 2789 quamvis
3639 2706 3765 2773 hoc
3797 2707 4014 2792 ipsum
4047 2709 4309 2792 saepius

2363 2791 2790 2875 significarim
2844 2798 2915 2858 et
2962 2790 3421 2858 confirmarim.
3521 2791 3955 2859 Arbitrantur
4007 2794 4186 2860 enim
4236 2815 4309 2861 se

2363 2877 2610 2944 multas
2643 2884 2711 2944 et
2741 2878 2967 2944 firmas
3002 2876 3244 2943 habere
3277 2895 3506 2943 causas
3540 2878 3778 2962 quibus
3810 2879 4055 2946 nostris
4090 2878 4307 2946 Gene-

2363 2962 2625 3029 vatibus
2751 2963 3059 3029 rsuadere
3099 2963 3369 3046 possint,
3413 2970 3492 3029 ut
3531 2984 3639 3030 me
3681 2963 3792 3030 hic
3847 2964 4094 3031 diutius
4147 2963 4306 3032 hae-

2362 3070 2510 3115 rere
2567 3056 2918 3132 patiantur.
3019 3049 3166 3134 Ego
3218 3047 3499 3115 dissuasi
3551 3070 3636 3116 ne
3691 3049 3818 3117 hoc
3872 3049 4119 3116 frustra
4159 3059 4305 3117 ten-

2362 3141 2601 3215 tarent,
2636 3134 3072 3218 admonuique
3113 3153 3351 3219 parum
3392 3141 3650 3219 gratam
3683 3134 3826 3203 fore
3849 3135 4307 3205 Genevatibus

2361 3219 2756 3306 legationem
2794 3240 2992 3303 quam
3035 3219 3208 3287 hanc
3250 3219 3332 3286 ob
3374 3240 3637 3288 6666616
3672 3242 3743 3289 66
3776 3221 4094 3289 missuros
4125 3224 4305 3290 affir-

2361 3306 2651 3373 mabant
2739 3304 2920 3388 Quid
2961 3305 3198 3372 facturi
3241 3306 3378 3371 sint
3418 3306 3656 3386 nescio,
3722 3308 3853 3374 nisi
3894 3307 4063 3391 quod
4109 3307 4306 3376 audio

2361 3390 2511 3459 illos
2553 3393 2626 3457 in
2667 3391 2793 3458 1166
2832 3392 3178 3476 persistere
3218 3391 3562 3472 sententia,
3613 3412 3691 3460 66
3734 3401 3995 3460 tantum
4037 3415 4303 3480 exspec-

2361 3484 2507 3544 tare
2566 3478 2771 3544 donec
2829 3496 3033 3544 novos
3093 3477 3395 3545 consules
3453 3477 3757 3560 crearint,
3835 3480 3949 3563 qui
4005 3481 4303 3565 proximo

2362 3563 2639 3631 Saturni
2681 3563 2789 3630 die
2830 3562 3097 3630 creandi
3130 3571 3304 3630 sunt.
3371 3563 3642 3630 Interea
3673 3584 3914 3651 urgeor
3946 3566 4304 3633 vehemen-

2361 3659 2465 3716 ter
2518 3669 2560 3715 6
2615 3648 2842 3715 1661116
2903 3648 3191 3715 666166116
3247 3657 3323 3715 61
3363 3650 3544 3734 ipsas
3584 3650 3890 3729 invisam,
3933 3652 4219 3718 maxime
4262 3673 4303 3718 a

2360 3735 2927 3819 Monspessulana,
2983 3735 3436 3801 Montaubana
3492 3746 3559 3802 et
3611 3736 3989 3803 Aureliana.
4086 3738 4301 3803 Aure-

2358 3821 2518 3887 liani
2562 3828 2802 3907 rogant
2842 3840 2927 3886 ne
2969 3821 3078 3887 oui
3117 3841 3226 3886 me
3267 3821 3577 3888 ecclesiae
3617 3822 3716 3887 ita
3745 3823 4106 3907 astringam
4182 3823 4303 3888 uin

2358 3906 2650 4056 generali
2694 3907 2946 3991 synodo
2986 3907 3306 3973 interesse
3347 3908 3595 3991 possim
3607 3908 3668 3991 ὅ)
3711 3928 3879 3991 6666
3921 3907 4004 3973 6(1
4060 3908 4116 3975 G
4183 3927 4298 3974 en-

2404 4014 2479 4059 as
2533 3992 2749 4059 Maias
2800 4001 3205 4060 conventura
3256 4001 3360 4058 est
3413 3992 3769 4059 Aureliam.
3856 3993 3947 4058 Et
3991 3993 4301 4078 quoniam

2359 4077 2672 4164 Synodus
2730 4075 3150 4161 provincialis
3207 4076 3674 4145 Oscitanorum
3727 4076 4028 4145 habenda
4069 4087 4170 4146 est
4212 4079 4299 4146 ad

2358 4162 2686 4250 Calendas
2742 4162 3159 4242 Februarias,
3209 4161 3505 4230 Osoitani
3546 4163 3831 4229 ministri
3874 4163 4298 4232 vehementer

2356 4251 2633 4334 cupiunt
2671 4258 2750 4316 ut
2790 4258 2858 4316 et
2902 4248 3055 4316 huic
3088 4249 3318 4316 adsim.
3343 4248 3397 4336 ⁶)

2526 4334 2713 4403 Haec
2761 4344 2918 4402 sunt
2969 4355 3138 4420 quae
3201 4342 3269 4401 te
3330 4335 3401 4401 in
3464 4334 3833 4420 praesentia
3893 4334 4062 4402 scire
4116 4335 4297 4403 volui

2355 4428 2431 4486 ut
2472 4428 2587 4489 tuo
2629 4443 2737 4489 me
2770 4422 2842 4486 in
2886 4421 3191 4488 omnibus
3229 4418 3500 4488 consilio
3532 4420 3809 4488 iuvares.
3881 4420 4053 4487 Nam
4086 4422 4296 4489 multo

2353 4506 2635 4573 alacrius
2677 4507 2834 4574 hinc
2875 4505 3293 4585 discederem,
3358 4505 3414 4571 si
3457 4505 3641 4605 prius
3673 4506 3842 4573 bene
3881 4515 4299 4592 prospectum

2354 4601 2528 4659 esset
2590 4592 2744 4662 huic
2806 4592 3116 4661 ecclesiae
3178 4610 3254 4656 ac
3318 4590 3659 4658 mimstros
3721 4591 3995 4659 haberet
4056 4594 4171 4678 qui
4233 4596 4296 4661 ei

2587 4748 2762 4759 —.-—-

2482 4828 4296 4915 ·3)PostdiscesqwspViq·etiOomisipqitma-Geneqemibu

2349 4898 4292 5090 παμπδοωὲἓθῶᾟῖἷξονωμωώηωυώ

2561 5035 2842 5104 4)cf.N.
3019 5039 3190 5093 ‚suiv

2560 5105 2792 5188 51111611
2833 5103 3108 5171 interfuit.
3182 5077 3448 5189 ‚sumaim
3490 5106 3759 5163 celebrata
3797 5105 3912 5172 fluit
3953 5121 4006 5188 q.
4042 5105 4096 5161 a.
4157 5106 4292 5161 1711.

2359 5175 2476 5239 Cal.
2516 5176 2726 5259 Maras,
2760 5180 3136 5256 quo‘oempore
3166 5191 3285 5257 qm
3321 5174 3654 5246 Luydumm
3689 5189 3746 5230 66
3777 5174 4019 5232 conada.
4057 5243 4067 5256 .
4263 5247 4275 5259 ·

2355 5315 2526 5370 ...1
2514 5243 3441 5397 ;3ὲ.··”.....··6·..6“3ἐ.ᾠ“.....·-
3455 5245 3773 5379 κω*
3786 5248 4299 5435 [ᾖε-’1116

2359 5388 2409 5440 α
2457 5383 2606 5440 th
2637 5396 2693 5453 ρ.
2727 5381 2816 5439 49.
2877 5383 3047 5454 flaua
3079 5381 3175 5438 1x.
3209 5381 3332 5437 515.
3403 5381 3646 5438 uenas-a
3676 5381 3883 5519 11110ι
3905 5385 3949 5446 .)
