4850 6117
621 371 746 433 719

620 557 845 624 iurias.
929 556 1033 623 De
1076 563 1493 625 controversa
1546 555 1842 624 doctrina
1883 535 2072 636 nihil,
2124 554 2360 639 inquit,
2406 553 2571 620 mihi

623 644 831 710 dicas:
877 663 953 709 ea
997 664 1128 708 non
1171 652 1270 708 est
1311 642 1615 721 iudicata,
1662 662 1875 727 neque
1914 640 1997 707 ad
2041 662 2161 706 nos
2196 642 2570 725 pertinebat

625 751 769 796 eam
811 727 1128 794 iudicare:
1176 728 1292 795 sed
1335 727 1417 795 ad
1462 727 1783 813 synodum
1830 726 2133 812 aliquam.
2204 727 2366 793 Fuit
2406 726 2570 792 mihi

521 865 524 870 -
624 826 953 899 utcunque
1004 815 1430 881 satisfactum.
1504 815 1656 880 Non
1716 813 1897 897 potui
1953 822 2176 878 tamen
2233 813 2571 879 continere

624 922 749 980 me,
805 922 1004 984 quum
1049 900 1321 967 daturus
1364 921 1573 967 essem
1630 900 1932 967 dexteras
1976 898 2363 978 Mar-bachim
2410 900 2572 983 quin

623 977 814 1054 illum
858 986 1363 1071 interrogarem:
1419 1007 1503 1051 an
1552 986 1833 1070 amplius
1878 994 2261 1070 agnosceret
2304 1007 2407 1051 me
2452 1005 2571 1068 pro

625 1072 971 1150 haeretico,
1030 1080 1098 1138 et
1152 1071 1514 1139 doctrinam
1557 1092 1754 1156 quam
1791 1071 1982 1137 docui
2025 1091 2145 1155 pro
2193 1070 2568 1136 haeretica?

622 1159 757 1225 Hic
811 1159 1006 1224 homo
1063 1178 1133 1224 se
1186 1165 1510 1242 torquere,
1566 1167 1632 1223 et
1674 1157 1894 1224 nescio
1938 1176 2104 1239 quae
2146 1157 2456 1223 coniectis
2500 1157 2572 1221 in

624 1243 1087 1328 compositores
1121 1244 1345 1324 oculis,
1384 1243 1586 1310 verba
1619 1244 1852 1311 dicere.
1914 1242 2082 1308 Tum
2110 1242 2573 1327 compositores

623 1331 955 1397 iusserunt
990 1351 1095 1395 me
1131 1327 1212 1394 de
1249 1329 1331 1396 iis
1366 1328 1562 1395 rebus
1596 1337 1826 1396 tacere.
1886 1327 1993 1394 Ita
2026 1330 2199 1395 facta
2234 1336 2333 1394 est
2375 1347 2572 1412 quae-

627 1415 779 1482 dam
821 1414 1181 1482 concordia.
1274 1414 1355 1481 In
1399 1414 1820 1483 concionibus
1865 1413 2099 1480 deinde
2144 1413 2432 1499 theologi
2473 1413 2573 1479 illi

626 1510 911 1586 quatuor
953 1501 1412 1586 significarunt
1453 1501 1712 1584 popule,
1758 1521 1984 1566 omnes
2019 1508 2156 1565 tam
2178 1501 2574 1584 professores

627 1608 822 1672 qnam
865 1596 1159 1671 pastores
1204 1608 1344 1653 esse
1388 1586 1590 1653 bonos
1633 1595 1701 1651 et
1741 1586 1882 1669 pios
1924 1588 2120 1665 viros,
2176 1588 2574 1671 inventaque

625 1694 769 1825 {sse
822 1675 895 1738 in
951 1692 1179 1739 eorum
1233 1672 1511 1756 scriptis,
1572 1672 1809 1757 quibus
1852 1672 2039 1738 facile
2094 1673 2315 1739 omnia
2357 1671 2574 1740 conci-

656 1760 789 1826 ’ata
831 1758 985 1825 sint.

797 1844 928 1911 Hic
971 1852 1073 1910 est
1115 1845 1266 1911 finis
1320 1851 1582 1910 nostrae
1639 1844 2031 1929 tragoediae,
2092 1845 2336 1928 optime
2389 1852 2577 1926 pater

631 1928 904 2012 Calvino,
949 1951 1140 2014 quem
1186 1930 1521 1997 verbosius
1564 1930 1898 2013 explicare
1937 1929 2134 2008 volui,
2194 1935 2272 1994 ut
2314 1930 2577 2014 singula

627 2016 863 2082 melius
902 2015 1325 2102 intelligeres,
1384 2024 1451 2081 et
1493 2036 1620 2100 qua
1661 2016 1731 2081 in
1790 2037 1862 2081 re
1906 2023 2019 2080 aut
2079 2023 2412 2099 peccatum
2461 2021 2578 2081 aut

627 2121 764 2167 non
805 2110 1142 2187 peccatum
1198 2101 1285 2167 sit
1337 2100 1626 2168 iudicare
1682 2101 1910 2185 possis.
1983 2101 2170 2185 Rogo
2213 2108 2453 2179 autem,
2500 2108 2576 2166 ut

626 2187 783 2254 boni
838 2188 1145 2255 consulas
1203 2207 1417 2253 meam
1475 2186 1959 2255 verbositatem.
2042 2187 2192 2253 Non
2256 2187 2354 2253 ita
2418 2186 2575 2252 felix

628 2294 795 2353 sum,
851 2282 928 2339 ut
978 2282 1053 2339 tu
1107 2280 1174 2339 et
1221 2273 1561 2353 Simmiae,
1620 2274 1730 2356 qui
1773 2272 1984 2337 multa
2041 2272 2261 2356 paucis
2308 2279 2374 2338 et
2426 2294 2575 2357 per-

629 2360 850 2443 spicue
894 2359 1222 2442 explicare
1265 2360 1525 2443 possim.
2468 2401 2473 2404 -

801 2446 993 2511 Nunc
1065 2444 1282 2528 accipe
1358 2445 1652 2511 breviter
1730 2443 2150 2529 appendicem
2227 2444 2575 2528 quandam.

628 2533 988 2614 Postquam
1032 2533 1267 2610 omnia,
1325 2550 1494 2614 quae
1540 2530 1623 2596 ad
1679 2538 2015 2596 narratam
2060 2530 2383 2596 actionem
2427 2551 2574 2614 per·

629 2618 860 2695 tinent,
897 2616 1175 2683 fuissent
1210 2618 1517 2696 confecta,
1557 2637 1913 2699 omnesque
1946 2616 2406 2700 compositores
2442 2616 2577 2681 dis-

629 2705 996 2782 cessissent,
1075 2704 1286 2769 vocati
1349 2702 1593 2769 fuimus
1656 2723 1696 2767 a
1745 2702 2050 2768 Dominis
2113 2702 2350 2769 nostris
2399 2700 2578 2766 Siw-

627 2790 817 2867 mius,
864 2789 1275 2856 Marbachius
1320 2796 1386 2855 et
1421 2809 1560 2873 ego,
1614 2788 1904 2871 iussique
1946 2788 2221 2854 fuimus:
2288 2788 2576 2870 primum

631 2876 872 2954 omnia,
932 2896 1102 2959 quae
1162 2874 1245 2941 ad
1288 2877 1459 2941 Acta
1500 2875 1696 2940 huius
1741 2894 1975 2940 causae
2019 2874 2444 2958 pertinerent,
2505 2873 2576 2938 in

629 2960 1084 3029 cancellariam
1128 2962 1327 3027 ferre:
1386 2959 1455 3025 id
1499 2959 1668 3044 quod
1712 2979 1866 3026 mox
1909 2980 2030 3045 ego
2067 2960 2207 3026 feci.
2296 2958 2575 3037 Deinde,

630 3054 709 3113 ut
741 3068 827 3112 ne
862 3047 944 3112 de
987 3048 1067 3113 iis
1112 3046 1404 3113 articulis
1448 3047 1884 3112 controversis
1925 3047 1999 3111 in
2041 3046 2265 3113 schola
2302 3045 2579 3111 dissera-

628 3154 778 3199 mus
843 3141 956 3198 aut
1007 3131 1428 3216 disputemus.
1505 3133 1869 3211 Postremo,
1930 3141 2005 3197 ut
2062 3152 2277 3216 neque
2333 3129 2595 3214 aliquid·

631 3217 713 3285 de
756 3218 836 3284 iis
878 3219 1073 3284 rebus
1117 3216 1622 3302 imprimendum
1687 3236 2008 3284 curemus.
2098 3217 2291 3299 Quod
2331 3239 2438 3282 me
2482 3224 2581 3281 at-

629 3306 818 3383 tinet,
878 3305 974 3369 ita
1030 3304 1367 3388 respondi:
1458 3303 1794 3385 Quamdiu
1836 3304 2017 3370 fuero
2060 3312 2282 3370 vester
2317 3304 2477 3369 civis
2512 3308 2581 3367 et

629 3390 956 3475 professor
997 3389 1067 3455 in
1114 3396 1334 3455 vestra
1377 3390 1598 3457 schola
1654 3389 1984 3456 mandatis
2044 3391 2284 3456 vestris
2328 3390 2581 3455 obtem-

628 3477 901 3561 perabo:
939 3477 1110 3543 sicut
1144 3475 1344 3542 etiam
1378 3476 1696 3543 hactenus
1716 3475 1856 3542 feci.
1923 3476 2053 3542 Die
2086 3476 2472 3560 insequenti,
2499 3477 2583 3554 ¹⁴)

629 3562 834 3646 petita
878 3569 1101 3628 tamen
1145 3563 1339 3628 venia
1383 3563 1464 3629 ab
1507 3583 1640 3627 uno
1685 3560 2086 3628 Scholarcha
2129 3570 2195 3626 et
2238 3582 2278 3627 a
2303 3560 2583 3627 Stamio

633 3646 1024 3731 decanoque,
1053 3652 1137 3725 ¹⁵)
1197 3647 1463 3715 discessi
1509 3648 1881 3732 Argentina
1925 3648 2204 3731 venique
2262 3646 2345 3711 ad
2404 3646 2582 3711 ther-

631 3753 775 3798 mas
830 3731 1185 3813 Badenses,
1250 3741 1390 3799 tum
1446 3734 1651 3798 animi
1724 3741 1865 3798 tum
1939 3734 2138 3799 etiam
2190 3731 2583 3800 valetudinis

633 3819 865 3903 gratia,
960 3821 1172 3884 iturus
1250 3820 1319 3884 in
1384 3819 1734 3885 Rhaetiam
1816 3817 1898 3885 ad
1976 3825 2281 3903 parentes
2360 3818 2584 3883 uxoris

632 3925 831 3970 meae.
863 3906 945 3983 ¹⁶)
1024 3903 1293 3970 Contuli
1339 3927 1493 3971 vero
1547 3927 1656 3971 me
1710 3912 1855 3988 post
1900 3905 2195 3971 thermas
2239 3904 2582 3989 Tigurum,

634 3998 702 4056 et
744 3990 1223 4057 communicavi
1289 3992 1510 4056 omnia
1553 4012 1703 4057 oum
1765 3997 1994 4057 nostro
2038 3991 2428 4076 Bullinqew,
2477 4011 2588 4073 op-

633 4076 797 4142 timo
863 4077 1069 4142 amico
1128 4083 1195 4141 et
1248 4084 1452 4160 patre.
1556 4079 1742 4143 Aveo
1809 4085 1999 4143 tuum
2051 4098 2308 4161 quoque
2360 4075 2586 4142 audire

632 4162 1000 4243 consilium,
1063 4183 1151 4228 an
1208 4162 1371 4227 mihi
1426 4162 1824 4228 manendum
1879 4164 1966 4229 sit
2011 4164 2110 4228 Ar
2157 4163 2436 4242 entinae,
2501 4162 2587 4227 iis

631 4247 888 4333 legibus
954 4269 1116 4331 quas
1184 4247 1514 4313 audivisti.
1624 4250 1771 4333 Ego
1835 4249 2029 4332 plane
2139 4250 2352 4316 ubito:
2435 4249 2589 4332 quia

632 4342 855 4400 tamen
922 4356 1069 4400 sum
1133 4333 1205 4399 in
1271 4334 1537 4418 propria
1601 4356 1813 4412 eausa,
1881 4335 2165 4401 libenter
2219 4336 2477 4419 piorum
2521 4340 2588 4399 et

634 4419 971 4486 doctorum
1015 4420 1312 4486 virorum
1352 4419 1546 4485 audio
1614 4419 1904 4486 consilia.
1986 4422 2220 4487 Altera
2263 4422 2460 4487 etiam
2502 4440 2586 4484 ex

679 4517 839 4585 arte,
884 4506 942 4572 si
978 4504 1327 4588 discedam,
1370 4505 1800 4571 metuendum
1844 4514 1960 4588 est,
2006 4528 2108 4588 ne,
2152 4513 2229 4572 ut
2266 4506 2609 4582 Sturmiue

683 4590 909 4670 ‘cebat‚
978 4593 1221 4658 ostium
1287 4591 1483 4675 plane
1546 4590 1724 4676 lupis
1789 4592 2140 4676 aperiatur.
2252 4593 2586 4676 Exspecto

632 4676 857 4760 itaque
899 4678 1245 4744 consilium
1290 4690 1496 4743 tuum.
1566 4678 1649 4744 D.
1696 4677 2061 4763 Bullinyeri
2096 4679 2423 4744 sententia
2466 4684 2585 4758 est,

813 4947 904 5012 14)
940 4947 1026 5005 20.
1065 4950 1279 5005 Martii.

809 5016 908 5156 153
939 5016 1190 5086 Capituli
1231 5020 1513 5077 Humani.

808 5084 876 5139 16
938 5088 1190 5142 Primum
1225 5088 1459 5146 duxerat
1494 5089 1671 5147 Caelii
1693 5089 1952 5146 Ourionds
1993 5090 2165 5154 filiam
2178 5109 2197 5156 ,-
2230 5090 2457 5145 alteram
2490 5089 2588 5144 ha·

633 5157 751 5212 bm't
786 5156 1047 5226 Lydiam,
1083 5171 1321 5212 sororem
1347 5159 1525 5214 Laur.
1556 5177 1594 5215 a
1630 5159 1886 5230 Lunnaqa
1921 5160 2033 5215 viri
2064 5161 2300 5225 iunianis
2331 5161 2395 5212 in
2421 5158 2591 5213 Pha-s

638 5225 880 5307 (Rufo).
915 5225 1090 5351 Vae-Itis
1147 5225 1385 5282 Tellinae
1427 5229 1708 5297 oppidulo,
1756 5244 1921 5299 quam
1968 5245 2019 5284 α.
2072 5228 2202 5284 1557
2247 5229 2356 5284 sibi
2398 5228 2590 5284 matri-

635 5308 820 5350 momo
853 5311 995 5350 suna:
1043 5334 1056 5350 .

2120 329 2645 434 EPI'STOLAE
2690 372 3115 436 3936—3938

4499 368 4622 432 720

2677 565 2752 624 ut
2793 565 3011 642 petam
3046 579 3087 623 a
3128 557 3451 638 Dominis,
3517 578 3663 623 eam
3716 556 3882 623 mihi
3926 553 4200 623 docendi
4240 554 4622 621 libertatem

2674 643 2960 724 concedi,
3019 665 3218 728 quam
3275 653 3430 710 ante
3472 644 3595 710 hoc
3655 641 4000 709 dissidium
4041 639 4276 708 habui:
4347 637 4529 724 quod
4568 638 4624 706 si

2673 731 2890 797 nolint
2930 738 3155 814 petam
3195 731 3604 795 missionem:
3650 730 3755 796 vel
3793 730 4003 815 primo
4037 748 4295 811 quoqne
4330 733 4626 809 tempore

2672 816 2876 884 libere
2928 837 3144 883 meam
3199 817 3271 881 in
3314 815 3535 882 schola
3578 816 3899 900 explicem
3959 813 4386 892 sententiam,
4447 832 4627 894 prae-

2673 905 2901 969 sertim
2945 902 3025 968 de
3068 922 3285 969 coena.
3375 901 3451 968 Si
3497 900 3767 967 Domini
3809 908 4088 979 taceant,
4134 900 4336 965 bene:
4386 897 4447 964 si
4484 918 4628 982 pro·

2674 989 2959 1068 hibeant,
3008 988 3352 1054 discedam.
3441 986 3801 1072 Oupiebam
3847 986 3929 1052 ad
3973 1006 4091 1053 vos
4136 1006 4351 1068 usqne
4397 1004 4628 1050 excur-

2673 1094 2838 1153 rere,
2883 1083 3021 1140 tum
3057 1073 3387 1140 invisendi
3438 1074 3693 1150 fratres,
3760 1080 3900 1138 tum
3954 1080 4176 1138 tecum
4230 1069 4391 1136 aliis
4436 1069 4629 1135 etiam

2676 1159 2755 1226 de
2797 1161 2996 1226 rebus
3038 1158 3449 1244 colloquendi
3516 1159 3744 1243 gratia.
3834 1156 3968 1224 Sed
4022 1156 4383 1224 difficultas
4440 1155 4629 1221 itine-

2676 1247 2783 1326 ris,
2839 1246 2963 1312 hac
3027 1244 3438 1312 incommoda
3493 1246 3651 1312 satis
3709 1249 4112 1327 tempestate,
4178 1263 4286 1308 me
4335 1241 4629 1307 retinuit.

2674 1332 2989 1399 Fortasse
3045 1353 3246 1415 quum
3296 1330 3547 1397 rediero
3603 1351 3684 1396 ex
3724 1330 4008 1396 Rhaetia
4049 1328 4195 1396 Deo
4239 1328 4519 1395 volente
4566 1327 4631 1392 id

2675 1418 2973 1484 efficiam.
3031 1418 3220 1502 Rogo
3258 1438 3429 1495 vero,
3468 1436 3657 1483 cures
3688 1425 3765 1482 ut
3798 1416 3911 1482 ille
3946 1416 4264 1496 dominus,
4301 1414 4427 1498 qui
4461 1411 4632 1479 huno

2677 1503 3089 1569 tabellarium
3155 1504 3376 1569 virum
3439 1504 3684 1569 bonum
3750 1501 3880 1568 huo
3943 1502 4152 1581 misit,
4233 1507 4630 1567 excusatum

2675 1590 2861 1655 illum
2916 1589 3171 1669 habeat,
3236 1587 3412 1674 quod
3478 1610 3614 1654 non
3682 1598 3820 1654 tam
3876 1589 4001 1655 cito
4058 1587 4353 1666 redierit,
4423 1605 4631 1650 unum

2677 1676 2852 1741 enim
2907 1676 3081 1741 diem
3137 1675 3419 1758 amplius
3473 1695 3593 1740 nos
3658 1674 3844 1740 illum
3900 1674 4303 1740 detinuimus
4373 1671 4509 1751 hic,
4564 1677 4634 1735 ut

2677 1782 2794 1845 per
2846 1761 3036 1827 illum
3079 1781 3417 1845 possemus
3469 1760 3697 1826 literas
3742 1781 3997 1845 quoque
4050 1760 4133 1826 ad
4177 1779 4297 1828 vos
4344 1758 4631 1822 mittere.

2686 1848 2865 1928 Vale,
2934 1849 3177 1931 optime
3233 1856 3437 1930 pater,
3505 1853 3571 1912 et
3629 1845 3956 1912 Dominus
4010 1845 4193 1912 Iesus
4252 1853 4321 1910 te
4383 1842 4502 1908 diu
4552 1840 4629 1907 ad

2679 1932 2984 2000 eeclesiae
3028 1934 3305 1999 salutem
3365 1941 3433 1998 et
3486 1932 3677 2017 regni
3736 1931 3841 1997 sui
3894 1931 4438 2017 propagationem
4483 1949 4628 1995 con-

2679 2028 2920 2086 servet.
2995 2021 3238 2104 Tiguro
3289 2025 3384 2086 18.
3431 2018 3640 2102 April.
3695 2022 3878 2082 1563.

3446 2312 3853 2323 .—-—-————

3557 2563 3760 2635 8937.

3080 2718 3750 2786 BULLINGERUS
3797 2716 4230 2785 GALVINO.

2861 2891 3223 2958 Promis-cue
3258 2891 3457 2956 multa
3472 2960 3479 2968 ,
3492 2890 3852 2957 brevissime
3884 2912 3961 2957 ex
3988 2891 4239 2975 ,Anylia
4280 2886 4624 2955 Gauzania

2687 2977 2888 3045 Italia
2936 2977 3221 3058 Pozonia,
3269 2977 3499 3056 bellica,
3544 2976 3869 3061 theoloqica
3912 2982 3969 3043 et
4029 2978 4232 3043 nescio
4285 2974 4451 3059 quid
4490 2990 4618 3039 non-

2684 3149 2797 3219 OEx
2833 3148 3173 3218 autographo
3208 3148 3373 3202 Aroh.
3392 3149 3568 3203 Turio.
3605 3149 3749 3202 Plut.
3787 3148 3888 3203 VI.
3924 3146 4043 3203 Vol.
4062 3147 4179 3215 129,
4218 3148 4352 3202 olim
4376 3145 4544 3200 Scrin.
4567 3140 4623 3196 Β.

2957 3219 3095 3288 Epp.
3130 3218 3282 3272 Tem.
3316 3217 3404 3281 30,
3436 3218 3529 3272 fol.
3563 3215 3681 3271 456.
3722 3244 3784 3255 —
3820 3218 4031 3273 Simler.
4066 3218 4186 3273 Vol.
4221 3214 4374 3283 107.)

2860 3388 3242 3456 Clarissimo
3302 3390 3444 3457 viro
3487 3390 3570 3455 D.
3617 3389 3855 3456 Ioanni
3898 3388 4176 3456 Calvino
4219 3381 4616 3480 Genevensiq

2688 3475 2996 3542 ecclesiae
3038 3475 3415 3542 fidelissimo
3457 3476 3700 3560 pastori
3736 3475 3999 3542 domino
4035 3473 4304 3541 colendo
4343 3479 4412 3540 et
4446 3471 4618 3535 fratri

2687 3562 3022 3629 carissimo
3064 3582 3227 3628 meo.

4235 3643 4458 3712 Genff.

2858 3817 2928 3885 S.
2986 3818 3069 3882 D.
3176 3818 3365 3900 Quae
3430 3839 3515 3886 ex
3579 3818 3777 3884 Italia
3842 3818 4058 3903 accepi
4124 3815 4205 3882 ab
4269 3814 4496 3882 amicis
4550 3810 4612 3909 in

2731 3906 3012 3971 raesenti
3058 3906 3269 3970 mitto.
3351 3906 3458 3971 Ex
3502 3906 3752 3990 Anglia
3786 3905 4011 3971 scribit
4049 3902 4391 3987 episcopus
4417 3897 4615 3966 Sam·-

2723 3992 3002 4068 erienSiS,
3071 4010 3178 4055 res
3235 4012 3459 4056 omnes
3515 3993 3675 4057 satis
3731 3990 3971 4056 habere
4028 3990 4321 4067 feliciter,
4370 3994 4437 4054 et
4478 3983 4614 4080 Soo-

2687 4077 2847 4142 tiam
2870 4096 3254 4161 progressus
3296 4078 3369 4142 in
3412 4079 3752 4163 evangelio
3792 4077 4007 4144 facere
4029 4076 4368 4140 maximoe.
4434 4071 4614 4153 Reg1-

2688 4183 2847 4228 nam
2890 4183 3009 4246 pro
3052 4163 3317 4247 ingenio
3361 4163 3473 4229 Gn
3520 4164 3692 4229 siaco
3735 4163 4008 4229 missare
4053 4161 4278 4228 solam.
4365 4154 4613 4255 Oonqio-

2689 4258 2882 4314 nator
2927 4248 3177 4314 aulicus
3220 4249 3424 4315 Ducis
3527 4250 3778 4316 russiae
3800 4249 3852 4335 ¹)
3908 4249 4151 4315 missus
4195 4269 4236 4313 a
4276 4267 4398 4313 suo
4436 4244 4613 4337 Pru}-

2690 4336 2831 4418 cipe
2874 4334 3147 4400 contulit
3183 4355 3332 4400 cum
3375 4334 3643 4401 Bromio
3679 4336 3759 4400 de
3794 4355 4013 4401 coena.
4082 4332 4216 4400 Sed
4252 4353 4388 4398 non
4421 4329 4612 4424 potuit

2691 4422 2784 4485 eis
2851 4421 3221 4487 convenire.
3308 4421 3611 4488 Monstra
3667 4423 4045 4506 opinionum
4096 4418 4276 4486 cudit
4331 4417 4613 4484 Braneus

2692 4525 2841 4571 cum
2898 4526 3019 4571 suo
3067 4505 3500 4573 Schmidezino.
3589 4507 3738 4587 Hic,
3797 4507 3911 4590 qui
3965 4506 4129 4572 alias
4172 4504 4446 4571 Iacobus
4485 4497 4611 4564 An-

2689 4593 2891 4672 dreae,
2937 4592 3038 4657 tui
3078 4592 3229 4657 fecit
3271 4595 3669 4658 mentionem
3712 4599 3779 4659 et
3820 4590 4086 4675 quidem
4122 4612 4256 4657 non
4298 4590 4438 4655 sine
4476 4604 4608 4652 oon·

2691 4685 2969 4761 temptu.
3035 4678 3180 4762 Ego
3223 4699 3385 4745 vero
3444 4677 3769 4765 WeyyeliO,
3789 4677 3845 4764 ²)
3890 4679 3984 4743 ita
4017 4679 4192 4744 enim
4228 4677 4611 4769 concionator

2692 4763 2806 4829 ille
2851 4762 3235 4847 appellatur,
3281 4763 3363 4829 de
3405 4766 3706 4832 omnibus
3748 4764 4036 4830 institui:
4104 4770 4179 4830 ut
4219 4763 4355 4828 iam
4396 4765 4607 4855 rectius

2694 4849 2775 4914 de
2831 4856 2897 4915 te
2952 4848 3211 4915 sentiat.
3300 4851 3568 4916 Mirifioi
3620 4858 3776 4917 sunt
3832 4850 4194 4916 Brentiani.
4282 4841 4606 4914 Absurdis-

2693 4935 2862 5001 sima
2905 4942 3180 5001 tuentur
3223 4935 3545 5021 dogmata.
3614 4938 3704 5003 Et
3742 4935 4081 5003 Palatinus
4122 4933 4316 5002 hodie
4359 4929 4605 5025 pessitpfl

2696 5020 2874 5105 apud
2917 5020 3079 5087 istos
3126 5021 3324 5102 audit,
3371 5042 3445 5088 ac
3491 5022 3923 5091 Calvinianus
3966 5021 4353 5107 appellatur,
4396 5020 4471 5085 ab
4508 5031 4604 5080 elfl-

2696 5226 2881 5283 8987.
2899 5228 2965 5363 ἐξ
2997 5226 3272 5353 812233925,
3309 5228 3375 5285 aa
3408 5229 3521 5284 auo
3555 5233 3716 5299 atque
3748 5228 3801 5282 ιι.
3836 5227 3872 5285 ι.
3908 5227 4006 5298 αφ·
4035 5224 4263 5283 videtur.
