4850 6117
553 402 642 467 99

729 587 799 655 S.
838 588 1335 669 Exspectamus,
1374 585 1485 650 sed
1525 607 1656 652 non
1692 584 2040 651 admodum
2077 590 2268 668 grata
2296 602 2502 662 mora,

554 673 714 759 quid
750 692 867 739 vos
901 672 1209 739 sentiatis.
1271 671 1363 737 Et
1397 673 1648 737 utinam
1684 671 2101 757 eongregatio
2145 667 2506 736 aoeelerata

556 760 808 838 fuisset,
852 779 927 825 ao
984 777 1339 823 consensus
1389 767 1606 823 vester
1645 758 1876 824 fuisset
1918 765 1992 823 ut
2033 766 2290 821 nostros
2333 755 2502 819 vise-

556 867 719 913 rem.
807 843 977 910 Nam
1035 863 1184 910 oum
1243 842 1506 909 Nicolao
1559 852 1800 922 nostro,
1864 844 1977 926 qui
2040 862 2218 909 nuno
2281 840 2501 919 solvit,

556 931 822 998 ivissem
862 949 937 995 ao
978 930 1332 1012 potuissem
1376 930 1693 996 interesse
1738 926 1987 1015 synodo
2031 927 2288 994 vicinae
2337 945 2506 1009 quae

557 1017 633 1083 in
668 1015 1019 1083 Provincia
1052 1015 1419 1081 habebitur.
1479 1012 1614 1081 Sed
1651 1015 1822 1099 quod
1844 1016 2063 1081 visum
2087 1023 2190 1079 est
2215 1012 2504 1079 Domino

558 1103 692 1168 fiat.
801 1101 1014 1184 Oupio
1077 1099 1377 1167 adiutum
1439 1101 2012 1177 Matisconensem,
2091 1110 2167 1165 ut
2240 1098 2299 1165 si
2360 1097 2507 1163 fieri

710 1188 767 1253 it
831 1187 939 1254 hio
1003 1188 1091 1252 sit
1142 1186 1441 1267 Veneris,
1520 1201 1637 1252 aut
1694 1186 1778 1253 ad
1834 1206 2165 1252 summum
2206 1182 2501 1251 Sabbati.

558 1208 745 1339 Kiotssa
787 1270 1101 1338 fratribus
1146 1273 1253 1338 hie
1293 1283 1396 1338 est
1438 1272 1631 1338 valde
1672 1273 1893 1358 gravis
1936 1271 2051 1338 sed
2094 1271 2258 1336 mihi
2307 1290 2505 1352 quam

561 1359 968 1446 gravissima.
1049 1358 1209 1424 Ideo
1251 1366 1538 1425 maturet
1580 1378 1713 1424 oro.
1803 1358 2015 1423 Valde
2059 1356 2223 1422 mihi
2279 1355 2505 1440 displi-

559 1456 666 1513 oet
698 1444 874 1530 quod
918 1444 1184 1510 tandem
1242 1445 1374 1511 hue
1430 1445 1747 1511 inclinare
1801 1464 2028 1511 omnes
2082 1442 2361 1518 videam,
2428 1449 2506 1505 ut

561 1552 711 1598 meo
753 1530 1022 1596 oonsilio
1067 1532 1453 1615 permittant
1492 1529 1647 1613 quid
1691 1528 2016 1616 agendum
2060 1529 2164 1594 sit.
2244 1527 2507 1593 Vellem

559 1617 739 1683 enim
794 1616 1151 1700 simplicius
1208 1615 1366 1683 dioi:
1448 1616 1594 1682 Hoo
1650 1617 1803 1701 age!
1895 1614 2080 1681 Deus
2125 1613 2297 1698 quod
2341 1612 2509 1695 opti-

559 1723 744 1769 mum
787 1711 888 1768 est
946 1702 1201 1768 offioiat.
1303 1702 1434 1768 Via
1486 1701 1656 1767 nihil
1708 1702 1962 1768 viribus
2017 1699 2322 1777 detraxit,
2392 1697 2507 1764 sed

561 1799 757 1855 aneta
797 1789 1009 1853 sentio
1053 1788 1298 1854 omnia:
1353 1787 1529 1854 unde
1572 1806 1765 1872 spero
1810 1786 2028 1852 Deum
2064 1807 2184 1852 sua
2222 1785 2507 1853 elemen-

559 1875 655 1940 tia
696 1875 1084 1940 effecturum
1128 1885 1201 1939 ut
1243 1874 1314 1940 in
1356 1874 1636 1959 gloriam
1682 1873 1781 1940 sui
1825 1872 2113 1937 nominis
2170 1890 2508 1938 sueoessus

558 1967 888 2044 sequatur.
975 1960 1141 2027 Iube
1198 1969 1456 2026 nostros
1515 1961 1682 2026 bono
1726 1979 1870 2024 esse
1914 1958 2134 2025 animo
2178 1965 2248 2023 et
2290 1956 2510 2021 Deum

559 2047 832 2130 preeari.
912 2044 1125 2131 Spero
1170 2047 1392 2112 omnia
1431 2065 1599 2129 quae
1652 2054 1910 2129 oportet
1961 2065 2068 2110 me
2105 2044 2344 2110 reseire
2393 2062 2511 2126 per

561 2131 1113 2199 Matisconensem
1180 2131 1685 2280 intellessurum.
1769 2130 1933 2197 Iube
1998 2151 2224 2197 omnes
2295 2128 2512 2194 salvos

561 2238 703 2284 esse
768 2254 1367 2268 —————
1471 2218 1589 2283 ale.

569 2270 722 2369 156¹.
1663 2217 1973 2284 Genevae
2017 2224 2078 2282 4.
2118 2213 2513 2282 Novembris

1790 2441 1972 2505 'l‘uus
2016 2438 2335 2506 Farellus.

1394 2764 1795 2777 ---.

1440 3087 1635 3161 8⁶⁰1.

955 3258 1426 3329 GALVINUS
1479 3259 2116 3330 BULLINGERO.

736 3429 1016 3498 Satanas
1062 3432 1410 3499 Germanos
1788 3432 2107 3500 Lutetiam
2150 3435 2408 3501 accersit
2458 3440 2513 3502 et

564 3515 708 3584 Rem
744 3517 1082 3584 Nwarrae
1122 3538 1191 3585 se
1219 3538 1431 3601 papae
1471 3519 1684 3586 vendit
1716 3539 1759 3584 a
1790 3539 1913 3603 quo
1946 3519 2205 3587 luditur.

557 3690 750 3759 (Manu
795 3691 1001 3759 scripta
1046 3705 1155 3743 non
1191 3693 1387 3743 exstat.
1464 3689 1650 3744 Habet
1684 3691 1833 3744 Beza
1867 3689 2071 3745 Gener.
2107 3707 2159 3762 p.
2195 3691 2314 3757 260,
2351 3692 2512 3748 Laus.

699 3776 752 3829 p.
787 3756 911 3822 538,
945 3758 1154 3813 Hanov.
1195 3775 1249 3828 p.
1285 3756 1405 3823 605,
1443 3758 1650 3815 Chouet
1683 3775 1735 3829 p.
1768 3757 1888 3825 366,
1924 3761 2103 3814 Amet.
2139 3778 2193 3830 p.
2231 3760 2376 3830 162.)

729 3947 895 4015 Sero
939 3946 1314 4013 admonitus
1357 3946 1452 4012 fui
1507 3946 1588 4012 de
1642 3947 1868 4013 nunoii
1925 3948 2235 4028 discessu,
2302 3971 2504 4033 quum

562 4053 669 4100 me
707 4032 790 4099 ad
834 4031 1185 4118 legendum
1228 4032 1581 4098 traherem.
1607 4037 1660 4112 ¹)
1737 4029 1851 4099 sio
1892 4034 2069 4099 enim
2112 4034 2512 4118 loquendum

563 4127 692 4186 eet:
759 4118 913 4202 quia
961 4139 1135 4184 nuno
1179 4116 1380 4201 pedis,
1436 4139 1613 4184 nuno
1655 4118 1857 4184 totius
1911 4121 2124 4185 eruris
2168 4120 2351 4186 dolor
2394 4122 2510 4187 vix

561 4226 669 4272 me
722 4205 901 4271 lente
957 4225 1028 4270 re
1078 4214 1218 4270 tare
1274 4202 1540 4286 patitur.
1642 4204 1786 4270 Imo
1829 4225 2026 4290 aegre
2067 4227 2174 4272 me
2217 4208 2510 4273 sustineo

561 4291 690 4358 nisi
732 4289 1004 4356 alterius
1089 4288 1314 4357 raohio
1348 4290 1635 4355 innixus.
1683 4289 1876 4356 Nune
1918 4291 2055 4356 fere
2079 4290 2242 4357 hora
2275 4301 2511 4375 quarta

559 4384 665 4443 est
700 4384 851 4459 post
893 4375 1251 4454 meridiem,
1297 4383 1364 4441 et
1426 4395 1574 4442 eras
1617 4375 1815 4441 etiam
1906 4377 2294 4443 rofioiseitur
2336 4400 2508 4443 nun-

561 4464 720 4541 oius,
777 4462 892 4546 qui
934 4482 1115 4527 meas
1157 4460 1241 4527 ad
1283 4459 1525 4526 Beuum
1569 4471 1636 4527 et
1677 4482 1802 4544 quo
1881 4482 1987 4527 am
2032 4461 2196 4528 alios
2241 4483 2507 4547 exspee-

559 4556 676 4614 tat.
698 4549 757 4623 2)
828 4547 995 4613 Peto
1028 4548 1250 4631 igitur,
1289 4546 1667 4612 venerande
1701 4548 1926 4627 frater,
1961 4558 2036 4612 ut
2070 4569 2253 4615 meae
2297 4548 2511 4616 brevi-

557 4635 680 4700 tati
732 4631 847 4700 des
899 4634 1177 4700 veniam.
1259 4629 1650 4716 Quanquam
1705 4634 1761 4697 si
1816 4632 1964 4716 plus
2019 4643 2194 4699 esset
2249 4635 2386 4714 otii,
2433 4644 2499 4700 et

564 4718 646 4785 ad
710 4717 1126 4786 scribendum
1192 4738 1404 4784 essem
1469 4717 1762 4798 alaerior,
1841 4720 2057 4785 neseio
2122 4739 2207 4785 an
2274 4739 2512 4804 operae

561 4805 850 4890 pretium
884 4805 1177 4869 fauturus
1212 4823 1422 4869 essem
1458 4824 1564 4870 res
1599 4804 1858 4870 Galliae
1894 4803 2241 4872 narrando.
2310 4806 2511 4874 Mitto

562 4891 740 4957 enim
783 4911 823 4955 a
882 4888 1173 4974 martyre
1228 4899 1451 4954 nostro
1509 4890 1751 4971 literas,
1768 4893 1825 4967 ⁸)
1890 4911 2056 4973 quae
2100 4899 2184 4971 te,
2258 4893 2507 4976 opinor,

562 5181 748 5237 8⁶⁰1·
766 5179 831 5387 ἐξ
858 5178 1296 5333 §affinitio-io
1328 5249 1428 5303 hoc
1461 5252 1695 5318 tempore
1728 5250 1936 5319 scripta
1968 5257 2161 5307 aaut.

768 5318 805 5373 Β
862 5323 989 5374 ntem
1021 5318 1343 5389 deperditur.
1818 5373 1823 5380 ,

2063 392 2589 464 EPIS'POLAE
2635 397 3057 461 3600—3603

4425 398 4538 460 loo

2606 586 2808 651 totius
2872 606 3167 652 summae
3230 585 3576 652 oertiorem
3635 584 3939 651 reddent:
4019 606 4096 652 ae
4158 586 4298 669 ipse
4362 587 4541 653 brevi

2604 690 2825 739 eoram
2868 672 3053 739 vobis
3096 680 3379 755 exponet
3417 670 3733 755 quidquid
3789 680 4006 737 aetum
4049 671 4191 737 fuit.
4279 671 4541 739 Pridem

2605 757 2915 824 subolfeoi
2957 756 3290 825 diabolum
3332 758 3403 822 in
3448 757 3809 824 Germania
3850 756 4267 824 olandestinis
4300 759 4543 824 artibus

2606 843 2819 909 moliri
2873 846 3043 928 quod
3087 865 3265 910 nuno
3308 843 3573 909 tandem
3621 844 3951 927 apparuit:
3976 847 4034 919 ⁴)
4112 853 4181 909 et
4222 855 4373 909 ante
4415 856 4543 911 tres

2606 950 2862 996 menses
2898 928 3254 1015 diligenter
3287 930 3588 995 hortatus
3620 929 3873 995 fueram
3909 929 4164 1012 Regem
4196 929 4542 1006 Navarra,

2607 1023 2681 1081 ut
2757 1015 2885 1080 sibi
2945 1017 3028 1081 ab
3094 1015 3346 1081 insidiis
3414 1024 3695 1082 eaveret.
3807 1012 4026 1095 Quam
4091 1036 4327 1099 parum
4392 1036 4543 1082 vero

2607 1101 3010 1185 profecerim,
3055 1103 3205 1186 quia
3238 1101 3505 1169 ohartae
3540 1100 3852 1167 mandare
3894 1101 4095 1185 piget,
4139 1101 4312 1166 malo
4344 1122 4430 1168 ex
4462 1101 4543 1166 D.

2607 1186 2895 1271 Man-tyre
2929 1208 3277 1274 eognoseas
3309 1187 3422 1253 ubi
3455 1188 3629 1254 istuc
3662 1206 3971 1253 reversus
4004 1186 4219 1253 fuerit.
4296 1187 4548 1254 Promi-

2607 1281 2786 1339 serat
2825 1273 3024 1339 mira:
3072 1285 3141 1339 et
3182 1293 3308 1358 quo
3351 1273 3499 1357 plus
3541 1272 3695 1338 fidei
3740 1273 4120 1356 aequireret,
4185 1294 4318 1339 non
4361 1274 4546 1341 dissi-

2607 1358 2903 1425 mulabat
2938 1381 3009 1425 se
3051 1359 3254 1427 fuisse
3294 1366 3647 1425 tentatum:
3714 1358 3830 1425 sed
3872 1358 4130 1424 silentio
4174 1359 4548 1445 repudiasse

2609 1445 2750 1511 eius
2801 1446 3147 1528 postulata.
3234 1446 3437 1529 Atqui
3493 1467 3575 1511 ex
3621 1445 3982 1512 Germania
4023 1445 4190 1510 mihi
4233 1447 4548 1530 seriptum

2610 1540 2712 1596 est
2754 1532 2897 1596 eius
2953 1541 3186 1618 rogatu
3204 1534 3264 1608 ὃ)
3306 1532 3543 1597 missos
3598 1531 3798 1597 fuisse
3853 1531 4143 1614 quinque
4197 1531 4550 1617 theologos,

2610 1618 2722 1701 qui
2774 1639 2949 1683 nune
3006 1627 3163 1683 sunt
3215 1618 3285 1682 in
3345 1617 3520 1683 aula:
3582 1617 3714 1682 nisi
3778 1617 3948 1681 forte
3992 1615 4241 1683 dimissi
4288 1619 4548 1695 suerint,

2612 1704 2765 1786 quia
2820 1724 2965 1769 sero
3024 1703 3431 1769 advenerant
3482 1711 3623 1769 tota
3675 1704 3933 1769 actione
3989 1702 4285 1787 abrupta.
4374 1701 4552 1785 Quid

2610 1790 2666 1855 si
2711 1789 2892 1855 Deus
2935 1789 3278 1872 perfidiam
3321 1789 3543 1854 miseri
3588 1788 3765 1854 illius
3799 1787 4175 1869 frustretur,
4221 1790 4335 1874 qui
4370 1788 4550 1856 nefa·

2610 1873 2729 1941 riis
2771 1876 3099 1959 obsequiis
3158 1897 3243 1958 pa
3289 1896 3366 1942 ae
3430 1895 3501 1940 se
3566 1874 3878 1953 venditat,
3945 1875 4059 1957 qui
4125 1887 4347 1942 tamen
4403 1896 4552 1941 eum

2610 1959 2894 2027 ludibrio
2936 1961 3136 2027 habet
3152 1961 3186 2027 ἓ
3213 1965 3241 2004 ⁶
3355 1958 3489 2027 Sed
3542 1959 3919 2045 propediem
3963 1960 4210 2044 aliquid
4252 1962 4549 2029 soiemus.

2613 2046 2801 2124 Vale,
2851 2048 3263 2114 omatissMe
3317 2047 3425 2112 vir
3477 2055 3543 2112 et
3596 2047 3802 2112 frater
3857 2067 3939 2112 ex
3995 2048 4212 2113 animo
4265 2046 4551 2114 oolende.

2613 2134 2938 2199 Dominus
2973 2133 3094 2200 tibi
3126 2153 3385 2216 semper
3419 2131 3606 2212 adsit,
3652 2143 3717 2198 te
3752 2133 4074 2217 gubernet
4109 2153 4184 2199 ao
4218 2133 4558 2199 benedicat

2614 2228 2764 2285 tuos
2829 2217 3105 2286 labores.
3183 2219 3591 2304 symmystis
3654 2216 3976 2296 omnibus,
4049 2220 4243 2285 uxori
4307 2219 4556 2303 totique

2612 2305 2900 2371 familiae
2934 2306 3211 2371 multam
3247 2306 3524 2370 salutem
3547 2326 3793 2390 preeor.
3820 2304 4134 2371 Genevae
4159 2310 4215 2371 5.
4241 2304 4305 2371 N
4305 2305 4555 2372 ovemb.

3513 2934 3714 3008 8⁶⁰2.

3144 3089 3672 3160 VERMILIUS
3717 3091 4041 3159 BEZAE.

2784 3256 2897 3323 Eo:
2938 3260 3173 3329 itinere.
3250 3263 3467 3330 Trecis
3506 3283 3649 3330 oum
3689 3264 3973 3347 episeopo
4011 3269 4419 3332 mersatur
4452 3266 4561 3349 qui

2610 3344 2814 3410 saonis
2843 3347 3192 3430 pontificiis
3223 3350 3542 3418 valedixit.
3611 3349 3883 3416 Divione
3924 3352 4230 3419 tumultus
4270 3354 4462 3417 omas.

2612 3516 2775 3587 (Epp.
2804 3516 2958 3571 Petri
2978 3517 3243 3645 mmmm
3278 3519 3521 3575 eiusdem
3546 3521 3706 3575 Locis
3740 3521 3906 3604 theol.
3942 3522 4261 3577 subiunctas
4296 3522 4383 3577 ed.
4410 3520 4556 3589 1580,

2610 3585 2702 3639 fol.
2736 3584 2843 3640 582
2877 3603 2926 3640 v.
2964 3587 3049 3641 ed.
3190 3587 3341 3711 Ίὲῇξ.
3376 3588 3542 3713 Ιὲΐὲιι
3543 3590 3798 3714 erl-3153?
3812 3590 4065 3730 131233011.
4100 3591 4262 3647 Goth.
4298 3590 4419 3659 406,
4468 3591 4557 3699 ἰοὶἶ

2785 3826 2914 3893 Dei
2986 3826 3270 3913 benigno
3347 3830 3575 3897 favore
3654 3830 3861 3897 adiuti
3929 3836 3986 3898 5.
4055 3831 4249 3898 huius
4313 3832 4557 3897 mensis

2614 3912 2877 3978 Troiam
2906 3918 2957 3994 ¹)
3001 3914 3164 3980 salvi
3201 3925 3267 3981 et
3302 3917 3656 3983 ineolumes
3690 3918 4131 4000 pervenimus,
4171 3918 4281 3985 ubi
4323 3918 4557 3984 fratres

2613 4018 2748 4063 una
2810 4001 3216 4065 eonveniunt
3278 4001 3360 4067 ad
3425 4001 3645 4069 Deum
3709 4024 3872 4087 pure
3935 4003 4298 4083 colendum,
4365 4002 4557 4087 idque

2612 4084 2880 4166 paoifioe
2923 4094 3119 4169 atque
3168 4087 3524 4172 tranquille
3579 4090 3746 4156 eitra
3789 4088 3991 4154 ullam
4034 4088 4554 4156 adversariorum

2610 4170 2996 4237 molestiam.
3089 4171 3454 4240 Numerosa
3496 4186 3597 4241 est
3640 4174 3990 4241 admodum
4033 4175 4304 4242 eeclesia
4344 4184 4412 4241 et
4453 4175 4554 4239 in·

2613 4254 2751 4322 dies
2815 4265 3110 4342 augetur.
3203 4259 3567 4344 Episoopus
3596 4261 3653 4347 ²)
3713 4280 3831 4327 nos
3887 4260 4382 4346 perhumaniter
4440 4281 4554 4326 ex-

2611 4342 2814 4425 oepit:
2862 4343 2976 4426 qui
3017 4344 3151 4410 iam
3188 4344 3443 4412 Ohristi
3489 4368 3767 4431 regnum
3810 4348 3980 4413 serio
4071 4354 4385 4425 romovet,
4436 4366 4555 4412 neo

2610 4435 2874 4494 tantum
2917 4448 3070 4496 suas
3113 4452 3271 4497 oves
3311 4434 3453 4516 ipse
3495 4452 3659 4516 pure
3704 4431 3907 4513 dooet,
3950 4454 4021 4499 se
4107 4432 4262 4516 quia
4302 4433 4363 4498 ei
4407 4451 4554 4515 gra·

2611 4514 2711 4579 vis
2772 4515 3119 4598 serupulus
3182 4518 3462 4584 inieotus
3521 4526 3622 4583 est
3674 4516 3755 4584 de
3810 4537 3931 4583 sua
3975 4519 4311 4585 voeatione
4350 4516 4554 4601 (quod

2812 4771 2874 4841 4)
2905 4774 3088 4828 missis
3121 4773 3395 4830 Lutetiam
3431 4772 3705 4843 medonis.

2813 4841 2873 4909 5)
2905 4842 2975 4910 ef.
3011 4841 3416 4924 praecedentes»
3449 4842 3644 4898 Besae.

2767 4908 3101 4992 ‚mall-ufic
3152 4911 3232 4965 aa
3270 4926 3420 4981 rems
3470 4926 3618 4981 spen
3670 4911 4080 4981 recuperandae
4132 4911 4431 4967 Novar-me
4472 4912 4555 4967 100·-

2607 4993 2950 5167 fflzi.
2986 5065 3028 5103 e.
3077 5048 3411 5104 meantium
3443 5049 3705 5119 oppidum
3738 5050 3900 5106 hodie
3945 5048 4161 5121 Troyes.
4207 5047 4298 5103 De
4331 5048 4558 5105 munia

2607 5116 2714 5172 ¹⁰⁰⁸
2745 5133 2797 5171 ν’
2814 5116 3731 5312 ωἷῗῗθὸαηοοαζριῂυἴνὴεερω
3763 5187 4094 5257 melphitam·
4124 5186 4287 5270 enjus,
4322 5188 4423 5312 aa
4451 5188 4557 5270 ραις

2612 5252 3423 5336 ῌᾳηωωιῆὼωοαωρ
3474 5326 3487 5340 ·
3597 5257 3936 5323 ator-fluerat.
3986 5256 4279 5313 Verminae

2611 5336 2663 5376 σι
2696 5328 3025 5379 mnemon-at.
3094 5323 3185 5379 De
3219 5339 3280 5379 eo
3313 5341 3362 5380 ο.
3399 5324 3550 5383 But.
3586 5328 3706 5382 σαι
3745 5326 3793 5382 1.
3825 5324 3911 5379 88.
3945 5323 4031 5380 86.
