4850 6117
638 375 767 438 467

642 553 1820 720 ἓξιῗῖὲέᾚιὲ,““ωωὲἑῗὲῃᾞῗιέω“
1787 550 2585 737 ῲῖῗᾘᾳῗὲἒιὲῗὲἓέῗ

646 749 783 807 nes,
849 726 1016 793 nihil
1056 746 1319 793 necesse
1374 734 1473 790 est
1523 733 1599 791 ut
1651 724 1876 791 multis
1935 723 2154 790 verbis
2196 725 2580 807 exprimam,

688 811 899 879 nando
963 811 1045 877 ab
1108 810 1343 878 harum
1408 810 1669 890 nuncio,
1729 810 1931 875 fratre
1995 815 2221 875 nostro
2279 816 2346 875 et
2402 807 2581 874 fideli

644 835 895 965 giht-isti
932 897 1256 975 ministro,
1298 897 1383 963 D.
1427 896 1718 978 d’espoer,
1773 893 2173 962 commodius
2213 894 2432 961 omnia
2474 914 2580 960 ao-

643 983 844 1068 cipies
905 1004 1102 1068 quam
1166 1001 1290 1068 ego
1355 981 1511 1048 ullis
1576 980 1780 1047 literis
1843 980 2102 1064 assequi
2161 980 2423 1064 possim.
2508 978 2578 1047 Is

641 1089 909 1155 gregem
940 1076 1237 1135 nostrum
1259 1066 1415 1134 visit
1446 1067 1669 1151 illique
1688 1073 1989 1133 aeternae
2013 1065 2244 1132 salutis
2265 1064 2577 1132 alimenta

639 1154 1055 1234 ministravit,
1119 1173 1364 1237 nosque
1416 1154 1490 1218 in
1531 1152 1637 1218 his
1690 1159 2056 1235 temporum
2099 1151 2578 1218 calamitatibus

640 1261 760 1324 per
800 1247 1092 1305 mutuam
1148 1237 1345 1306 fidem
1399 1237 1900 1306 consolationem
1954 1237 2150 1303 simul
2192 1239 2573 1321 accepimus.

641 1324 877 1392 Adfuit
917 1324 1073 1392 huie
1113 1332 1376 1390 nostrae
1417 1322 1843 1391 consolationi
1875 1321 2427 1408 Burdigalenois·
2470 1342 2574 1388 ec-
2602 1325 2607 1333 '

640 1409 875 1478 clesiae
943 1409 1244 1476 minister
1286 1408 1631 1488 Μαιοήιιε,
1692 1410 1802 1492 qui
1857 1415 2118 1475 matura
2168 1409 2325 1493 fuga
2378 1407 2574 1474 saluti

638 1516 796 1562 suae
851 1494 1187 1563 consulere
1238 1495 1530 1561 omnium
1587 1514 1850 1560 suorum
1906 1493 2206 1578 precibus
2248 1494 2574 1560 excitatus

639 1583 910 1667 cogitur.
979 1581 1084 1648 Ab
1128 1590 1398 1665 utroque
1439 1579 1783 1665 intelliges,
1828 1580 2245 1647 ornatissime
2286 1581 2410 1657 vir,
2489 1600 2573 1645 uo

639 1668 714 1732 in
756 1674 937 1733 statu
969 1667 1104 1732 sint
1143 1686 1249 1732 res
1291 1668 1582 1732 omnium
1625 1674 1924 1732 nostrum
1967 1666 2371 1732 constitutae.
2511 1685 2575 1730 e-

637 1751 916 1819 riculosa
955 1759 1111 1818 sunt
1152 1752 1409 1818 omnia:
1452 1750 1708 1837 placida
1749 1750 1966 1835 quiete
2007 1749 2252 1818 diutius
2293 1749 2399 1817 hic
2440 1751 2575 1815 frui

870 1835 1239 1905 diffidimus.
1322 1837 1558 1904 Parari
1613 1836 1804 1903 nobis
1864 1834 2134 1903 insidias
2177 1845 2245 1903 et
2287 1844 2573 1902 armatos

684 1929 855 1989 ostes
915 1923 984 1988 in
1048 1943 1167 1989 nos
1223 1924 1475 1989 irruere
1537 1930 1789 1990 certum
1854 1931 1971 1987 est-
2056 1920 2135 1988 Si
2190 1921 2395 2007 igitur
2451 1941 2572 1988 nos

635 2008 1008 2076 certaminis
1049 2006 1400 2075 difficultas
1450 2023 1518 2075 et
1566 2007 1970 2074 imminentis
2014 2009 2417 2093 tempestatis
2458 2028 2571 2093 pe-

503 2099 509 2107 '
634 2093 912 2161 riculum
972 2093 1126 2161 hinc
1180 2094 1467 2180 migrare
1523 2093 1886 2243 compellat,
1931 2093 2000 2158 in
2050 2094 2312 2177 privata
2353 2092 2576 2176 aliqua

634 2180 986 2246 amicorum
1043 2178 1233 2245 domo
1291 2180 1428 2245 ruri
1484 2200 1605 2245 nos
1683 2181 1917 2246 atitare
1973 2177 2311 2263 oportebit,
2367 2178 2572 2245 donec

631 2286 753 2349 per
793 2264 923 2330 Dei
987 2264 1400 2331 clementiam
1468 2286 1596 2349 pax
1654 2264 1940 2332 eeclesiis
1994 2265 2299 2331 restituta
2354 2263 2572 2344 fuerit,

634 2357 749 2416 aut
808 2349 936 2416 alio
994 2371 1101 2416 me
1153 2350 1408 2418 miserit
1466 2350 1766 2435 princepe
1822 2356 2181 2434 pastorum,
2244 2359 2321 2415 ut
2383 2351 2570 2435 gregi

635 2456 754 2501 suo
829 2455 1094 2521 operam
1171 2443 1463 2502 nostram
1531 2436 1852 2503 collocem.
1960 2434 2040 2500 Id
2107 2434 2277 2518 quod
2342 2442 2570 2501 vestro

634 2520 925 2586 omnium
967 2541 1288 2588 concensu
1308 2524 1344 2562 ¹¹
1386 2530 1456 2587 et
1507 2521 1859 2587 autoritate
1899 2521 2041 2588 fieri
2084 2521 2274 2605 cupio
2314 2521 2385 2584 in
2429 2520 2570 2605 glo-

632 2606 800 2672 riam
842 2606 994 2674 Iesu
1036 2605 1306 2674 Christi.
1385 2605 1468 2672 In
1510 2626 1637 2692 quo
1679 2606 1826 2674 vale
1880 2605 2039 2672 felix
2094 2627 2245 2672 cum
2297 2605 2571 2673 eeclesia

634 2699 755 2756 tua
839 2712 914 2758 ro
970 2711 1100 2775 qua
1154 2691 1412 2759 assidue
1455 2711 1733 2774 oramus,
1797 2692 2210 2776 potissimum
2253 2712 2370 2775 pro
2412 2712 2569 2776 pru·

634 2712 938 2843 dentflms
978 2777 1313 2878 ministris·
1341 2798 1500 2861 quos
1542 2777 1882 2879 constituit
1921 2777 2269 2878 Dominus,
2312 2784 2389 2843 ut
2425 2796 2571 2843 eam

630 2861 1097 3048 3⁰:1⁰&sz
1124 2864 1512 3017 mma
1538 2862 2028 3016 ¹333?aeae
2035 2882 2573 3016 ιέὲᾜηῖοέἳίΐί

629 3053 759 3184 330
778 3042 1040 3185 Ispiritu
1081 3043 1149 3100 et
1189 3035 1370 3102 omni
1412 3034 1878 3102 benedictionis
1922 3055 2162 3120 genere
2204 3034 2570 3118 locupletet.

717 3169 734 3183 .
814 3141 972 3185 unu.

1502 3662 1689 3733 8811.

1001 3816 1508 3884 HALLERUS
1551 3817 2184 3887 BULLINGERO.

807 3986 2573 4071 Nooaodiooeptationisaomevmibuemovmurde

627 4072 2573 4226 efiegulesiieqdndfantquerempublicaminrebusoedeeias·

635 4330 745 4397 (Ex
781 4329 1118 4398 autographo
1151 4329 1314 4384 Arch-
1354 4329 1534 4385 Turio.
1583 4330 1727 4388 Plut.
1778 4331 1870 4385 Vl.
1906 4333 2027 4389 Vol.
2064 4332 2179 4393 154.
2233 4336 2361 4389 olim
2396 4335 2569 4390 Seria.

843 4399 904 4451 B.
940 4398 1079 4467 Epp.
1115 4398 1263 4452 Tom.
1299 4396 1386 4455 32.
1421 4398 1512 4453 fol.
1548 4397 1669 4452 301.
1713 4426 1774 4437 —
1812 4400 2023 4455 Simler.
2061 4402 2186 4456 Vol.
2224 4401 2370 4471 104.)

808 4566 1183 4634 Clarissimo
1228 4569 1365 4636 viro
1409 4568 1492 4634 D.
1541 4569 1923 4655 Heinrycho
1964 4571 2350 4659 Bullingero
2371 4575 2569 4661 'Pigu-

639 4653 822 4717 rinae
865 4653 1169 4719 ecclesiae
1211 4654 1452 4739 pastori
1497 4654 1874 4722 fidelissimo
1919 4656 2179 4724 domino
2222 4681 2338 4727 suo
2370 4659 2571 4727 hono-

635 4735 845 4815 rande
884 4743 951 4802 et
991 4739 1308 4823 compatri
1350 4740 1701 4808 carissimo.
2143 4830 2380 4897 Zfifioh

810 4993 881 5061 S.
950 4993 1113 5059 Sero
1155 4993 1421 5061 taudem
1499 5019 1580 5062 ex
1647 4998 1917 5065 Badena
1993 5002 2210 5085 accepi
2283 5023 2444 5086 quas
2511 5009 2569 5071 9.

637 5082 816 5147 Iunii
859 5079 942 5145 ad
986 5100 1091 5145 me
1134 5078 1388 5146 dedisti.
1456 5081 1642 5164 Quae
1686 5104 1806 5169 ego
1848 5106 2025 5153 nunc
2068 5085 2272 5154 habui
2314 5087 2397 5153 ad
2440 5089 2572 5156 fra·

640 5175 807 5233 trem
851 5165 1097 5249 scripsi.
1185 5164 1254 5231 Is
1295 5165 1411 5230 illa
1452 5167 1571 5233 tibi
1613 5170 2130 5239 communicabit.
2199 5172 2423 5240 Unum
2468 5174 2572 5241 his

639 5252 876 5320 addere
917 5271 1112 5337 cogor
1153 5250 1322 5334 quod
1366 5272 1470 5318 me
1510 5254 1582 5318 in
1621 5256 1845 5336 primis
1880 5258 2079 5340 angit.
2149 5257 2572 5327 Genevenses

2143 363 2666 434 EPIS'POLAE
2711 366 3133 431 3810-3813

4466 364 4567 434 468

2681 553 2858 619 enim
2903 552 2974 618 in
3015 551 3248 618 mediis
3290 552 3468 618 hisce
3501 551 3805 636 periculis
3840 551 3948 618 his
3981 550 4207 618 diebus
4239 551 4321 618 ad
4353 562 4568 623 nostros

2680 636 2978 704 scribunt
3018 638 3177 705 satis
3230 639 3654 722 contemptim
3712 636 3793 704 de
3844 638 4121 722 privatis
4174 637 4304 705 illis
4352 648 4570 706 contro-

2682 724 2911 790 versiis
2954 745 3116 808 quas
3156 743 3307 790 oum
3348 724 3511 807 ipsis
3551 722 3815 789 habent.
3900 722 4084 789 Inter
4131 723 4260 791 alia
4299 742 4444 790 vero
4479 725 4570 791 de-

2677 809 2999 876 nunciant
3038 809 3199 894 ipsis
3240 819 3317 875 ut
3358 809 3496 876 suis
3553 808 3838 877 ecclesiis
3879 808 4298 909 prospiciant,
4337 830 4403 875 se
4440 832 4572 895 quo-

2676 912 2803 981 que
2845 916 3000 962 suas
3041 902 3399 962 curaturos.
3485 895 3765 963 Factum
3810 916 3985 961 emm
4028 902 4133 961 est
4171 894 4469 962 hactenus
4503 917 4572 962 ex

2677 1001 2806 1064 quo
2849 978 3182 1047 Sabaudia
3235 1000 3276 1046 a
3337 981 3579 1048 nostris
3644 1000 3798 1048 occu
3845 988 3954 1046 ata
4016 980 4141 1047 fuit
4201 990 4278 1046 ut
4342 990 4575 1067 propter

2675 1065 3199 1133 commoditatem
3242 1066 3529 1134 locorum
3566 1066 3766 1152 aliqui
3799 1001 4291 1134 genevensium
4325 1068 4574 1133 ministri

2674 1152 2748 1217 in
2791 1151 2950 1218 loeis
2992 1152 3074 1219 ad
3118 1161 3377 1219 nostros
3416 1150 3894 1236 pertinentibus
3949 1151 4311 1219 concionati
4362 1155 4484 1219 sint
4518 1160 4572 1218 et

2676 1238 2967 1304 vicissim
3007 1239 3213 1305 nostri
3257 1237 3327 1303 in
3370 1237 3526 1305 locis
3566 1240 3877 1323 ipsorum.
3964 1238 4160 1305 Hanc
4204 1238 4575 1305 communio-

2674 1343 2829 1389 nem
2870 1344 3046 1390 nuno
3085 1324 3211 1408 ipsi
3252 1323 3480 1391 tollere
3542 1324 3768 1391 volunt
3822 1332 3890 1389 et
3928 1323 4103 1407 quod
4146 1345 4350 1391 unum
4389 1344 4487 1389 me
4521 1334 4577 1390 et

2673 1418 2928 1476 nostros
2969 1430 3195 1476 omnes
3228 1411 3512 1476 maxime
3546 1417 3821 1494 torquet,
3868 1411 4038 1475 inter
4075 1409 4205 1475 alia
4239 1410 4361 1476 hoc
4394 1430 4577 1476 soom-

2672 1503 2848 1560 mate
2899 1501 3197 1575 utuntur,
3251 1504 3505 1562 nostros
3562 1496 3893 1562 ministros
3946 1495 4321 1580 praedicare
4373 1515 4576 1561 secun·

2672 1579 2831 1646 dum
2886 1580 3414 1648 reformationem
3470 1590 3778 1661 nostram,
3821 1582 4110 1666 ipsorum
4166 1601 4323 1647 vero
4374 1600 4579 1647 secun·

2673 1663 2829 1730 dum
2875 1665 3146 1734 verbum
3189 1666 3333 1733 Dei.
3421 1666 3566 1733 Das
3604 1666 3762 1733 biset
3801 1666 3927 1733 med
3978 1668 4184 1734 vexit-t
4244 1667 4345 1733 die
4381 1685 4583 1733 vum

2671 1750 2915 1830 soae‘a‘bcl,
2953 1758 3029 1817 ut
3048 1751 3218 1818 nihil
3253 1772 3467 1836 supra.
3522 1751 3978 1820 Alsohatman
4049 1771 4197 1837 enys
4220 1753 4268 1837 ι)
4303 1750 4584 1833 eschoffen

2671 1837 2805 1903 und
2864 1837 2957 1904 lat
3016 1838 3129 1904 der
3192 1837 3310 1923 kyb
3363 1839 3491 1905 ond
3745 1838 3840 1905 m't
4049 1889 4064 1903 .
4156 1836 4302 1904 Gau
4363 1835 4584 1903 erbam

2672 1921 2806 1989 sich
2848 1942 3045 2004 maer,
3090 1924 3224 1990 und
3264 1923 3505 1991 bessem
3699 1974 3714 1989 .
3762 1958 4587 1972 ———————

2676 2045 2756 2055 —
2809 2045 2882 2056 -
2933 2045 3014 2056 —
3057 2008 3317 2076 Bernae
3361 2013 3460 2075 21.
3508 2009 3682 2076 Iunii
3734 2012 3913 2075 1562.

3806 2144 4087 2213 Ioannes
4128 2144 4440 2212 Hallerus

3868 2240 4179 2316 perpetuo
4220 2240 4396 2297 tuus.

3543 2777 3738 2850 8812.

3156 2931 3653 3000 PARELLUS
3698 2931 4130 3001 oALvmo.

2847 3102 2974 3170 Hic
3034 3122 3272 3188 quoque
3322 3123 3483 3188 quae
3535 3125 3615 3172 σω
3668 3123 3916 3171 more
3960 3103 4213 3188 publico
4268 3103 4501 3186 aceepit
4536 3104 4595 3167 in

2674 3208 3051 3257 communem
3088 3209 3278 3256 mm
3318 3190 3565 3273 emtfert.

2669 3359 2781 3429 (Ex
2815 3359 2946 3416 Ood.
2983 3359 3147 3418 Goth.
3196 3359 3315 3429 405,
3362 3361 3455 3418 fol.
3511 3360 3627 3416 111.
3693 3359 3887 3417 Edidit
3918 3361 4338 3419 Bretsohneider

2877 3429 3297 3500 Post-seriptum
3327 3429 3503 3485 solum
3538 3430 3739 3485 Fau-elli
3772 3448 3935 3487 manu
3969 3436 4252 3487 exaratum
4286 3435 4389 3486 est

4430 3357 4596 3414 ‚124

2843 3600 3415 3670 Praestantissimo
3479 3600 3729 3669 Ohristi
3783 3621 3974 3669 servo
4036 3598 4271 3670 Ioanni
4329 3600 4595 3668 Oalvino

2671 3687 3292 3840 ffigoriobegolesiaie
3350 3687 3760 3755 Genevensis
3828 3687 4015 3754 fratri
4078 3696 4145 3753 et
4205 3694 4596 3773 symmystae

2828 3792 2865 3837 e
3060 3793 3225 3839 rvan
3269 3795 3325 3840 o.

4113 3858 4443 3927 Genevae.

2842 4028 2915 4096 S.
2981 4028 3306 4097 Pontificii
3381 4030 3624 4097 milites
3711 4029 3905 4097 hodie
3980 4031 4105 4097 hac
4183 4031 4598 4103 transierunt,

2673 4114 2971 4199 quamvis
3014 4122 3168 4180 ante
3210 4115 3347 4182 dies
3404 4115 3651 4201 aliquot
3706 4117 3927 4183 omnia
3969 4137 4136 4200 quae
4175 4117 4362 4200 potui
4406 4113 4598 4181 addu-

2674 4201 2886 4266 xerim
2940 4221 3025 4266 ne
3073 4199 3142 4266 id
3198 4200 3439 4283 liceret,
3466 4202 3519 4286 ¹)
3563 4223 3763 4286 quum
3827 4201 3896 4267 hi
3950 4202 4245 4287 iugulum
4288 4203 4599 4285 impetant

2671 4287 2982 4370 principis
3025 4284 3216 4353 valde
3260 4288 3514 4367 infensi,
3560 4288 3729 4371 quod
3771 4294 4030 4353 tantum
4072 4288 4399 4353 Bernates
4441 4285 4598 4351 invi-

2672 4371 2832 4438 serit
2873 4371 3019 4438 aliis
3060 4374 3449 4456 praeteritis,
3505 4382 3575 4438 et
3629 4382 3906 4440 matrem
3960 4373 4161 4439 etiam
4202 4371 4480 4451 oderint,
4540 4377 4601 4435 et

2672 4477 2873 4557 quum
2938 4477 3189 4524 summe
3247 4458 3678 4525 adversentur
3731 4479 3815 4526 ev
3981 4458 4089 4537 lio,
4153 4480 4284 4525 uon
4350 4466 4598 4524 tantum

2669 4542 2754 4608 iis
2796 4542 2909 4626 qui
2951 4548 3108 4609 sunt
3144 4543 3217 4608 iu
3261 4542 3501 4625 Gallia,
3564 4566 3797 4613 verum
3849 4553 4050 4611 etiam
4089 4543 4276 4611 nobis
4316 4551 4599 4609 extrem

2669 4629 3032 4694 minantur:
3121 4636 3342 4696 tamen
3417 4628 3583 4713 nihil
3657 4631 3847 4715 potui
3909 4630 4217 4696 obtinere.
4318 4629 4598 4696 Tantum

2672 4715 2899 4782 urbem
2943 4714 3117 4781 hanc
3157 4716 3350 4799 pauci
3388 4716 3741 4782 intrarunt.
3826 4713 4005 4798 Quid
4071 4716 4274 4781 nostri
4319 4716 4460 4779 sint
4501 4733 4595 4779 ac-

2673 4801 2801 4865 turi
2837 4820 2968 4866 non
3012 4800 3172 4866 satis
3206 4800 3416 4867 video.
3485 4801 3707 4868 Verba
3740 4802 3948 4868 multa
3981 4801 4191 4880 audio,
4228 4800 4339 4867 sed
4377 4817 4597 4866 vereor

2667 5003 2845 5155 {gilii
2867 5005 2931 5140 113
2957 5004 3610 5131 {ifrwzim
3649 5074 3955 5156 qun-aem
4000 5089 4106 5158 qua
4140 5073 4338 5130 maza
4372 5075 4435 5128 en
4474 5071 4593 5153 (ξαι-

2666 5141 2799 5197 ham
2852 5141 3108 5208 aedua-a,-
3150 5157 3294 5198 eoves
3325 5142 3631 5198 Beruenses
3681 5158 3837 5225 ωριτε
3879 5144 4200 5268 mmm
4245 5150 4306 5200 ut
4338 5146 4595 5198 mm

2670 5209 3313 5345 emmam&
3329 5210 3762 5347 ew
3804 5214 3881 5329 τ·
4207 5226 4263 5268 2
4304 5217 4499 5281 w·
4544 5208 4593 5262 „-
