4850 6117
209 449 329 512 253

208 655 533 719 responce.
622 633 696 700 Ie
740 654 905 701 vous
961 632 1217 717 supplic
1280 641 1618 716 presentet
1659 654 1797 700 mcs
1852 632 2152 700 humbles

208 720 766 788 recomandations
830 728 874 786 a
935 718 1347 786 l'cxcellance
1409 719 1490 785 de
1530 719 2014 804 Monseigneur,
2083 729 2153 784 et

211 807 285 873 dc
326 804 655 884 Madame,
716 813 786 871 et
828 806 1007 871 aussi
1050 805 1366 872 sallueres
1409 806 1749 871 Monsieur
1790 806 1853 872 le
1895 806 2151 872 Gover-

209 913 385 970 nour,
448 898 517 956 et
558 891 917 958 Messieurs
975 891 1073 957 les
1117 890 1388 973 Quatrc,
1448 898 1595 956 tout
1648 891 1712 957 le
1758 891 2040 971 06116611,
2087 900 2154 956 et

210 987 382 1046 toute
425 977 768 1061 l'Eyglise.
857 978 1042 1043 Vous
1098 975 1570 1043 rccomandant
1612 985 1654 1043 a
1703 976 1767 1041 la
1823 999 2019 1062 grace
2063 977 2151 1042 du

211 1064 533 1148 Seigneur
591 1064 701 1147 qui
755 1084 917 1130 vous
982 1064 1241 1128 benisse
1301 1084 1611 1129 conserve
1667 1074 1734 1129 et
1798 1063 2018 1147 garde,
2086 1072 2154 1128 et

210 1161 415 1216 toutes
460 1165 566 1216 666
600 1149 928 1234 Eyglises,
976 1159 1041 1215 et
1084 1149 1253 1215 fasse
1288 1169 1631 1232 prosperet
1676 1159 1897 1216 vostre
1941 1149 2155 1217 sainct

210 1237 560 1302 ministere.

372 1322 479 1387 De
527 1321 678 1405 Gap
722 1342 795 1387 ce
850 1324 919 1385 12
967 1321 1048 1387 de
1090 1321 1363 1392 ianvier.

1150 1458 1386 1523 Vostre
1430 1456 1603 1522 frere
1650 1458 1866 1523 Farel.
1897 1461 1981 1530 ¹¹)

971 1754 1335 1762 me«-

1081 2004 1282 2075 3696.

591 2161 1096 2231 HALLERUS
1144 2156 1767 2228 BULLINGERO.

375 2336 597 2419 Neque
654 2335 931 2402 Castalio
996 2355 1190 2417 neque
1257 2333 1547 2398 Zanokus
1609 2336 1857 2397 vocatus
1919 2334 2007 2395 est
2069 2330 2154 2394 ad

214 2422 469 2489 scholam
508 2422 1047 2501 Laus-annonam,
1094 2421 1168 2485 de
1205 2419 1487 2502 Hyperia
1521 2419 1681 2484 serio
1715 2418 2061 2502 coqitatum.

214 2593 309 2661 (Ex
351 2593 695 2663 autographo
734 2592 898 2646 Arch.
948 2593 1126 2645 Turio.
1170 2592 1312 2644 Plut.
1356 2591 1442 2645 vl.
1482 2590 1606 2644 Vol.
1645 2586 1762 2658 154,
1811 2589 1939 2642 olim
1975 2587 2149 2643 Scrin.

426 2664 487 2717 B.
529 2663 670 2732 Epp.
706 2663 854 2716 Tom.
891 2659 977 2728 32,
1010 2662 1100 2716 fol.
1138 2660 1253 2715 580.
1294 2689 1358 2700 —
1395 2661 1593 2714 Simler
1627 2658 1749 2712 Vol.
1793 2656 1928 2722 103.)

368 2833 438 2902 S.
514 2835 623 2899 De
672 2834 1025 2902 Castaliam
1079 2853 1213 2898 non
1272 2841 1371 2898 est
1425 2831 1597 2915 quod
1655 2831 1745 2896 sis
1810 2829 2150 2910 sollicitus,

217 2920 659 2987 colendissimo
699 2921 782 2986 D.
822 2931 1172 3003 compater,
1232 2918 1459 2984 eadem
1514 2918 1687 2982 enim
1733 2916 1916 3001 prius
1959 2915 2148 2980 novi·

214 3027 344 3072 mus
398 3008 626 3072 omnia
682 3027 958 3091 quorum
1016 3014 1091 3070 tu
1140 3004 1469 3070 admones,
1557 3002 1824 3068 Interea
1864 3002 1981 3066 tibi
2024 3020 2145 3085 pro

215 3102 313 3158 tua
363 3092 708 3177 diligentia
768 3103 835 3157 et
888 3091 1324 3159 sollicitudine
1377 3090 1488 3174 pia
1544 3108 1740 3171 quam
1797 3108 1915 3171 pro
1958 3087 2145 3152 nobis

214 3180 371 3261 geris
433 3199 566 3264 ago
632 3179 877 3263 gratias
943 3178 1281 3243 maximas.
1376 3176 1551 3241 Puto
1614 3184 1681 3239 te
1745 3173 1998 3239 interea
2061 3194 2145 3238 ex

213 3266 358 3330 meis
401 3266 787 3349 cognovisse
823 3285 987 3348 quae
1030 3266 1204 3330 circa
1226 3261 1497 3345 Hyperii
1541 3259 1946 3327 vocationem
1990 3281 2145 3326 con-

215 3351 482 3433 tigerint.
562 3384 1409 3398 ———————
1472 3346 1721 3413 Sumus
1799 3347 1999 3410 etiam
2064 3344 2145 3409 de

216 3435 285 3499 D.
328 3436 583 3504 Zancho
624 3436 898 3519 loquuti,
946 3434 1063 3501 sed
1106 3435 1313 3504 nostri
1358 3432 1655 3499 homines
1699 3430 1904 3498 Italos
1947 3450 2148 3513 supra

216 3522 458 3588 modum
501 3523 780 3588 horrent
822 3533 900 3588 ut
953 3543 1085 3586 non
1139 3520 1423 3604 potuerit
1476 3517 1756 3583 obtineri
1808 3518 1984 3583 illius
2029 3536 2145 3581 vo·-

217 3609 361 3673 cstio
404 3641 1386 3658 ————————
1433 3604 1706 3669 Bernae.
1737 3606 1783 3683 ¹)

979 3899 1364 3916 ρ

1084 4119 1281 4188 3697.

290 4261 714 4342 L’EGLISE
759 4275 887 4341 DE
933 4275 1446 4343 VAULRERE
1483 4279 1530 4352 ¹)
1578 4276 1638 4339 A
1684 4272 2052 4339 OALVIN.

372 4447 696 4515 Demande
737 4450 812 4515 de
845 4453 1128 4532 postem.

220 4614 574 4690 (Autographe
620 4620 688 4673 dc
722 4621 778 4674 16
814 4617 1196 4687 Bibliotheque
1232 4617 1299 4673 de
1333 4616 1551 4671 Geneve
1588 4617 1707 4671 Vol.
1735 4614 1853 4682 196,
1900 4616 1993 4670 fol.
2032 4615 2146 4684 37.)

405 4824 458 4890 1)
491 4825 855 4894 εουεωῆρίίοοι
890 4825 1241 4894 autographo.

223 4887 462 4959 86661)
505 4891 683 4963 Quum
716 4893 1045 4961 respondeat
1078 4893 1155 4948 ad
1178 4892 1494 4960 Ball-’Meri
1523 4907 1605 4960 ep.
1638 4891 1692 4948 d.
1728 4890 1932 4947 9166.
1968 4906 1997 4946 ε
2069 4892 2081 4905 ”
2118 4920 2139 4932 -

571 4963 584 4977 ‘
1165 4968 1249 5017 ost
1283 4965 1321 5015 i.
1358 4976 1400 5016 e.
1440 4962 1590 5017 cirea
1624 4960 1766 5016 Idus
1809 4906 2139 5028 reponem.

226 5022 302 5080 De
330 5027 545 5086 Zao-cho
576 5030 701 5087 vide
732 5030 893 5098 infra
926 5030 1003 5086 N.
1038 5028 1108 5084 3⁷
1179 5070 1192 5084 .

226 5094 385 5154 800⁷.
496 5099 628 5156 Nom
662 5100 1004 5156 introuvable
1036 5099 1181 5153 daus
1219 5099 1269 5153 10
1303 5098 1667 5155 minanam
1700 5098 1796 5153 dee
1839 5111 2141 5154 munes

226 5163 280 5216 de
535 5209 547 5222 .
614 5170 762 5226 Avec
808 5169 906 5223 des
956 5168 1334 5236 clemente
1380 5167 1510 5237 plus
1554 5183 1626 5222 ou
1676 5166 1854 5222 moins
1897 5166 2140 5221 υοὶαόῑεε

494 5237 999 5302 formeouaurait
1051 5239 1099 5291 16
1141 5237 1302 5292 611οό6·
1350 5242 1501 5292 entre
1544 5252 1624 5291 tm
1671 5236 1857 5305 mand
1904 5235 2139 5291 nombre.

600 5323 629 5361 ο
660 5323 729 5362 πο
761 5308 1000 5363 contient
1034 5322 1217 5362 auam
1248 5305 1917 5374 indicequipornmrait
1949 5304 2015 5359 de
2047 5301 2138 5360 ἀέ-

229 5371 457 5429 tert-iuer
491 5376 544 5430 la
572 5377 830 5445 province
862 5378 935 5432 oa
968 5377 1013 5432 d
1041 5374 1299 5441 faudrait
1329 5372 1582 5430 cherchor-
1615 5373 1673 5428 la
1704 5373 1933 5430 localite'.

404 5099 461 5163 Ξ

1918 448 2079 511 1562
2122 443 2503 513 ῙΔΝΠΑΒ.

4072 450 4201 515 254

2428 634 2488 698 A
2533 631 2873 698 Monsieur
2930 632 3266 699 Monsieur
3325 634 3536 700 Metro
3591 637 3711 701 Ian
3758 638 4017 722 Galvyn
4076 641 4197 704 mi·

2253 719 2463 785 nistre
2508 717 2589 784 de
2631 717 2697 783 la
2740 719 2962 801 parole
3005 716 3087 782 de
3130 717 3306 784 Dieu
3654 831 3695 874 a
3738 809 4006 875 Gronov&

2253 976 2470 1043 Gracc
2512 988 2579 1042 et
2618 978 2770 1061 paix
2818 997 2936 1059 par
2982 988 3201 1041 nostre
3245 976 3571 1063 Seigneur
3604 980 3930 1045 Iesuchrit
3950 986 3988 1023 ὕ
4036 1002 4196 1048 vous

2814 1063 2939 1127 soit
2982 1062 3326 1145 multiplic.
3413 1066 3647 1129 Amen.
4038 1075 4042 1080 ’

2429 1235 2770 1300 Μ611616111·
2805 1255 2964 1299 vous
3008 1255 3186 1300 seres
3228 1244 3366 1301 este
3401 1233 3654 1302 adverti
3690 1257 3806 1318 par
3840 1238 4195 1304 Messieurs

2254 1321 2332 1387 de
2358 1319 2541 1387 Sales
2583 1330 2651 1385 et
2693 1320 2768 1385 de
2806 1318 3032 1385 Sauset
3074 1329 3141 1384 et
3183 1340 3303 1404 par
3336 1343 3467 1386 une
3501 1323 3772 1387 missive
3805 1344 3929 1407 que
3972 1333 4196 1389 nostre

2255 1406 2640 1472 concistoire
2674 1426 2840 1471 vous
2875 1426 2914 1468 a
2949 1405 3188 1472 mande
3229 1418 3295 1472 et
3338 1429 3378 1472 6
3410 1409 3762 1475 messieurs
3795 1431 3959 1475 vous
3994 1411 4197 1476 freres

2254 1492 2611 1577 mynistres
2665 1491 2747 1558 de
2801 1491 2867 1555 la
2920 1492 3143 1575 parole
3186 1493 3267 1559 de
3309 1491 3484 1558 Dieu
3543 1515 3628 1559 en
3683 1516 3800 1560 son
3848 1496 4072 1580 Eglise
4117 1496 4197 1563 de

2258 1578 2531 1645 Geneve
2588 1577 2670 1644 de
2726 1577 2792 1643 la
2847 1597 3039 1660 grace
3082 1599 3207 1660 que
3264 1578 3379 1662 luy
3425 1598 3464 1642 a
3516 1580 3668 1662 pleu
3725 1603 3884 1647 vous
3943 1582 4074 1647 fere
4118 1582 4200 1648 de

2257 1684 2419 1729 nous
2464 1684 2775 1748 recevoyr
2819 1683 2904 1728 au
2948 1672 3219 1745 tropeau
3243 1664 3323 1729 de
3345 1664 3677 1731 Iesuchrit
3719 1689 3835 1732 son
3878 1668 3985 1732 filz
4029 1688 4162 1750 pou

2255 1769 2424 1815 nous
2468 1749 2704 1815 rendre
2761 1748 2842 1814 de
2884 1748 3208 1815 membres
3260 1752 3517 1833 pourris
3572 1752 3894 1818 membres
3953 1754 4078 1818 vifz
4125 1754 4205 1820 de

2256 1857 2375 1901 son
2427 1855 2619 1919 corps
2673 1857 2794 1920 par
2857 1835 3037 1914 16616,
3105 1837 3278 1902 611661
3342 1857 3534 1901 aures
3578 1838 3865 1902 entendu
3925 1839 3985 1903 le
4031 1840 4205 1905 desir

2255 1943 2381 2004 que
2424 1943 2589 1987 nous
2633 1942 2838 1988 avons
2881 1933 3054 1985 estre
3099 1922 3442 2005 enseigncs
3484 1944 3565 1988 en
3621 1921 3688 1987 16
3730 1924 3968 2005 parole,
4027 1935 4095 1989 ot
4138 1926 4203 1992 la

2256 2006 2505 2083 grande
2562 2010 2880 2073 necessite
2935 2028 3059 2090 que
3118 2028 3282 2072 nous
3336 2029 3543 2073 avons
3600 2008 3734 2073 dun
3792 2012 4116 2094 mynistre
4162 2032 4203 2077 a

2254 2094 2509 2176 laquele
2574 2114 2738 2159 nous
2816 2094 3146 2176 esperions
3224 2103 3397 2158 estre
3476 2114 3785 2160 secourus
3848 2117 3969 2180 par
4035 2117 4200 2162 vous

2256 2199 2530 2263 moyens
2574 2199 2825 2244 comme
2868 2178 2949 2243 de
2993 2199 3161 2245 ceux
3216 2180 3327 2262 qui
3383 2181 3607 2247 taches
3650 2178 3729 2245 de
3783 2189 3929 2246 tout
3973 2193 4197 2248 vostre

2255 2285 2555 2347 pouvoyr
2588 2265 2883 2330 satisfere
2919 2285 3047 2329 aux
3070 2266 3498 2342 necessiteux‚
3536 2266 3795 2349 despuis
3835 2289 4000 2333 nouz
4029 2288 4199 2333 som-

2253 2370 2392 2416 mes
2438 2360 2611 2416 estes
2653 2349 2942 2415 advertis
2988 2369 3103 2432 par
3147 2361 3387 2416 metros
3425 2352 3826 2417 Guilhaume
3860 2352 4092 2418 Borrel
4132 2363 4199 2419 et

2254 2435 2582 2520 Raynaud
2623 2436 2823 2501 Pallet
2855 2436 3027 2519 quilz
3071 2456 3235 2501 nous
3275 2447 3391 2502 ont
3434 2447 3667 2504 retenu
3703 2459 3842 2522 ung
3876 2441 4197 2521 mynistre

2253 2530 2322 2585 et
2364 2523 2577 2587 6611166
2621 2542 2824 2588 avons
2866 2522 3186 2605 despeche
3244 2545 3316 2588 66
3372 2531 3641 2606 porteur
3697 2545 3990 2606 expreux
4034 2545 4198 2608 pour

2253 2607 2417 2672 16161·
2460 2608 2683 2691 querir
2739 2628 2907 2673 nouz
2966 2608 3061 2673 les
3119 2628 3324 2675 avons
3380 2630 3647 2693 requers
3692 2631 3853 2676 vous
3897 2630 3978 2674 en
4021 2631 4198 2676 com·

2253 2694 2599 2777 muniquer
2641 2715 2808 2759 nouz
2853 2694 3098 2759 offrant
3150 2715 3461 2779 recevoyr
3504 2695 3671 2761 celui
3720 2714 3805 2760 ou
3849 2695 4061 2761 aultre
4104 2696 4195 2761 tel

2253 2800 2376 2863 que
2432 2800 2595 2846 vous
2656 2779 2874 2863 plerra
2927 2799 3099 2845 nouz
3166 2801 3457 2866 envoyer
3522 2780 3740 2849 daussi
3805 2781 3931 2847 bon
3996 2803 4199 2847 cueur

2251 2886 2377 2949 que
2432 2866 2656 2949 prions
2696 2865 2874 2932 Dieu
2934 2885 3096 2931 vous
3148 2887 3496 2933 conserver
3539 2876 3607 2934 et
3661 2875 4046 2951 augmentet
4087 2888 4196 2934 666

2251 2970 2479 3034 graces
2522 2973 2690 3017 nouz
2747 2952 3284 3019 recommandant
3329 2953 3796 3031 humblement,
3844 2952 4193 3032 Monsieur,

2249 3057 2379 3103 aux
2424 3043 2660 3104 votres.
2734 3037 2814 3103 de
2858 3037 3179 3103 Vaulrere
3223 3060 3295 3105 66
3343 3044 3419 3103 17
3466 3040 3545 3106 de
3589 3041 3855 3108 Ianvier
3906 3043 4085 3105 1562.

2422 3192 2605 3257 Vous
2641 3191 2945 3258 humbles
2980 3202 3046 3257 et
3079 3192 3440 3259 obeissantz
3484 3196 3846 3261 serviteurs
3882 3206 3950 3261 et
3991 3195 4196 3261 freres

2248 3299 2333 3341 en
2386 3286 2610 3344 nostre
2665 3276 2996 3362 Seigneur
3059 3299 3223 3345 ceux
3280 3278 3360 3345 de
3426 3280 3681 3364 laiglise
3745 3284 4062 3347 reformee
4114 3279 4197 3346 de

2248 3363 2573 3429 Vaulrere
2616 3373 2682 3430 et
2723 3384 2764 3428 a
2809 3364 2951 3430 leur
2996 3384 3148 3429 nom

3414 3452 3726 3517 Anthone
3772 3452 4107 3519 Debellan.

3405 3539 3472 3604 J.
3516 3537 3828 3604 Richard.

3108 4185 3309 4256 3698.

2863 4359 3106 4424 ΒΕΖΑ
3144 4355 3578 4423 CALVINO.

2418 4531 2603 4598 Nova
2680 4552 2758 4596 ex
2835 4531 3004 4596 aula.
3130 4530 3281 4609 Ipse
3350 4527 3428 4593 de
3491 4526 3869 4609 profectione
3945 4529 4183 4613 σοφίαι.

2244 4619 2494 4683 Interea
2535 4618 2732 4682 denuo
2775 4615 3143 4698 colloquium
3207 4614 3370 4678 inter
3409 4614 3736 4695 utriusque
3767 4615 3987 4694 partis
4028 4614 4187 4681 dele-

2235 4708 2413 4785 yatos
2447 4703 2812 4769 institutum.
2884 4700 2988 4766 De
3021 4698 3329 4766 Baduelli
3355 4718 3701 4765 successore
3733 4719 3874 4765 oum
3910 4699 4189 4766 Meo-cero

2240 4961 2346 5026 (Ex
2382 4963 2511 5012 auto
2610 4958 2719 5027 pho
2754 4957 2881 5012 eod.
2938 4955 3139 5009 Gcnev.
3200 4954 3315 5008 117.
3365 4956 3454 5009 fol.
3503 4955 3587 5023 64,
3641 4956 3761 5010 0011.
3822 4973 3865 5011 6.
3905 4956 4028 5011 Cod.
4075 4956 4186 5023 119,

2239 5029 2328 5083 fol.
2377 5025 2463 5093 73,
2509 4975 2647 5149 ἕὲρ.
2697 5027 2861 5080 Bern.
2908 5024 3005 5079 VI.
3051 5042 3103 5094 p.
3155 5023 3564 5108 10672sim10ri
3613 5024 3736 5079 Vol.
3785 5025 3902 5079 103.
3949 5033 4006 5080 et
4056 5025 4185 5081 Ood.

2351 5097 2548 5165 Sanga]
2573 5136 2584 5148 .
2620 5096 2762 5165 Epp.
2799 5094 2917 5149 XII.
2954 5093 3075 5149 297.
3111 5124 3178 5132 ——
3211 5093 3403 5148 Edunt
3438 5095 3610 5148 Baum
3646 5094 3786 5164 App.
3826 5095 3896 5148 11.
3936 5093 4080 5160 159.)

2325 5273 2389 5335 Α
2434 5268 2667 5334 Monet.
2720 5267 2954 5333 Mons‘.
2999 5267 3418 5352 D'espeville.

3469 5372 3509 5415 a
3544 5349 4009 5416 villefranche.
