4850 6117
642 380 766 438 415

633 567 705 648 je
746 562 860 646 luy
908 560 1179 626 donasse
1238 569 1458 624 entree
1514 570 1582 623 et
1625 578 1810 625 accez
1867 578 2098 624 envers
2144 580 2304 625 vous
2357 569 2425 625 et
2464 582 2587 644 par

641 669 760 799 cren
750 668 985 731 moyen
1021 645 1158 730 quil
1193 645 1319 711 soit
1353 665 1485 729 ouy
1519 643 1634 710 des
1678 642 2176 711 ambassadeurs
2211 644 2325 710 des
2353 656 2589 728 quatre

765 756 851 799 es.

814 817 1024 885 Outre
1080 817 1148 883 la
1204 816 1619 884 commission
1676 815 1813 899 quil
1857 835 2019 883 vous
2077 837 2394 900 exposera
2441 818 2585 900 jad-

643 907 972 990 iousteray
1032 926 1170 988 ung
1225 912 1365 968 mot
1417 901 1730 969 touchant
1785 902 2045 986 largent
2100 901 2215 969 des
2273 903 2588 986 pensione

643 991 758 1074 qui
815 1012 856 1055 a
896 999 1035 1056 este
1092 999 1343 1055 arreste
1388 1010 1427 1054 a
1471 988 1672 1065 Lion,
1729 1009 1894 1071 pour
1947 1009 2020 1052 ce
2074 1009 2199 1071 que
2255 1010 2329 1055 ce
2386 990 2589 1054 seroit

642 1098 771 1143 une
813 1076 1007 1142 chose
1051 1074 1333 1152 odieuse,
1393 1074 1529 1158 quil
1567 1097 1610 1158 y
1657 1096 1697 1139 6
1737 1075 1868 1139 bon
1909 1072 2170 1139 remede
2213 1084 2282 1138 et
2322 1083 2590 1158 prompt

639 1162 726 1228 de
757 1161 823 1227 le
854 1163 1015 1226 faire
1050 1161 1347 1226 delivrer.
1407 1161 1578 1226 Mais
1611 1159 1663 1224 il
1694 1158 1925 1225 faudra
1958 1181 2082 1243 que
2106 1170 2324 1226 vostre
2361 1160 2588 1226 affaire

641 1270 714 1314 se
777 1268 1109 1333 gouverne
1178 1268 1296 1330 par
1338 1256 1561 1312 vostre
1614 1244 1742 1310 bon
1800 1246 2062 1310 conseil.
2153 1247 2459 1331 Parquoy
2517 1249 2589 1331 je

642 1354 812 1400 vous
856 1335 997 1417 prie
1040 1332 1175 1416 quil
1220 1353 1378 1398 vous
1421 1330 1624 1414 plaise
1669 1330 1918 1396 donner
1960 1331 2351 1398 instruction
2397 1353 2439 1396 a
2468 1353 2590 1399 vos

643 1418 1142 1486 ambassadeurs
1196 1418 1275 1484 de
1328 1439 1400 1483 ce
1456 1438 1581 1501 que
1626 1438 1788 1483 vous
1846 1438 2036 1482 aurez
2095 1417 2319 1485 advise
2374 1418 2591 1484 destre

645 1505 1000 1589 expedient
1053 1525 1329 1571 mesmes
1382 1503 1437 1569 si
1482 1502 1623 1570 6616
1664 1515 1823 1585 peut
1878 1504 2179 1587 appaiser
2220 1524 2341 1569 voz
2399 1504 2588 1570 alliez

644 1613 813 1674 pour
871 1590 966 1656 les
1020 1591 1182 1656 faire
1239 1591 1409 1656 tenir
1454 1608 1609 1673 coyz
1670 1609 1825 1653 6666
1868 1587 2118 1654 donner
2161 1609 2439 1656 seeours.
2527 1590 2590 1655 Il

644 1700 690 1762 y
714 1698 874 1743 aura
910 1677 1121 1741 bonne
1156 1676 1481 1759 provisiou
1518 1684 1583 1740 et
1624 1674 1897 1740 hastive.
1972 1672 2299 1763 Surquoy,
2325 1676 2589 1761 Magni-

645 1761 886 1846 fioques
921 1763 1236 1828 Puissans
1279 1771 1347 1827 et
1390 1759 1878 1827 tresredoubtez
1913 1758 2291 1845 Seigneurs‚
2324 1764 2394 1845 je
2436 1784 2589 1845 sup-

645 1848 897 1934 plieray
952 1856 1171 1913 nostre
1227 1846 1553 1931 Seigneur
1611 1866 1774 1912 vous
1834 1848 2005 1912 tenir
2061 1870 2146 1913 en
2204 1868 2277 1915 66
2341 1850 2591 1916 saincte

732 1933 847 1998 rde
904 1944 970 1998 et
1024 1954 1187 1999 vous
1253 1934 1600 2000 aceroistre
1665 1954 1749 1997 en
1815 1940 1993 1998 toute
2055 1935 2435 2018 prosperite.
2526 1937 2589 2000 A

712 2040 916 2085 eneve
960 2039 1033 2085 66
1076 2020 1407 2085 6616166166
1450 2018 1530 2084 de
1575 2019 1735 2102 May
1779 2022 1959 2083 1562.

1499 2155 1742 2220 Vostre
1771 2160 1824 2231 ⁴)
1868 2154 2136 2220 humble
2179 2157 2504 2224 serviteur

1740 2240 1951 2307 Iehan
2000 2241 2254 2308 Oalvin.

1515 2785 1715 2857 3789.

989 2959 1567 3028 Ho'mMANUS
1611 2957 2257 3027 LANDGRAVIO.

815 3131 925 3197 Ex
973 3134 1199 3198 castris
1242 3130 1825 3197 Aurelianensibus.
1905 3129 2247 3195 Auxilium
2293 3129 2451 3210 petit
2493 3130 2590 3195 in-

644 3223 843 3285 stante
885 3217 1069 3284 hoste.

920 3389 1030 3455 (Ex
1064 3388 1237 3444 Tomo
1271 3390 1408 3458 Epp.
1446 3388 1769 3443 Hotomann.
1804 3388 1888 3442 ed.
1925 3387 2083 3441 Meel.
2119 3404 2175 3458 p.
2207 3385 2320 3455 32.)

814 3560 1266 3625 Illustrissimo
1311 3571 1378 3625 et
1409 3561 1855 3643 potentissimo
1890 3558 2170 3643 principi
2205 3580 2280 3626 ao
2304 3559 2588 3624 Domino

642 3647 933 3713 Domino
976 3644 1284 3730 Philippo
1325 3645 1751 3732 Landgravio
1794 3645 2074 3712 Hassiae
2122 3645 2385 3711 domino
2428 3644 2587 3711 Cat-

644 3739 866 3798 1616111
911 3740 1029 3797 616.
1078 3731 1342 3797 domino
1385 3753 1532 3798 meo
1575 3732 2101 3799 clementissimo.

812 3903 1264 3970 Illustrissime
1307 3905 1644 3987 Princeps,
1689 3903 2211 3971 Clementissime
2284 3903 2585 3969 Domine.

644 3992 894 4074 Scripsi
939 3993 1069 4056 iam
1114 3990 1188 4055 C.
1231 3991 1312 4055 V.
1360 3999 1582 4056 ternas
1645 3999 1760 4055 aut
1822 4000 2174 4074 quaternas
2239 3988 2465 4054 literas
2523 3998 2590 4054 et

644 4098 847 4163 quum
891 4076 1386 4142 Illustrissimus
1429 4075 1746 4158 Princeps
1803 4084 2024 4141 noster
2043 4074 2095 4160 ¹)
2162 4075 2337 4141 hunc
2380 4075 2589 4140 Baro-

643 4185 797 4228 nem
816 4165 874 4240 2)
916 4162 998 4227 611
1043 4182 1161 4226 vos
1203 4161 1513 4240 mitteret,
1558 4160 2032 4226 adolescentem
2078 4160 2487 4226 Germanum
2524 4169 2591 4226 et

644 4246 837 4312 valde
873 4250 1068 4330 pium,
1135 4248 1345 4313 officio
1389 4267 1532 4312 meo
1577 4246 1798 4313 deesse
1840 4246 2041 4311 nolui.
2130 4246 2484 4330 Negotium
2529 4246 2591 4311 ei

644 4333 874 4398 datum
927 4343 1027 4398 est
1085 4344 1156 4397 ut
1212 4332 1398 4399 vobis
1442 4353 1702 4398 omnem
1767 4352 1992 4397 rerum
2036 4340 2409 4397 nostrarum
2455 4340 2587 4398 sta-

640 4428 781 4483 tum
837 4432 1207 4500 exponeret.
1298 4417 1450 4500 Qua
1507 4418 1589 4482 de
1645 4438 1842 4484 causa
1892 4417 2338 4483 narrationem
2402 4416 2586 4483 illam

641 4505 962 4579 omittam,
1009 4513 1073 4569 et
1114 4511 1374 4569 tantum
1409 4505 1536 4569 hoe
1569 4501 1823 4583 addam,
1872 4505 2125 4569 venisse
2162 4514 2420 4586 tempus
2461 4525 2586 4586 quo

639 4609 939 4673 proceres
981 4592 1188 4653 nostri
1248 4588 1766 4655 benevolentiam
1811 4598 2096 4654 vestram
2142 4590 2582 4672 experientur.

845 4879 903 4939 4)
942 4877 1314 4947 Sousoription
1347 4878 1696 4948 autographo.

643 4947 824 5003 Μεθ’
848 4946 908 5082 {3
945 4945 1249 5082 maii.
1286 5013 1353 5068 aa
1389 5013 1597 5070 Danaa
1630 5017 1755 5070 oum
1790 5015 2228 5071 Melancwaonis
2260 5015 2595 5098 auditores.

2142 366 2666 435 EPISTOLAE
2711 355 3135 437 37884-3790

4475 383 4570 447 416

2695 558 3243 643 Roekendorphius
3265 560 3321 643 ³)
3386 559 3626 626 dicitur
3689 559 4043 627 adventare
4117 582 4267 628 cum
4338 563 4577 646 equitum

2692 644 2941 712 duobus
2986 646 3273 712 millibus
3317 652 3386 710 et
3426 646 3611 715 nobis
3656 647 3963 713 minitari.
4064 646 4387 714 Dicuntur
4422 670 4577 732 quae-

2692 730 2842 796 dam
2889 731 2969 796 de
3016 731 3469 815 Riffemberyia
3488 737 3546 809 ⁴)
3612 732 3950 798 Nonnulla
3991 734 4191 799 etiam
4232 744 4579 817 sparguntur

2691 816 2771 881 de
2808 817 3218 901 Rhium-avie,
3236 819 3294 896 ⁶)
3338 838 3502 901 quae
3559 828 3735 885 certe
3779 819 4033 884 affirmo
4077 839 4220 884 esse
4272 819 4581 887 falsissima.

2691 901 2827 968 Sed
2872 912 3092 969 tamen
3138 912 3464 988 coguntur
3508 904 3715 970 nostri
3758 913 4020 989 propter
4063 903 4209 971 illas
4252 903 4585 972 Rodoendor·

2676 987 2827 1070 phii
2867 990 3084 1073 copias
3120 999 3405 1055 vestram
3450 1010 3642 1073 opem
3685 990 4046 1075 implorare.
4115 990 4291 1057 Nam
4329 989 4482 1073 quod
4522 992 4587 1057 ad

2692 1072 2984 1141 Gallicas
3018 1076 3235 1159 copias
3279 1075 3517 1140 attinet
3557 1074 3749 1160 longe
3791 1097 4018 1143 sumus
4059 1077 4425 1159 paratiores.
4480 1077 4589 1143 Me-

2689 1159 2856 1224 mini
2900 1170 3121 1226 autem
3209 1181 3359 1225 uam
3380 1159 3758 1241 liberaliter,
3802 1183 3996 1246 quam
4018 1164 4144 1245 pie,
4189 1182 4380 1246 quam
4401 1183 4590 1229 aman·

2692 1255 2794 1312 ter
2838 1245 2911 1312 O.
2957 1245 3040 1311 V.
3088 1246 3174 1311 m'
3230 1248 3250 1310 i
3294 1267 3466 1311 anno
3524 1249 3856 1330 superiore
3915 1246 4189 1314 subsidii
4231 1246 4462 1331 aliquid
4500 1270 4591 1330 pro

2692 1333 2935 1397 nostris
3007 1332 3298 1399 ecclesiis
3376 1333 3766 1415 promiserit,
3876 1343 3945 1399 et
4008 1333 4296 1417 quotidie
4341 1333 4593 1416 Principi

2698 1416 3021 1495 Gondensi,
3068 1417 3411 1484 Amirallio
3454 1429 3522 1483 et
3575 1422 3845 1485 caeteris
3900 1420 4214 1485 confirmo
4259 1418 4334 1486 O.
4371 1419 4446 1483 V.
4487 1439 4594 1483 non

2694 1503 3100 1570 deserturam
3134 1526 3275 1571 esse
3311 1504 3484 1570 116116
3505 1523 3782 1570 causam.
3863 1504 3986 1570 Vix
4023 1504 4150 1572 dici
4183 1513 4396 1588 potest
4424 1524 4596 1588 quan·

2692 1601 2827 1654 tam
2872 1611 3054 1673 spem
3090 1613 3176 1655 ex
3221 1590 3294 1655 O.
3351 1590 3424 1654 V.
3472 1590 3902 1675 conceperint.
3984 1590 4213 1674 Itaque
4254 1590 4597 1674 simpliciter

2693 1690 2761 1740 et
2814 1675 3025 1758 quoad
3083 1697 3346 1759 possum
3406 1675 3643 1742 obnixe
3698 1698 3738 1742 a
3794 1678 3981 1742 vobis
4037 1687 4187 1760 peto
4251 1696 4597 1760 quaesoque,

2692 1762 3013 1845 Princeps
3052 1761 3525 1837 Illustrissime,
3590 1770 3664 1827 ut
3712 1762 3808 1827 illi
3863 1763 4002 1846 spei
4071 1762 4472 1845 respondem,
4546 1769 4599 1825 et

2694 1856 2953 1912 tantum
2976 1848 3262 1914 officium
3302 1867 3388 1912 ne
3423 1870 3463 1913 6
3482 1846 3837 1914 Germanis
3872 1847 4188 1915 militibus
4223 1847 4598 1914 invadamur.

2692 1932 2864 1998 Nam
2929 1932 3105 2017 quod
3168 1932 3249 1999 ad
3298 1932 3525 1998 Gallos
3580 1934 3832 2014 attinet,
3919 1934 4079 2000 satis
4144 1954 4459 2018 superque
4495 1930 4602 1996 Dei

2692 2018 3004 2085 beneficio
3071 2021 3281 2101 parati
3340 2040 3588 2084 sumus.
3669 2020 3886 2086 Deum
3943 2017 4095 2104 Opt.
4142 2020 4321 2086 Max.
4388 2041 4490 2084 oro
4546 2024 4604 2082 ut

2691 2105 2902 2171 nostri
2946 2106 3331 2171 misereatur
3390 2115 3454 2171 et
3500 2114 3756 2173 vestras
3804 2106 4055 2172 animos
4098 2104 4177 2170 ad
4224 2105 4606 2171 commisera-

2694 2191 2939 2256 tionem
2984 2190 3246 2256 excitet.

2862 2276 3320 2343 Illustrissime
3364 2276 3699 2361 Princeps,
3767 2277 4291 2344 clementissime
4333 2275 4605 2351 Domine,

2694 2362 2857 2429 vale.
2949 2362 3239 2428 Aureliis
3282 2363 3417 2446 xvij
3463 2361 3624 2427 Maii
3678 2366 3922 2440 1562.⁶)

3558 2908 3757 2979 37⁹⁰.

3052 3063 3181 3130 DE
3227 3064 3352 3130 LA
3397 3062 3684 3130 VIGNE
3713 3070 3757 3141 ¹)
3800 3067 3863 3130 A
3914 3061 4284 3131 GALVIN.

2864 3221 3085 3320 Eylise
3127 3235 3204 3301 de
3251 3235 3317 3300 S.
3365 3235 3472 3301 Lo.
3544 3234 3913 3301 (lonver-sion
3953 3236 4044 3302 du
4082 3234 4285 3302 Gomte
4326 3235 4404 3302 de
4439 3232 4618 3301 Mmt-

2685 3344 2952 3408 yomery.
3040 3320 3449 3388 Dissensions
3503 3321 3546 3386 ὰ
3588 3341 3827 3404 propos
3883 3321 3959 3387 de
4015 3321 4081 3388 la
4133 3321 4387 3407 liturgic
4428 3321 4617 3407 anqu-

2688 3429 2841 3476 6666
2882 3414 2940 3473 et
2977 3408 3053 3475 de
3092 3407 3448 3475 l’aooession
3485 3406 3886 3491 d’aranqers.

2692 3576 3076 3647 (Δεήσει-611116
3111 3577 3181 3630 de
3217 3578 3271 3631 la
3305 3576 3683 3648 Bibliotheque
3717 3579 3787 3633 de
3818 3577 4036 3633 Geneve
4071 3579 4185 3633 MS,
4222 3578 4340 3647 109,
4371 3579 4463 3634 fol.
4489 3577 4620 3645 205.)

3073 3748 3416 3816 Monsieur
3457 3750 3797 3817 Monsieur
3840 3749 4251 3834 d'Espeville.

2735 3922 2950 3988 Grace
2994 3929 3063 3986 et
3104 3923 3258 4004 paix
3302 3941 3422 4004 par
3464 3921 3662 3988 Jesus
3708 3920 3936 3987 Christ
3978 3928 4199 3987 nostre
4242 3921 4579 4008 Seigneur.

2894 4192 2955 4257 3)
2992 4192 3247 4263 Lanyuet
3279 4192 3361 4246 29.
3400 4194 3542 4264 Apr.
3620 4193 3890 4247 Miserunt
3963 4194 4269 4261 munnio-¹)
4306 4194 4367 4247 in
4412 4195 4620 4249 Genus·

2691 4263 2836 4317 1116111
2871 4262 3314 4332 Boeandolphum
3351 4264 3443 4333 qui
3479 4263 3708 4317 militem
3746 4264 3956 4317 conseri
3994 4270 4066 4317 at.
4148 4263 4325 4319 Audio
4359 4279 4481 4317 eum
4513 4278 4624 4318 ene

2688 4333 2745 4386 in
2779 4330 2974 4384 finibus
2991 4331 3375 4401 Lothsringiae
3411 4338 3468 4385 et
3485 4332 3827 4403 episcopatus
3850 4332 4204 4398 Trevirensis,
4241 4332 4455 4402 ipsique
4488 4348 4621 4385 sum·

2690 4399 2837 4454 mitti
2870 4399 3100 4453 militem
3149 4402 3219 4455 ab
3266 4418 3296 4454 e
3336 4402 3522 4470 iseopo
3567 4406 3625 4454 et
3670 4418 3705 4454 a
3744 4401 3915 4455 Petro
3964 4401 4200 4456 Ernesto
4243 4398 4620 4455 Mansfeldensi

2689 4468 2965 4538 praefecto
3008 4469 3234 4523 ducatus
3324 4470 3767 4539 utzelbnrgensis.
3838 4467 3991 4524 Idem
4026 4469 4077 4524 9.
4112 4470 4256 4524 Mai.
4335 4468 4623 4525 Rocandol·

2686 4538 2829 4607 phus
2862 4544 2949 4591 est
2980 4539 3036 4592 in
3072 4539 3386 4608 episcopatu
3420 4538 3748 4593 Trevirensi.
3828 4538 4166 4608 Recensebit,
4202 4544 4265 4592 ut
4297 4539 4470 4605 sudio,
4504 4552 4620 4592 1111116

2688 4623 2752 4661 66
2793 4607 2873 4659 166
2907 4607 2975 4659 611
3012 4605 3082 4659 12
3123 4607 3270 4661 1116111
3313 4607 3548 4676 proximi
3595 4608 3811 4661 mensis.
3861 4636 3923 4646 -—
3971 4604 4134 4662 Μόνη.
4183 4608 4251 4663 de
4301 4606 4482 4662 Conde'
4525 4604 4620 4661 111.

2802 4697 2817 4726 .-
2863 4676 2983 4729 Ban
3018 4676 3087 4729 de
3120 4676 3243 4729 l’em
3284 4677 3365 4728 ire
3406 4682 3595 4730 contre
3640 4679 3721 4732 les
3755 4676 3974 4731 Reitres
4017 4683 4071 4730 et
4104 4678 4473 4746 Lansqnenets
4520 4690 4620 4745 que

2688 4745 2741 4798 le
2778 4742 2970 4798 Oomte
3005 4692 3383 4813 Boquend'orff
3408 4745 3531 4798 leva
3565 4762 3633 4799 en
3669 4744 3883 4799 Anemo
3958 4762 3988 4798 e
4025 4762 4162 4816 pour
4196 4747 4248 4799 le
4283 4746 4618 4799 Triumvirat.

2890 4811 2954 4880 4)
2983 4813 3134 4877 falsa
3166 4818 3360 4866 tamen.
3433 4813 3731 4880 (Bar-thola
3762 4813 3882 4868 389.

2892 4880 2954 4946 5)
2992 4881 3117 4935 Lan
3157 4888 3244 4934 aet
3275 4881 3310 4935 1.
3345 4881 3382 4939 l.
3431 4882 3505 4936 11.
3555 4882 3689 4937 225:
3733 4883 4099 4951 Bhingravius
4146 4884 4254 4936 iam
4301 4883 4532 4937 mittitur
4565 4881 4618 4933 in

3192 4951 3633 5006 conscribendum
3676 4950 3746 5004 20
3799 4952 4051 5006 cohortes
4095 4951 4339 5020 peditum
4384 4958 4440 5006 et
4476 4950 4620 5004 mille

2686 5020 2898 5086 equites
2935 5019 3060 5152 ‹83⁴1›
3092 5024 3397 5087 praetextu,
3430 5038 3487 5076 ss
3521 5022 3664 5077 nihil
3683 5027 3877 5078 contra
3903 5021 4213 5089 roliqionem
4250 5020 4442 5077 moliri.
4472 5019 4616 5072 Bm·-

2687 4948 3030 5002 Germaniam
3075 4967 3107 5002 a

644 5082 949 5150 (Barthold
960 5081 1110 5145 387.)
1164 5083 1239 5137 16
1261 5080 1424 5137 Μέση.
1442 5083 1510 5137 de
1532 5083 1715 5139 Gonde'
1731 5084 1827 5139 111.
1848 5083 1951 5138 49⁷
1969 5091 2174 5139 eam:
2221 5085 2584 5141 Summanum
2684 5086 2833 5141 thola
2883 5086 2904 5141 l
2956 5086 2976 5139 1

643 5153 1020 5209 instructionis
1073 5152 1164 5205 Pr.
1220 5151 1514 5206 Condensis
1571 5169 1672 5221 pro
1726 5153 1851 5206 0111.
1907 5154 2241 5223 Burggravio
2286 5154 2499 5209 Barone
2551 5172 2584 5207 6

643 5224 802 5303 Dhen
847 5221 979 5289 (sic)
1025 5237 1212 5274 eorum
1261 5237 1400 5289 quse
1443 5237 1532 5340 αἱ.
1576 5223 1847 5290 principes
1884 5222 2182 5277 Germanos
2234 5226 2298 5276 A.
2350 5222 2582 5291 (3.,1166-

643 5298 799 5346 tant.
868 5291 1053 5344 Aurel.
1096 5292 1175 5341 14.
1209 5291 1327 5344 Iun.
1367 5287 1466 5342 156
1504 5330 1516 5343 .

2889 5153 2948 5221 6)
2984 5155 3062 5209 Et
3080 5171 3190 5210 uon
3210 5155 3344 5210 1561
3362 5162 3424 5211 ut
3440 5157 3601 5213 habet
3624 5160 3961 5226 impressum.
4000 5157 4281 5215 Caeterum
4298 5158 4367 5225 cf.
4392 5156 4617 5211 Durate

2684 5226 2748 5277 in
2786 5222 2973 5277 Bevus
3006 5225 3132 5279 hist.
3169 5223 3304 5278 1876
3338 5226 3405 5282 11.
3442 5226 3526 5281 36.

2682 5290 2952 5358 67661)
2990 5293 3051 5346 N.
3086 5292 3238 5347 3380.
