4850 6117
322 388 455 450 249

324 573 526 639 modo
583 576 939 658 praeterire
996 597 1290 660 possum,
1348 577 1505 660 quin
1551 577 1860 643 audiam?
1932 579 2287 645 Praeterea

326 682 505 726 nnus
562 661 890 745 princepe,
951 683 1036 727 ne
1091 670 1496 745 praeteream
1551 676 1828 729 matrem
1856 667 1911 743 ²)
1969 674 2036 730 et
2088 684 2285 749 syno-

330 745 492 811 dum
538 756 675 812 tam
720 747 1178 826 necessariam,
1224 769 1328 813 me
1372 748 1637 833 adigere
1681 750 1912 815 merito
1957 749 2165 829 debet,
2213 757 2286 815 ut

329 832 697 899 adcurram.
770 834 872 898 Tu
917 853 1092 900 unus
1134 854 1239 899 me
1283 833 1591 918 expedire
1643 847 1846 919 potes,
1901 836 1956 900 si
2002 835 2284 920 aliquem

328 918 464 985 hnc
509 918 782 996 miseris,
808 922 863 995 ⁸)
907 921 1017 1002 qui
1054 919 1162 986 hic
1206 921 1392 985 initia-
1426 922 1754 987 nascentis
1791 921 2098 989 ecelesiae
2178 943 2284 987 ro-

330 1014 647 1089 sequatur
689 1012 757 1071 et
800 1005 1117 1085 absolvat,
1177 1013 1245 1086 et
1297 1007 1353 1072 si
1411 1027 1544 1072 non
1603 1015 1917 1092 perpetuo
1976 1007 2083 1074 hic
2175 1029 2283 1074 ae-

330 1112 482 1157 rere
524 1092 747 1175 possit,
782 1091 1014 1157 saltem
1053 1102 1188 1157 tam
1230 1091 1364 1170 diu,
1411 1092 1615 1159 donec
1651 1114 1773 1178 ego
1808 1101 2121 1173 revertar,
2167 1103 2282 1159 aut

329 1177 505 1243 alius
549 1179 761 1263 magis
802 1176 1077 1245 idoneus
1120 1178 1404 1244 inveniri
1445 1181 1668 1262 possit.
1742 1180 2049 1246 Arbitror
2091 1189 2156 1244 te
2200 1178 2284 1244 ad

327 1261 661 1348 synodum
704 1264 1072 1329 vocandum
1119 1286 1160 1329 a
1197 1264 1513 1348 principe,
1574 1265 1748 1349 quod
1807 1286 1998 1349 spero
2041 1286 2171 1331 non
2216 1274 2281 1331 te

330 1348 866 1415 detrectaturum.
950 1350 1046 1416 Et
1102 1351 1156 1416 si
1214 1349 1283 1415 id
1328 1371 1459 1415 non
1502 1352 1707 1429 fieret,
1766 1360 1833 1416 te
1889 1350 2281 1418 obtestatum

326 1434 531 1501 velim
576 1455 696 1519 per
739 1434 1081 1502 Christum
1116 1437 1478 1503 Dominum
1522 1446 1588 1501 et
1631 1447 1924 1503 nostram
1966 1438 2038 1502 in
2081 1458 2283 1503 evan-

326 1520 502 1606 gelio
546 1521 920 1599 amicitiam,
967 1522 1025 1589 si
1069 1521 1224 1590 hinc
1266 1521 1562 1607 expediri
1606 1531 1739 1589 tam
1784 1524 1911 1589 cito
1957 1545 2090 1590 non
2132 1543 2281 1607 pos-

326 1607 479 1687 sim,
524 1616 600 1672 ut
640 1609 999 1692 prospicias
1042 1616 1183 1673 tum
1226 1611 1297 1674 in
1343 1608 1614 1694 synode,
1662 1618 1800 1675 tum
1844 1610 1915 1674 in
1958 1609 2280 1687 omnibus,

326 1701 412 1758 ut
456 1694 701 1777 optime
745 1694 830 1758 sit
875 1693 1238 1760 consultum
1282 1695 1608 1762 ecclesiae.
1686 1696 1952 1762 Interea
1993 1702 2062 1761 te
2103 1715 2280 1779 rogo,

324 1799 416 1844 ne
450 1778 748 1930 gaaveris
782 1792 1071 1846 mentem
1109 1787 1291 1846 tuam
1327 1783 1597 1865 aperire,
1642 1781 1800 1867 quid
1833 1782 2083 1848 sentias
2116 1781 2283 1847 mihi

416 1886 501 1931 en
548 1886 679 1931 um.

322 1885 416 1951 ag
502 1951 714 2016 Miror
756 1950 1072 2036 collegam
1117 1970 1488 2036 acceptasse
1532 1952 1966 2020 conditionem
2011 1956 2278 2020 Castro-

326 2035 511 2116 duni,
536 2043 593 2115 ⁴)
637 2037 1019 2121 priusquam
1056 2058 1175 2123 ego
1210 2047 1593 2105 reverterer.
1668 2038 2052 2117 Maturin-us,
2078 2042 2134 2116 ὁ)
2169 2041 2283 2124 qui

324 2123 510 2190 solus
566 2122 633 2188 id
690 2124 978 2207 scripsit,
1036 2123 1334 2191 Senones
1399 2126 1584 2209 petit.
1677 2125 1932 2193 Sor-elus
1987 2125 2283 2192 nondum

324 2228 450 2274 sex
485 2229 744 2275 menses
786 2209 1086 2290 absolvit,
1133 2231 1326 2293 quem
1363 2210 1557 2276 audio
1591 2209 1869 2278 electum
1905 2233 2065 2290 esse,
2112 2212 2282 2295 quod

323 2294 499 2359 mihi
561 2293 752 2360 valde
814 2295 1045 2379 placet.
1146 2296 1315 2361 Vale
1379 2316 1529 2362 cum
1595 2298 1722 2381 piis
1790 2310 1932 2364 tum
1995 2298 2281 2382 collegis,

323 2390 478 2446 tum
535 2380 684 2445 aliis
738 2379 1058 2448 omnibus.
1146 2381 1361 2447 Valde
1415 2393 1678 2467 gratum
1724 2384 1844 2449 fuit
1886 2382 2096 2451 editas
2140 2406 2282 2451 esse

322 2475 473 2531 tam
515 2475 773 2533 sanctas
816 2468 1312 2534 constitutiones
1355 2469 1548 2535 istius
1590 2467 1788 2536 urbis.
1815 2473 1866 2549 ⁸)
1954 2468 2281 2536 Dominus

324 2552 520 2619 Iesus
564 2565 629 2618 te
672 2562 890 2619 servet
932 2563 1000 2618 et
1044 2555 1238 2620 istam
1282 2554 1641 2621 ecclesiam.
1713 2556 1993 2638 Vapinci
2038 2561 2134 2622 ll.
2171 2556 2280 2621 Ia-

324 2639 551 2704 nuarii
602 2642 782 2704 1562.

1342 2780 1525 2846 Tuus
1565 2787 1743 2846 totus
1785 2747 2104 2846 Farellus.

506 2979 639 3062 Qui
683 3003 912 3049 causas
956 2992 1167 3069 agunt
1222 2985 1740 3053 sacrificulorum
1782 2996 2117 3070 rogarunt,
2164 2986 2275 3053 bo-

324 3087 507 3133 nane
549 3068 944 3136 conscientia
986 3068 1054 3135 id
1096 3081 1380 3153 possent.
1452 3072 1601 3137 Etsi
1635 3082 1787 3156 opto
1831 3091 2057 3142 omnes
2093 3092 2275 3155 pror-

324 3175 447 3220 sus
489 3152 658 3219 nibil
716 3175 1062 3221 commune
1121 3157 1361 3222 habere
1415 3178 1567 3224 cum
1619 3158 1841 3240 impiis
1884 3179 2092 3240 neque
2147 3157 2278 3224 illis

324 3239 560 3306 adesse
602 3243 673 3305 in
714 3240 854 3318 hoc,
911 3251 989 3306 ut
1041 3243 1112 3306 in
1169 3262 1291 3308 sua
1332 3242 1597 3308 alantur
1645 3244 1995 3328 impietate,
2056 3255 2276 3310 tamen

324 3326 448 3391 ubi
493 3327 710 3409 agitur
753 3325 833 3392 de
872 3324 1194 3406 dominiis,
1255 3328 1555 3396 censibus
1599 3341 1667 3395 et
1720 3330 1866 3394 aliis
1923 3328 1992 3395 id
2047 3351 2276 3414 genus,

324 3433 465 3476 non
534 3411 695 3478 adeo
757 3412 1070 3479 damnavi
1133 3414 1294 3497 quin
1356 3435 1551 3499 agere
1614 3416 1881 3498 possint.
1968 3414 2102 3481 Sed
2168 3418 2280 3483 ubi

326 3498 557 3582 agitur
611 3496 691 3564 de
746 3498 828 3565 iis
888 3520 1055 3582 quae
1112 3520 1232 3583 pro
1275 3500 1487 3567 salute
1535 3502 1924 3580 animarum,
1970 3511 2048 3566 ut
2090 3503 2278 3567 anni-

325 3583 641 3650 versariis
693 3584 911 3651 missis
956 3592 1025 3650 et
1065 3584 1134 3650 id
1188 3606 1414 3669 genus,
1474 3608 1674 3671 quum
1719 3586 1882 3653 haec
1926 3587 2124 3672 impie
2165 3610 2278 3674 pe-

324 3675 560 3734 tantur
602 3677 670 3736 et
711 3671 954 3754 inique,
1001 3670 1142 3735 dixi
1184 3672 1473 3756 iniquam
1518 3693 1780 3740 causam
1818 3695 1857 3739 a
1892 3673 2137 3740 sciente
2172 3674 2281 3760 agi

325 3775 462 3820 non
521 3776 711 3839 posse
766 3756 939 3823 bona
996 3758 1411 3824 conscientia.
1500 3757 1977 3842 Redemptores
2030 3760 2279 3844 priora·

326 3848 520 3905 tuum
564 3849 631 3907 et
672 3842 1092 3922 decimarum,
1152 3845 1263 3927 qui
1306 3845 1525 3910 omnia
1566 3866 1733 3929 quae
1786 3855 1945 3911 sunt
1997 3847 2282 3931 episcopi

326 3928 638 4011 exigunt,
697 3929 994 4011 quamvis
1050 3937 1270 4013 optem
1315 3929 1462 3996 aliis
1504 3932 1808 4015 occupari
1860 3940 1929 3998 et
1971 3952 2106 3998 non
2157 3933 2281 3998 im-

326 4012 594 4080 misceri
651 4023 787 4080 tam
845 4015 1047 4100 impie
1089 4016 1313 4099 partis,
1336 4020 1394 4095 ⁷)
1451 4025 1671 4083 tamen
1715 4019 1869 4102 quia
1912 4019 2063 4085 licet
2106 4019 2281 4084 triti-

330 4119 483 4164 cum
528 4100 611 4165 ab
652 4100 786 4167 illis
828 4122 1063 4179 emere,
1109 4101 1221 4167 ubi
1263 4102 1430 4167 nihil
1471 4104 1550 4168 fit
1591 4103 1912 4170 eiusmodi
1951 4106 2281 4188 emptione

330 4182 512 4250 unde
555 4183 750 4250 detur
791 4188 1040 4254 occasio
1086 4187 1282 4271 impie
1335 4189 1592 4273 agendi,
1647 4210 1779 4256 non
1834 4190 1928 4253 ita
1970 4189 2280 4257 damnavi

330 4270 388 4335 si
433 4272 579 4354 quis
613 4270 899 4356 praedia,
938 4273 1223 4341 decimas
1259 4283 1324 4340 et
1362 4295 1596 4341 census
1630 4274 1973 4343 conducat:
2022 4275 2137 4343 sed
2172 4277 2281 4342 ubi

536 4563 597 4629 2)
640 4563 1103 4620 Mau-chioniam
1142 4564 1206 4619 de
1246 4563 1518 4632 nathalia,
1563 4569 1787 4620 matrem
1834 4565 1995 4625 drocis
2027 4568 2094 4622 de
2133 4566 2277 4624 Lon-

537 4700 601 4770 3)
636 4700 850 4756 uiam
881 4708 963 4757 eat
986 4701 1072 4756 Io.
1099 4703 1442 4772 Blcnchard,
1474 4703 1872 4772 quandovero,
1908 4719 2022 4760 non
2052 4711 2281 4760 meat.

326 4767 595 4824 Fas-ellus
620 4769 768 4840 prid.
796 4768 944 4825 Non.
969 4771 1144 4827 Mart.
1174 4772 1530 4842 praesidebat
1804 4773 1868 4829 in
1886 4772 2267 4830 Montelimart

323 4839 591 4974 {⁸413}er
650 4838 922 4895 Generum
973 4839 1208 4896 rediens.
1292 4839 1583 4911 (Amana,
1641 4840 1791 4898 Prot.
1851 4841 1928 4897 du
1979 4814 2282 4913 Dauphine}

534 4976 594 5044 4)
631 4978 712 5031 sic
764 4978 1161 5049 autoqraphon.
1255 4978 1469 5035 Castori
1526 4979 1767 5035 variam.
1858 4979 1968 5035 Est
2141 4981 2152 4993 '
2189 4996 2280 5036 um

330 5042 709 5112 Cantennam,
750 5062 855 5116 quo
903 5052 1082 5102 tamen
1119 5047 1425 5104 Libe-rietus
1458 5061 1568 5103 non
1603 5048 1721 5115 ivit,
1768 5062 1950 5104 verum
1996 5048 2277 5104 Vtcnnam.

536 5112 600 5249 ἓξ
633 5111 1057 5240 (ἔνᾶῗὶξιςοῖατιξΐ
1088 5116 1495 5256 magnaque
1494 5200 1540 5240 ε.
1627 5185 1791 5256 (Rea.
1847 5187 1923 5241 du
1980 5186 2138 5243 eona.
2193 5186 2274 5239 11.

320 5252 471 5308 Now·
509 5254 709 5389 ⁸33⁹,ss
742 5322 1138 5393 automaphon.
1217 5322 1433 5380 Caetera·
1463 5323 1732 5394 hyemat.-
1766 5324 1946 5395 impiis
1981 5323 2171 5394 pactis.

2052 391 2211 453 1562
2244 387 2626 455 IANUAR.

4199 393 4328 456 250

2383 577 2794 644 numeranda
2839 586 2940 644 est
2980 576 3258 661 pecunia
3300 596 3419 658 pro
3463 575 3680 642 missis
3724 583 3788 640 et
3843 575 3911 641 id
3959 596 4169 661 genus
4212 600 4326 663 pe-

2383 666 2616 730 cuniae
2681 664 2970 749 exigitur
3026 684 3143 747 pro
3210 661 3424 746 sigillo
3481 669 3548 727 et
3590 660 4072 746 dispensatione
4127 685 4327 748 super
4379 683 4382 688 ·

2382 750 2706 834 coniugiis
2748 761 2891 814 tum
2935 747 3358 816 clandestinis
3411 755 3556 813 tum
3599 757 3892 831 tempore
3936 769 3977 812 a
4018 750 4326 833 pontifice

2382 835 2728 921 prohibito,
2779 855 2907 919 ,pro
2964 834 3370 901 absolutione
3414 841 3483 898 et
3523 833 3589 898 id
3634 854 3862 918 genus,
3916 834 4066 916 quia
4123 837 4327 919 impia

2382 932 2539 988 sunt
2581 921 2720 988 dixi
2763 920 3087 1006 fugienda.
3162 920 3306 986 Hoc
3343 930 3563 985 tamen
3599 919 3835 998 addidi,
3874 919 3981 984 hic
4015 940 4120 985 me
4156 922 4326 988 velle

2383 1008 2547 1074 alios
2603 1007 2830 1074 audire
2887 1018 3079 1089 teque
3132 1006 3468 1073 consulere
3525 1013 3592 1070 et
3656 1016 3880 1089 optare
3937 1015 4013 1070 ut
4076 1007 4325 1090 synodo

2382 1096 2557 1160 iusta
2599 1094 2762 1160 haec
2821 1093 3315 1177 inquirerentur
3357 1100 3424 1157 et
3480 1091 3980 1157 discuterentur.
4049 1092 4142 1157 Et
4183 1113 4326 1159 sae-

2382 1182 2533 1264 pius
2575 1179 2873 1263 quaesivi
2916 1179 2996 1244 ad
3043 1188 3108 1244 te
3151 1177 3434 1244 scribere
3475 1185 3543 1243 et
3585 1197 3717 1241 non
3761 1176 3960 1243 licuit.

2562 1265 2935 1347 Gropeditae,
2995 1264 3105 1346 qui
3162 1263 3269 1329 hic
3328 1263 3548 1330 docuit
3602 1283 3844 1348 magno
3900 1263 4212 1347 applausu
4257 1273 4325 1328 et

2384 1372 2608 1418 secum
2652 1349 3055 1433 dispensavit
3098 1358 3169 1415 ut
3212 1348 3574 1415 monachus
3612 1369 3759 1415 cum
3800 1347 4133 1415 monachis
4173 1369 4325 1434 age-

2382 1447 2489 1504 ret
2529 1445 2597 1502 et
2636 1437 2903 1502 missam
2951 1433 3215 1501 tandem
3257 1435 3523 1514 faceret,
3567 1435 3789 1500 omnia
3829 1433 4150 1519 probavit,
4193 1437 4325 1500 imo

2383 1523 2677 1589 severius
2735 1522 2952 1606 arguit
3003 1542 3111 1587 eos
3154 1522 3265 1603 qui
3322 1521 3680 1587 haerebant
3743 1541 3943 1604 super
3996 1521 4326 1603 dispensa-

2382 1609 2672 1675 tionibus
2738 1621 2805 1673 et
2868 1608 3082 1674 omnis
3147 1608 3313 1672 ratio
3378 1616 3446 1671 et
3502 1607 3829 1690 scriptura
3877 1607 4034 1671 fuit:
4101 1626 4324 1691 regem

2382 1695 2783 1779 permittere,
2840 1694 3027 1776 quasi
3073 1692 3388 1776 quidquid
3433 1713 3550 1759 rex
3608 1694 3944 1776 permittat
3987 1692 4130 1758 Deo
4175 1712 4326 1775 pro·

2383 1781 2591 1847 betur.
2679 1780 2748 1846 Is
2791 1780 3028 1846 nebulo
3073 1780 3463 1845 Lausannae
3507 1778 3645 1862 agit
3686 1777 3963 1844 donatus
4007 1776 4330 1861 stipendio
4443 1775 4452 1788 '

2383 1868 2586 1932 trium
2632 1871 2742 1957 U,
2769 1871 2823 1942 Β)
2868 1873 2945 1931 ut
2988 1864 3198 1941 audie,
3259 1864 3537 1950 singulis
3593 1863 3945 1930 mensibus.
4037 1862 4170 1945 Qui
4213 1885 4328 1948 po-

2383 1953 2533 2020 cula
2567 1953 2675 2019 hic
2714 1963 2937 2018 amant
2982 1962 3050 2018 et
3081 1957 3406 2031 ventrem,
3451 1958 3767 2033 expetunt
3809 1949 4162 2026 hominem,
4208 1970 4328 2015 nec

2385 2039 2610 2104 dubito
2653 2040 2807 2121 quin
2868 2038 3056 2105 facile
3101 2036 3460 2116 obtineant,
3520 2038 3575 2101 si
3621 2035 3726 2102 vel
3773 2032 4000 2117 pedem
4044 2055 4325 2101 movero.

2381 2126 2487 2190 Tu
2532 2125 2653 2191 hoc
2708 2123 2895 2190 nobis
2949 2123 3131 2190 dabis
3187 2129 3258 2188 ut
3316 2144 3434 2208 per
3491 2121 3773 2205 aliquem
3837 2129 4017 2186 tuam
4082 2121 4328 2186 scribas

2383 2213 2796 2277 sententiam.
2869 2210 3020 2275 Non
3061 2209 3226 2274 mibi
3285 2217 3542 2274 tantum
3587 2207 3702 2274 sed
3743 2207 3889 2273 aliis
3932 2226 4188 2290 quoque
4231 2206 4327 2270 fa-

2382 2298 2517 2365 cies
2582 2318 2716 2363 rem
2783 2309 3052 2382 gratam.
3156 2294 3336 2361 Satis
3404 2293 3589 2360 nobis
3655 2293 3966 2359 deberent
4029 2292 4325 2358 sufficere

2380 2383 2575 2449 binae
2610 2383 2762 2449 illae
2795 2382 2877 2448 ad
2922 2382 3237 2448 miserum
3272 2401 3495 2446 meum
3529 2388 4018 2464 praeceptorem
4060 2378 4321 2443 literae:

2383 2469 2497 2535 sed
2541 2469 2777 2534 mande
2804 2471 2862 2544 ⁹)
2906 2468 3093 2533 nobis
3147 2467 3360 2553 magis
3413 2474 3670 2550 oportet
3711 2474 3786 2532 ut
3829 2477 4050 2532 sancte
4092 2484 4324 2530 consu-

2381 2555 2597 2621 lamus
2640 2575 2759 2620 nos
2803 2553 3201 2639 rogantibus.

3257 3099 3460 3170 3695.

2380 3257 2689 3324 FAREL
2736 3256 2933 3325 AUX
2989 3253 3497 3323 MINIS'I'RES
3555 3254 3682 3320 DE
3740 3252 3802 3319 Ν
3806 3250 4325 3321 EUOHATEL.

2556 3429 2627 3497 11
2681 3435 2774 3496 est
2828 3427 3334 3509 encoredGap,
3390 3433 3447 3492 et
3500 3424 3831 3491 reviendra
3890 3424 4330 3509 quandonle

2379 3517 2775 3583 demandam.
2875 3515 2949 3581 Il
2989 3520 3130 3582 veut
3185 3518 3374 3598 qu’on
3437 3512 3656 3578 insiste
3699 3512 3930 3595 capras
3971 3512 4059 3576 du
4101 3512 4327 3593 prime

2371 3624 2541 3687 pour
2588 3603 2761 3685 faire
2799 3602 3032 3685 justice
3074 3601 3183 3668 des
3227 3601 3478 3682 preire&
3518 3603 3575 3663 et
3617 3618 3810 3681 pense
3863 3598 4045 3680 qu’on
4086 3596 4328 3694 devrqit

2379 3689 2584 3756 ficher
2616 3690 2695 3755 de
2727 3688 2782 3754 le
2814 3689 3158 3771 remplaaer
3185 3686 3697 3769 provisoirment
3719 3705 3854 3766 par
3889 3705 3979 3749 un
4006 3682 4319 3748 Genevms.

2383 3861 2677 3927 (Biblioth'
2732 3879 2798 3916 ue
2834 3863 2905 3916 de
2939 3861 3255 3916 Nencbatel.
3292 3889 3360 3901 —
3396 3861 3463 3914 A.
3486 3858 3550 3913 N.
3569 3856 3653 3911 40.
3706 3856 3788 3911 Im
3827 3855 3994 3909 rimee
4029 3853 4063 3906 a
4097 3853 4152 3905 la
4184 3851 4324 3904 snite

2556 3931 2628 3984 du
2715 3949 2814 4001 ray
2849 3947 3015 4001 usage
3050 3931 3119 3984 de
3153 3931 3208 3984 la
3242 3931 3409 3998 croix,
3444 3928 3525 3982 ed.
3561 3925 3712 3981 Fiok.
3753 3926 3774 3976 1
3887 3963 3900 3990 ,
3938 3939 3991 3991 p.
4025 3919 4166 3988 310.)

2560 4105 2620 4169 Δ
2663 4124 2804 4169 mes
2862 4103 3213 4171 treschairs
3269 4102 3471 4167 freres
3524 4096 3604 4163 de
3658 4096 3722 4161 la
3774 4094 3912 4161 Ste.
3969 4089 4324 4157 assemblee

2383 4188 2464 4256 de
2508 4187 2932 4256 Neufchastel

3630 4287 3669 4331 a
3712 4263 4150 4333 Neufchastel.

2590 4447 2696 4511 La
2739 4466 2932 4532 grace
2977 4446 3066 4511 du
3113 4444 3437 4529 Seigneur
3478 4459 3646 4505 vous
3690 4440 3816 4504 soit
3859 4437 4130 4503 donnee.

2555 4584 2703 4650 Mes
2768 4584 3090 4650 treschers
3160 4581 3381 4646 freres.
3471 4578 3616 4660 I’ay
3682 4584 3819 4641 este
3895 4575 4026 4639 fort
4103 4574 4328 4658 ioyeus

2384 4667 2769 4735 d’entendre
2825 4669 2889 4734 la
2941 4689 3156 4734 venue
3216 4677 3356 4731 tant
3421 4662 3673 4729 desiree
3730 4661 3811 4727 de
3853 4661 4328 4745 Monseigneur

2381 4767 2603 4822 nostre
2637 4756 2880 4822 Prince
2915 4763 2981 4820 et
3019 4753 3099 4819 de
3135 4750 3459 4819 Madame.
3487 4756 3536 4827 ¹)
3603 4749 3696 4813 Et
3740 4746 3819 4813 de
3862 4766 3937 4811 ce
4022 4766 4106 4811 ue
4151 4753 4328 4812 toute

2381 4841 2448 4905 la
2511 4862 2668 4908 cour
2732 4839 2925 4923 qu'ilz
2984 4849 3103 4905 ont
3159 4846 3261 4905 est
3323 4837 3454 4902 fort
3505 4835 3890 4902 crestienne.
4045 4841 4073 4896 t
4115 4831 4198 4897 de
4254 4850 4338 4896 ce

2382 4933 2574 5010 qu’on
2620 4949 2659 4992 a
2702 4934 3018 5010 propouse
3063 4925 3141 4989 de
3186 4944 3559 5008 pourveoyr
3603 4929 3645 4987 a
3666 4920 3886 4987 Oressi
3929 4925 3996 4983 et
4037 4939 4120 4983 au
4145 4918 4334 4983 Lan-

2583 5185 2645 5248 8)
2681 5186 3060 5266 σᾳνοπαῦοηιοη
3094 5181 3290 5249 (emis).

2378 5323 2561 5378 8695.
2582 5253 2650 5391 P)
2674 5256 2950 5377 ‘’ffilssbffl.
2985 5319 3136 5375 3670.
3172 5318 3326 5376 3679.
