4850 6117
659 419 784 487 527

658 610 921 671 tantum
953 602 1023 668 in
1042 601 1365 685 baptismo
1385 599 1838 666 ministrorum
1870 596 2129 664 illorum
2166 616 2206 662 o
2287 617 2364 662 ra
2397 601 2596 661 utun-

659 701 789 768 tur,
854 688 1050 773 idque
1102 686 1297 753 modo
1361 686 1546 771 prius
1601 684 1792 752 dicto.
1921 686 1998 748 4⁰
2049 681 2159 764 Qu
2301 702 2459 748 vero
2510 681 2597 748 de

658 777 824 842 falsa
863 776 1034 842 circa
1064 773 1463 856 baptismum
1498 770 1794 838 doctrina
1825 769 2062 836 dicitur
2102 790 2238 834 non
2279 768 2443 834 satis
2482 769 2597 834 fir-

660 881 845 927 mum
900 868 1018 926 est.
1102 858 1437 942 Principio
1492 865 1744 924 constat
1785 855 2131 921 Luthemm
2181 875 2381 939 super
2422 853 2593 920 Gen.

658 967 799 1030 cap.
847 950 924 1010 17
979 944 1268 1010 infantes
1321 944 1564 1027 absque
1613 943 1935 1025 baptismo
1992 938 2393 1007 discedentes
2443 958 2596 1023 pro-

656 1032 973 1099 nunciare
1027 1032 1271 1098 beatos.
1350 1028 1538 1094 Idem
1593 1028 1747 1094 facit
1799 1028 2018 1093 Lucas
2071 1026 2337 1092 Loesius
2398 1045 2597 1107 super

659 1117 888 1184 Ioann.
932 1115 1094 1200 Cap.
1141 1120 1199 1181 3.
1295 1115 1401 1180 De
1457 1113 1717 1179 Brentio
1772 1124 1839 1179 et
1880 1111 2128 1178 Bucero
2178 1118 2330 1194 post
2383 1111 2596 1194 ipsam

658 1202 1200 1287 subscriptionem
1273 1198 1892 1283 Wittembergensis
1967 1196 2346 1264 concordiae
2419 1195 2595 1261 idem

661 1288 875 1356 dicere
916 1307 1277 1372 possumus.
1340 1286 1688 1351 Praeterea
1729 1283 2256 1350 concionatorum
2288 1281 2398 1349 hic
2433 1301 2598 1347 non-

659 1374 828 1440 nulli
869 1381 1091 1457 aperte
1123 1394 1256 1438 non
1289 1370 1759 1455 baptizatorum
1801 1369 2125 1435 infantum
2160 1367 2439 1433 salutem
2476 1388 2597 1452 pro

660 1460 967 1529 concione
1009 1466 1443 1525 asseruerunt.
1511 1457 1850 1523 Postremo
1884 1475 2004 1520 nos
2045 1453 2203 1538 quid
2246 1451 2327 1519 de
2368 1454 2493 1519 hac
2526 1473 2600 1518 re

661 1547 1053 1614 sentiremus
1095 1544 1349 1610 senatui
1389 1542 1674 1626 ipsisque
1717 1541 2148 1619 exhibuimus,
2202 1539 2314 1624 qui
2358 1537 2598 1605 doctri-

661 1653 818 1697 nam
873 1629 1180 1714 baptismi
1236 1649 1367 1693 uno
1430 1625 1624 1694 dente
1687 1648 2024 1710 nunquam
2088 1623 2390 1692 arrodere
2454 1625 2599 1691 ausi

660 1719 947 1795 fuerunt,
1003 1723 1079 1781 ut
1119 1722 1262 1779 acta
1302 1721 1528 1780 nostra
1576 1714 2016 1779 testabuntur:
2074 1732 2275 1795 quare
2330 1718 2600 1794 apparet

662 1802 811 1869 illos
868 1803 950 1867 de
1004 1800 1324 1883 baptismo
1379 1798 1575 1884 paulo
1631 1798 1964 1864 dexterius
2022 1818 2218 1881 quam
2261 1796 2343 1862 de
2396 1815 2598 1862 coena

663 1888 938 1967 sentire,
994 1886 1249 1951 etiamsi
1301 1884 1720 1951 obstetricum
1775 1882 2169 1966 baptismum
2233 1880 2600 1948 defendant.

663 1972 853 2041 Adde
867 2023 885 2053 ,
950 1971 1206 2037 etiamsi
1270 1970 1564 2037 doctrina
1618 1969 1700 2036 de
1754 1968 2075 2052 baptismo
2131 1988 2338 2033 naevo
2402 1969 2601 2033 etiam

663 2059 880 2143 aliquo
923 2058 1282 2124 deformata
1321 2064 1510 2134 esset,
1565 2077 1651 2122 an
1692 2061 2033 2138 propterea
2072 2073 2337 2137 peccare
2377 2053 2600 2120 dicen·

664 2144 790 2210 dus
832 2152 934 2210 est
989 2144 1046 2209 is
1101 2142 1211 2226 qui
1254 2141 1619 2208 ministerio
1671 2139 1935 2206 illorum
1971 2141 2183 2205 utitur
2235 2161 2386 2207 cum
2427 2138 2601 2205 veri-

660 2231 819 2296 tatis
882 2228 1286 2298 confessione
1348 2248 1425 2294 ac
1487 2225 2004 2311 corruptelarum
2079 2223 2599 2308 improbatione?

663 2316 901 2382 Notius
943 2322 1046 2380 est
1086 2334 1281 2397 quam
1323 2320 1400 2378 ut
1449 2312 2062 2380 commemoratione
2113 2309 2406 2396 indigeat
2446 2308 2605 2393 quid

666 2400 1081 2485 Augustinus
1123 2398 1204 2463 de
1258 2398 1616 2464 infantibus
1669 2398 1911 2480 absque
1955 2396 2275 2482 baptismo
2317 2397 2602 2461 morien-

666 2486 844 2553 tibus
887 2484 1181 2564 senserit,
1233 2482 1391 2567 quid
1431 2482 1710 2567 denique
1754 2481 1835 2547 de
1875 2503 2078 2549 coena
2117 2483 2339 2567 pueris
2382 2481 2603 2547 distri-

665 2571 925 2638 bueuda
964 2570 1315 2654 scripserit.
1383 2569 1523 2635 Nec
1555 2577 1906 2635 caruerunt
1939 2567 2048 2633 alii
2084 2569 2431 2652 scriptores
2464 2567 2602 2633 suis

666 2657 881 2722 vitiis:
923 2655 1070 2721 ideo
1114 2662 1337 2720 tamen
1369 2675 1482 2719 eos
1514 2674 1814 2739 peccasse
1846 2674 1981 2718 non
2015 2654 2448 2737 consequitur,
2492 2652 2602 2737 qui

665 2742 932 2809 illorum
962 2741 1321 2808 ministerio
1356 2740 1460 2806 usi
1493 2746 1668 2806 sunt.
1755 2743 1832 2803 δ’
1871 2739 1980 2805 Ad
2015 2738 2397 2806 scandalum
2429 2736 2604 2822 quod

669 2830 920 2907 attinet,
985 2826 1243 2893 nullum
1297 2826 1617 2892 hactenus
1669 2826 1740 2890 in
1792 2824 2155 2892 Germania
2218 2823 2605 2904 audivimus,

667 2914 926 2981 nullum
979 2913 1052 2978 in
1102 2911 1432 2991 Helvetia,
1489 2909 1832 2992 Sabaudia,
1888 2910 2109 2978 Gallia
2163 2917 2318 2989 tota,
2362 2909 2606 2994 Anglia

668 3008 785 3066 aut
826 2998 1113 3083 Phrysia
1154 3005 1378 3063 nostro
1420 2997 1590 3064 facto
1633 2997 1955 3063 offensum
1999 3016 2162 3075 esse,
2219 2994 2335 3062 sed
2377 3004 2606 3061 contra

667 3082 1268 3169 Heydelbergensis
1340 3082 1563 3149 schola
1638 3083 1880 3148 factum
1940 3088 2239 3149 nostrum
2304 3080 2607 3166 probavit

669 3190 748 3237 ac
780 3171 1020 3252 scripto
1041 3168 1125 3234 ad
1159 3168 1331 3235 hanc
1352 3168 1792 3252 quaestionem
1826 3169 1959 3232 iam
1977 3166 2329 3254 respondit.
2382 3165 2606 3247 Quare

670 3276 805 3322 non
858 3253 1084 3319 datum
1139 3253 1253 3320 sed
1306 3261 1644 3338 acceptum
1697 3253 2078 3320 scandalum
2131 3275 2273 3320 esse
2331 3253 2607 3320 dicimus

671 3339 756 3407 ab
798 3339 932 3406 illis
963 3338 1197 3424 quibus
1232 3339 1380 3423 plus
1421 3339 1544 3405 zeli
1585 3359 1784 3422 quam
1823 3338 2049 3406 iudicii
2082 3348 2200 3405 est.
2271 3337 2349 3405 Si
2381 3345 2605 3404 tamen

669 3425 979 3494 ecclesiae
1012 3422 1192 3490 aliud
1224 3445 1311 3489 ex
1330 3426 1528 3492 verbo
1550 3422 1678 3490 Dei
1700 3424 2051 3506 docuerint,
2087 3424 2342 3509 culpam
2371 3444 2605 3509 agnos-

669 3532 819 3580 cere
861 3532 938 3577 ac
973 3510 1306 3593 deprecari
1345 3531 1478 3575 non
1520 3509 1980 3577 recusabimus.

842 3600 903 3662 9.
946 3597 1125 3662 Num
1187 3595 1302 3661 illa
1357 3616 1524 3679 quae
1591 3596 1700 3661 alii
1755 3596 1838 3662 de
1898 3595 2191 3663 clavibus
2233 3602 2301 3661 et
2360 3596 2607 3662 iniusta

671 3683 1044 3750 exclusione
1078 3681 1161 3746 ab
1200 3680 1471 3747 ecclesia
1504 3681 1729 3748 dicunt
1766 3682 2070 3748 instituto
2102 3681 2257 3747 huic
2296 3682 2606 3760 serviant,

670 3790 793 3837 nec
834 3788 938 3847 ne,
981 3766 1106 3834 hoc
1148 3768 1277 3853 piis
1317 3765 1736 3833 iudicandum
1776 3767 2222 3851 relinquimus.

847 3858 943 3919 10.
986 3852 1096 3919 Ad
1137 3852 1207 3917 id
1226 3873 1352 3936 quo
1372 3853 1725 3936 quaeritur,
1768 3852 2087 3936 quomodo
2129 3854 2186 3919 is
2223 3852 2608 3938 professioni

674 3961 831 4007 suae
892 3939 1089 4006 faciat
1150 3939 1312 4004 satis
1362 3939 1476 4022 qui
1538 3938 1888 4006 sectarium
1951 3946 2017 4003 et
2078 3945 2608 4022 persequutorem

672 4025 944 4091 fratrem
986 4024 1278 4108 agnoscit
1317 4032 1460 4102 etc„
1503 4023 1980 4108 respondemus,
2034 4045 2167 4090 non
2207 4024 2448 4091 habere
2489 4044 2610 4090 nos

672 4111 782 4177 hic
823 4108 996 4194 quod
1038 4108 1119 4175 de
1172 4110 1671 4193 persequutione
1728 4130 2095 4194 queramur,
2150 4129 2354 4193 quum
2395 4109 2608 4174 omni-

673 4195 798 4263 bus
861 4196 969 4262 hic
1031 4195 1386 4260 etiamnum
1449 4193 1746 4261 habitare
1800 4195 2167 4261 volentibus
2228 4194 2352 4261 hoc
2414 4195 2610 4262 liceat

674 4280 966 4346 maxima
1007 4299 1160 4345 cum
1199 4279 1742 4347 conscientiarum
1781 4279 2100 4359 libertate,
2142 4279 2437 4364 nullique
2479 4281 2609 4346 nisi

676 4378 908 4452 sponte
959 4365 1391 4445 discesserint,
1448 4373 1525 4431 ut
1564 4366 1985 4433 vernaculam
2033 4365 2329 4450 linguam
2382 4365 2610 4432 audire

675 4460 746 4518 et
763 4451 1045 4535 pristino
1078 4450 1439 4517 ministerio
1459 4451 1906 4536 repurgatiore
1927 4451 2025 4516 uti
2051 4460 2334 4536 possent.
2398 4452 2610 4518 Porro

676 4537 734 4603 si
777 4537 891 4619 qui
931 4543 1088 4603 sunt
1107 4536 1218 4621 qui
1259 4537 1593 4603 ministros
1615 4537 1983 4605 Germanos
2023 4536 2417 4602 reclamante
2460 4557 2610 4603 con-

678 4621 952 4689 scientia
1005 4622 1241 4688 fratres
1282 4622 1722 4707 appellarunt,
1778 4621 1874 4687 illi
1930 4643 2000 4689 se
2053 4622 2230 4706 ipsos
2286 4630 2609 4702 accusent,

678 4728 815 4773 non
836 4714 1050 4772 autem
1072 4706 1320 4773 alienae
1352 4709 1783 4776 conscientiae
1803 4706 2053 4775 iudices
2085 4729 2155 4775 se
2187 4709 2608 4774 constituant.

678 4792 827 4876 Ego
882 4800 1104 4875 aperte
1161 4800 1381 4872 testor,
1438 4814 1541 4860 me
1581 4793 1916 4860 ministros
1970 4792 2352 4860 lutheranae
2406 4794 2608 4861 eccle-

678 4878 819 4946 siae
879 4876 1207 4961 appellare
1267 4878 1534 4956 fratres,
1596 4900 1732 4947 non
1795 4879 1946 4963 quia
2005 4879 2290 4946 fraterne
2354 4900 2611 4946 mecum

680 4970 900 5049 agant,
959 4962 1070 5027 sed
1115 4963 1268 5045 quia
1321 4964 1602 5030 eundem
1641 4972 1895 5048 patrem
1980 4964 2236 5030 etiamsi
2275 4966 2611 5032 caritatem

681 5051 1037 5115 fraternam
1100 5049 1387 5131 graviter
1446 5048 1742 5135 laedant)
1804 5051 1877 5116 in
2004 5050 2062 5116 'o
2116 5071 2374 5117 mecum
2423 5053 2611 5118 invo-

682 5142 852 5202 cant.
937 5133 1031 5200 Et
1081 5133 1206 5198 hac
1253 5134 1506 5200 ratione
1571 5135 1850 5202 arbitror
1899 5137 1984 5202 D.
2027 5135 2486 5222 Bullinqemm,
2538 5138 2613 5203 in

684 5226 967 5287 tractatu
1030 5239 1224 5302 super
1278 5218 1525 5285 verbis:
1589 5219 1676 5285 In
1730 5221 1923 5287 domo
1984 5223 2188 5304 patris
2250 5224 2399 5302 mei,
2464 5222 2611 5290 illos

682 5307 1039 5372 clamantes
1091 5306 1325 5371 fratres
1379 5304 1761 5388 appellasse,
1825 5305 1995 5389 quod
2045 5308 2244 5374 etiam
2291 5309 2381 5375 D.
2424 5309 2611 5377 Ana-

2158 405 2682 477 EPISTOLAE
2723 408 3147 476 3852—3858

4495 410 4597 475 528

2697 596 2942 748 w
3004 596 3247 681 aliique
3308 595 3438 663 viri
3502 595 3672 683 docti
3734 595 3806 663 in
3873 594 4131 680 scriptis
4191 594 4330 662 suis
4388 597 4602 680 passim

2806 681 2969 748 'unt

2873 772 2970 832 11.
3015 767 3209 850 Quod
3253 766 3334 834 de
3374 767 3785 852 separatione
3816 768 4135 851 repetitur
4174 766 4361 833 iuxta
4399 764 4608 835 doctri·

2696 874 2851 919 nam
2895 854 3134 920 Matth.
3186 859 3283 932 18,
3333 858 3385 916 1.
3429 855 3579 920 Cor.
3626 857 3663 918 5
3708 862 3777 919 et
3816 854 4006 919 Rom.
4057 856 4133 918 16
4188 852 4340 937 quid
4394 855 4607 919 sentia-

2696 959 2846 1004 mus
2900 937 3208 1005 diximus.
3298 940 3383 1005 In
3439 961 3562 1005 usu
3626 947 4183 1007 sacramentorum
4236 937 4502 1022 quilibet
4546 960 4609 1007 se

2695 1026 2915 1109 ipsum
2969 1027 3216 1109 probet,
3284 1034 3352 1091 et
3411 1025 3597 1108 impii
3659 1025 3784 1091 sibi
3840 1025 4114 1091 exitium
4177 1033 4445 1090 sumunt
4491 1047 4609 1092 non

2697 1110 2860 1176 aliis.
2943 1111 3179 1176 Anima
3219 1132 3386 1194 quae
3428 1112 3798 1194 peccaverit
3834 1109 4171 1177 morietur.

2872 1200 2969 1261 12.
3013 1195 3207 1278 Quod
3251 1197 3362 1262 alii
3405 1205 3744 1280 quaerunt,
3802 1216 4023 1261 annon
4062 1196 4258 1262 liceat
4298 1195 4454 1280 ipsis
4492 1215 4617 1262 ces-

2698 1290 2886 1348 sante
2927 1283 3195 1349 ecclesia
3242 1284 3313 1348 in
3355 1281 3974 1349 excommunicando
4015 1281 4098 1347 ad
4142 1281 4305 1348 alias
4345 1282 4613 1367 puriores

2698 1365 3002 1435 ecclesias
3042 1369 3323 1435 transire
3365 1380 3505 1447 etc„
3552 1369 3675 1433 hoc
3695 1389 3828 1434 non
3862 1369 4371 1434 controvertitur
4404 1368 4615 1445 (nemi-

2700 1474 2851 1518 nem
2894 1454 3048 1521 huic
3090 1454 3230 1520 loco
3272 1453 3619 1539 alligamus
3662 1456 3771 1537 qui
3827 1474 4052 1519 omnes
4111 1453 4194 1519 ad
4251 1455 4615 1537 commigra-

2700 1539 2946 1606 tionem
2967 1541 3356 1622 hortamur),
3399 1538 3515 1605 sed
3558 1560 3716 1605 num
3752 1559 3918 1623 quae
3959 1539 4150 1623 culpa
4191 1539 4264 1604 in
4307 1538 4441 1604 illis
4480 1539 4615 1604 hae-

2698 1634 2842 1690 reat
2892 1626 3005 1708 qui
3064 1625 3190 1691 alio
3232 1624 3595 1691 ministerio
3649 1624 3949 1691 destituti
4005 1625 4402 1709 baptismum
4453 1645 4618 1707 prae-

2698 1711 2831 1777 fato
2864 1711 3055 1778 modo
3090 1711 3265 1795 apud
3301 1732 3411 1776 eos
3433 1712 3543 1794 qui
3563 1710 3935 1777 Lutherum
3969 1710 4041 1775 iu
4073 1710 4373 1777 doctrina
4404 1731 4618 1777 coenae

2699 1804 3033 1862 sectantur
3073 1806 3524 1880 perceperunt.

2879 1886 2976 1948 13.
3038 1882 3148 1948 Ad
3189 1881 3402 1948 locum
3446 1882 3685 1949 Matth.
3733 1886 3814 1947 23
3857 1882 4071 1948 multa
4124 1880 4506 1948 adferuntur
4550 1882 4621 1948 ad

2699 1969 3075 2035 institutum
3118 1967 3288 2032 nihil
3326 1969 3649 2033 facientia.
3735 1967 3930 2049 Quod
3980 1989 4139 2033 vero
4182 1967 4440 2046 dicitur,
4492 1967 4620 2035 illos

2699 2053 2840 2120 loco
2881 2053 3282 2138 temporibus
3315 2063 3381 2119 et
3401 2054 3695 2136 personis
3737 2054 3938 2121 fuisse
3971 2053 4289 2139 alligatos,
4333 2075 4453 2120 nos
4480 2074 4621 2120 vero

2700 2161 2837 2207 non
2878 2151 3019 2218 etc„
3064 2138 3547 2222 respondemus,
3605 2159 3726 2205 nos
3778 2140 4103 2222 pendente
4143 2162 4368 2209 coram
4413 2150 4624 2208 senatu

2700 2225 2818 2292 lite
2860 2247 2937 2292 ac
2979 2225 3343 2292 ministerio
3386 2233 3609 2290 nostro
3650 2224 3837 2292 nobis
3879 2226 4243 2295 interdictis
4284 2239 4356 2297 et
4394 2231 4533 2297 loco
4568 2235 4624 2292 et

2701 2312 2997 2395 personis
3056 2310 3190 2376 illis
3263 2311 3466 2376 fuisse
3537 2310 3854 2395 alligatos.
3957 2311 4107 2378 Nisi
4181 2316 4363 2381 enim
4442 2317 4624 2382 bonae

2703 2417 2937 2463 causae
2979 2396 3341 2462 desertores
3398 2417 3473 2462 ac
3516 2397 3815 2462 veritatis
3870 2397 4233 2481 proditores
4276 2401 4487 2469 videri
4526 2422 4624 2481 vo·

2703 2482 3067 2560 luissemus,
3113 2483 3459 2548 stationem
3494 2490 3785 2548 nostram
3827 2482 3943 2548 lite
3982 2485 4312 2567 pendente
4349 2487 4625 2554 deserere

2704 2590 2839 2635 non
2896 2569 3241 2652 potuimus.
3324 2565 3583 2633 Deinde
3636 2567 4075 2649 Christianos,
4133 2573 4246 2655 qui
4302 2575 4378 2639 in
4435 2575 4626 2657 aliquo

2708 2652 3027 2720 tolerabili
3070 2661 3259 2720 coetu
3299 2662 3473 2732 sunt,
3517 2654 3587 2718 in
3621 2674 3750 2737 quo
3770 2652 4046 2720 verbum
4088 2665 4280 2724 sonat
4322 2667 4392 2726 et
4434 2680 4628 2728 sacra-

2706 2747 2930 2805 menta
2969 2739 3528 2818 administrantur,
3584 2759 3718 2805 non
3761 2741 3980 2806 minus
4020 2741 4105 2807 ad
4146 2743 4459 2828 baptismi
4500 2768 4628 2829 per-

2707 2825 3071 2909 ceptionem
3115 2824 3371 2908 alligari
3413 2845 3607 2908 quam
3648 2822 3925 2891 Iudaeos
3982 2827 4067 2893 ad
4119 2850 4318 2895 usum
4372 2833 4629 2899 circum-

2707 2910 2987 2977 cisionis.
3065 2911 3417 2976 Praeterea
3456 2911 3597 2976 loco
3641 2909 3881 2976 Matth.
3924 2915 4011 2976 23
4054 2934 4186 2979 non
4227 2923 4487 2984 tantum
4533 2916 4629 2983 do-

2709 3006 2893 3063 cetur
2946 2996 3223 3062 Iudaeos
3280 2995 3421 3079 pios
3478 3005 3773 3078 tempore
3827 2994 4077 3064 Christi
4136 3000 4629 3070 Pharisaeorum

2708 3082 3072 3148 ministerio
3128 3102 3264 3147 non
3317 3082 3516 3147 fuisse
3558 3081 3853 3164 pollutos,
3912 3082 4029 3149 sed
4083 3086 4155 3150 in
4207 3108 4458 3171 genere
4507 3089 4631 3172 pios

2709 3168 3035 3234 auditores
3068 3168 3419 3251 impiorum
3441 3188 3604 3251 puro
3640 3167 4000 3234 ministerio
4033 3191 4165 3237 non
4197 3175 4631 3251 contaminari,

2708 3253 2879 3338 quod
2900 3260 2968 3318 et
2988 3261 3244 3319 veteres
3266 3262 3332 3318 et
3364 3253 3753 3318 recentiores
3773 3273 4000 3320 omnes
4033 3278 4290 3324 summo
4326 3281 4634 3328 consensu

2706 3346 3054 3406 testantur.
3134 3337 3327 3420 Quod
3390 3347 3609 3404 autem
3672 3337 3786 3402 alii
3847 3339 4096 3406 cultum
4158 3342 4287 3410 Dei
4358 3356 4635 3430 tempore

2706 3425 2954 3492 Christi
2990 3445 3228 3509 purum
3261 3424 3462 3490 fuisse
3483 3422 3709 3490 dicunt
3730 3424 4105 3507 probatione
4136 3427 4416 3515 indiget.
4479 3433 4636 3498 Nam

2706 3533 2907 3595 quum
2940 3511 3172 3577 vitiata
3213 3510 3408 3576 fuerit
3451 3509 3767 3589 doctrina,
3810 3517 3886 3575 ut
3919 3531 4003 3576 ex
4038 3512 4264 3580 Matth.
4305 3521 4369 3583 5.
4414 3523 4509 3584 15.
4548 3521 4632 3582 16.

2705 3598 2868 3663 Luc.
2920 3602 2991 3660 11
3041 3603 3241 3679 patet,
3296 3615 3498 3679 quum
3541 3593 3817 3679 denique
3860 3594 4090 3664 domus
4132 3601 4452 3670 orationis
4506 3624 4633 3686 spe-

2705 3681 2902 3749 lunca
2942 3681 3276 3747 latronum
3317 3680 3492 3746 facta
3531 3683 3747 3759 fuerit,
3784 3681 3996 3764 qualis
4027 3686 4240 3767 potuit
4273 3709 4424 3755 esse
4444 3689 4633 3755 divini

2706 3768 2923 3835 cultus
2984 3765 3277 3851 puritas?
3363 3764 3498 3832 Sed
3561 3766 3683 3833 hoc
3746 3767 3912 3832 nihil
3977 3768 4060 3834 ad
4123 3792 4294 3837 rem:
4366 3796 4521 3840 nam
4576 3783 4634 3839 et

2706 3852 3068 3937 baptismus
3120 3853 3229 3918 hic
3280 3872 3445 3935 pure
3500 3859 3567 3916 et
3622 3852 4007 3936 simpliciter
4058 3854 4269 3922 forma
4320 3880 4367 3924 a
4407 3860 4634 3927 Bucam

2706 3939 2865 4006 olim
2907 3938 3166 4017 tradita,
3219 3937 3360 4004 sine
3401 3938 3800 4016 exorcismis,
3844 3938 4004 4016 oleo,
4048 3941 4202 4019 sale,
4246 3951 4460 4027 sputo,
4500 3964 4632 4013 cum

2706 4025 2835 4109 piis
2911 4021 3391 4108 precationibus
3466 4024 3836 4108 sanctisque
3905 4024 4475 4097 exhortationibus
4532 4029 4633 4096 ad-

2706 4109 3136 4175 ministratur.
3239 4109 3589 4175 Praeterea
3662 4107 3834 4192 quod
3911 4110 4278 4180 sacerdotes
4343 4114 4634 4183 dicuntur

2707 4195 2912 4262 fuisse
2951 4193 3554 4279 irreprehensibiles
3606 4195 3767 4259 satis
3816 4196 4081 4261 firmum
4122 4220 4255 4263 nou
4297 4207 4439 4267 est:
4495 4223 4634 4269 con·

2708 4286 2840 4347 stat
2895 4282 3072 4346 enim
3113 4300 3223 4345 eos
3265 4279 3604 4347 Christum
3656 4289 4083 4364 persequutos
4137 4284 4358 4364 fuisse,
4414 4306 4634 4370 eosque

2707 4384 2933 4433 omnes
2986 4386 3237 4450 synago
3376 4364 3758 4445 exclusisse,
3812 4366 3926 4450 qui
3978 4366 4318 4436 Christum
4374 4370 4632 4439 confessi

2707 4460 2885 4519 sunt.
2969 4449 3187 4532 Quom
3270 4473 3309 4519 o
3361 4452 3564 4536 igitur
3606 4450 3679 4516 hi
3721 4451 3849 4518 dici
3888 4459 4189 4536 poterant
4229 4455 4630 4542 irreprehen-

2708 4535 2970 4604 sibiles?
3036 4538 3262 4617 Porro,
3305 4539 3434 4603 etsi
3475 4557 3554 4603 ea
3594 4536 3726 4603 iam
3768 4558 3899 4602 non
3941 4539 4338 4607 concedatur
4378 4542 4629 4610 libertas

2707 4622 2965 4708 publice
3028 4621 3426 4707 protestandi
3439 4674 3457 4703 ,
3521 4621 4070 4705 quemadmodum
4146 4625 4218 4691 iu
4293 4627 4628 4713 synagogis

2705 4710 2951 4775 factum
2993 4708 3196 4775 fuisse
3236 4708 3348 4775 alii
3401 4716 3719 4807 asserunt,
3771 4716 4078 4791 putamus
4129 4717 4352 4777 tamen
4394 4714 4485 4798 pii
4526 4713 4629 4778 ho·

2705 4795 2904 4861 minis
2935 4796 3396 4861 conscientiam
3429 4794 3591 4860 satis
3624 4815 3747 4878 pur
3794 4795 3909 4873 ari,
3946 4815 4151 4878 quum
4186 4796 4459 4864 liberam
4493 4819 4629 4864 con·

2707 4881 3055 4947 sessionem
3109 4878 3248 4946 edit
3302 4900 3424 4946 nec
3477 4900 3623 4945 eam
3777 4901 3815 4945 o
3871 4881 4073 4947 verbo
4128 4890 4471 4963 retractat,
4524 4880 4628 4950 sed

2706 4973 2991 5033 testatur
3031 4986 3105 5031 se
3147 4974 3367 5049 aperte
3408 4965 3928 5032 coniunctionem
3982 4965 4194 5034 colere
4247 4988 4398 5034 cum
4439 4967 4625 5036 ecole-

2707 5053 2823 5119 siis
2855 5052 2990 5118 illis
3025 5051 3327 5117 omnibus
3346 5072 3512 5135 quae
3543 5051 3721 5118 idem
3754 5053 4066 5131 sentiunt,
4103 5052 4625 5136 quemadmodum

2707 5160 2828 5205 nos
2881 5139 3171 5217 fecimus,
3227 5137 3339 5221 qui
3393 5137 3863 5204 confessionem
3918 5137 4338 5204 ecclesiarum
4380 5138 4624 5206 Galliae

2708 5225 2967 5290 senatui
3028 5232 3251 5289 nostro
3315 5223 3582 5288 nomine
3644 5220 4082 5289 exhibuimus.
4171 5223 4385 5309 Igitur
4446 5244 4624 5307 argu·

2706 5315 3005 5376 mentum
3039 5330 3122 5375 ex
3143 5308 3381 5376 Matth.
3405 5312 3487 5373 23
3508 5328 3644 5392 cap.
3670 5308 4088 5396 desumptum
4106 5316 4328 5377 manet
4360 5310 4622 5376 firmum·
