4850 6117
272 398 374 461 357

412 580 672 647 Comme
707 581 914 665 iestoy
1003 586 1141 644 rest
1183 577 1265 644 de
1296 578 1541 645 fermer
1583 598 1690 645 ees
1733 578 1963 645 lettres
2006 598 2175 643 nous

269 688 442 734 avons
500 686 687 734 recen
741 687 954 732 nonve
1007 686 1077 732 es
1143 664 1224 729 de
1285 663 1355 730 la
1411 673 1601 731 eourt
1654 665 1769 748 qui
1824 686 1910 730 ne
1953 664 2178 729 valent

267 755 512 840 guieres.
618 751 779 818 Cest
825 752 960 835 quil
1017 774 1063 836 y
1126 769 1169 814 a
1220 772 1420 835 grans
1475 751 1768 817 troubles
1820 758 1884 814 et
1939 771 2066 833 que
2118 750 2177 815 si

268 841 393 905 dieu
445 860 537 923 ny
583 837 797 904 donne
852 836 1043 903 ordre
1100 836 1238 919 quil
1293 858 1341 920 y
1399 857 1440 901 a
1483 836 1734 922 danger
1774 837 1854 902 de
1899 836 2178 920 quelque

265 924 446 1011 grand
499 923 811 989 malheur.
841 925 923 1001 ¹⁰)
1010 924 1110 989 Le
1150 922 1479 1007 Seigneur
1531 922 1773 989 vueille
1827 922 2179 988 maintenir

264 1012 345 1078 les
395 1012 559 1076 siens
611 1019 679 1075 et
721 1011 906 1077 avoir
962 1009 1124 1093 pitie
1165 1007 1245 1074 de
1289 1029 1408 1074 son
1453 1008 1672 1094 eglise.
1764 1007 1924 1074 Cela
1966 1028 2007 1072 a
2039 1027 2177 1071 em-

262 1097 471 1181 pescbe
510 1095 841 1162 monsieur
888 1096 965 1161 de
996 1094 1241 1161 valence
1265 1096 1347 1172 ¹¹)
1392 1097 1498 1178 qui
1546 1115 1631 1160 ne
1675 1098 1802 1161 soit
1840 1114 2038 1171 venu,
2082 1092 2176 1157 le-

262 1182 391 1266 quel
429 1182 614 1248 estoit
650 1182 920 1248 attendu
957 1180 1038 1246 de
1071 1182 1226 1264 jour
1269 1201 1352 1245 en
1391 1183 1558 1264 jour.

979 1492 1391 1505 W

1106 1744 1304 1815 3752.

757 1899 1166 1967 VIRE'I'US
1211 1899 1647 1966 GALVINO.

407 2071 858 2141 Recenti-§sima
901 2093 981 2137 ex
1030 2072 1369 2139 occitania.
1462 2069 1753 2137 Crudelis
1785 2070 2008 2152 ubique
2049 2070 2176 2136 luc·

259 2164 357 2238 tue,
396 2159 620 2242 ubique
648 2179 855 2242 pavor
894 2163 951 2224 et
980 2159 1273 2240 plurima
1313 2157 1533 2222 mortis
1574 2159 1798 2240 imayo.

255 2330 345 2389 (Ex
393 2331 731 2401 autographo
783 2330 915 2385 Ood.
966 2329 1190 2385 Vratisl.
1243 2328 1343 2384 111.
1376 2329 1441 2382 Β.
1492 2327 1585 2382 fol.
1622 2326 1704 2380 29.
1791 2327 1983 2381 Edidit
2033 2328 2179 2381 Besa

256 2397 367 2453 Gen.
417 2418 469 2469 p.
503 2399 629 2465 2⁷0,
678 2400 842 2456 Laus.
896 2417 948 2469 p.
982 2396 1488 2536 ffistlssffnffgfi.)p·
1533 2395 1654 2465 628,
1707 2396 1918 2451 Ohouet
1968 2413 2020 2465 p.
2055 2395 2175 2461 371,

400 2639 785 2706 Clarissimo
830 2638 915 2704 D.
962 2638 1202 2703 Ioanni
1247 2637 1541 2703 Calvino,

1671 2722 2000 2788 Genevae.

396 2898 547 2964 Duo
594 2906 753 2963 sunt
805 2917 970 2980 quae
1024 2917 1129 2960 me
1188 2895 1296 2960 bic
1350 2893 1564 2961 adhue
1621 2893 1933 2960 detinent.
2022 2894 2170 2959 Pri·

250 3004 404 3049 mum
441 2983 684 3050 medici
708 2982 754 3069 ¹)
789 2982 1176 3067 quibuscum
1226 2980 1392 3045 mihi
1440 3001 1545 3046 res
1591 2989 1716 3045 est:
1763 2979 1998 3045 deinde
2032 3001 2170 3045 mo-

247 3079 335 3134 tus
390 3072 588 3135 variis
642 3070 713 3133 in
771 3068 930 3135 loeis
987 3068 1257 3135 excitati
1315 3066 1398 3132 ab
1453 3066 1768 3143 hostibus,
1818 3075 1886 3132 et
1941 3064 2171 3132 caedes

245 3155 715 3222 crudelissimae
773 3156 854 3220 ab
908 3153 1142 3220 iisdem
1193 3159 1620 3236 perpetratae.
1709 3151 2045 3218 Audivisti
2090 3149 2170 3216 de

246 3243 503 3308 motibus
549 3252 621 3307 et
658 3239 1086 3306 seditionibus
1128 3239 1662 3305 Provincialium.
1733 3239 1972 3305 Paucis
2015 3248 2170 3303 ante

246 3327 448 3394 diebus
469 3328 951 3405 Narbonenses,
997 3325 1134 3391 ficti
1178 3324 1378 3391 duelli
1419 3332 1766 3409 praetextu
1808 3323 1984 3389 inter
2005 3322 2169 3390 duos

245 3412 576 3497 Hispanos,
634 3415 812 3480 cives
856 3421 925 3477 et
975 3411 1226 3479 incolas
1279 3431 1487 3495 paene
1526 3431 1750 3475 omnes
1806 3411 1887 3475 ad
1943 3411 2168 3477 fictum

243 3499 384 3565 illud
466 3498 914 3584 spectaculum
969 3510 984 3533 ·
1000 3498 1164 3563 urbe
1252 3505 1699 3562 extraxerunt.
1812 3497 1943 3562 Pos
2019 3517 2168 3561 uam

245 3587 466 3669 egressi
509 3594 672 3652 sunt
713 3584 891 3650 fraus
935 3583 1195 3667 prodita
1250 3587 1351 3648 est
1392 3592 1460 3647 et
1503 3583 1823 3664 patefacta
1863 3603 1984 3666 pro
2034 3582 2166 3646 'tio.

244 3670 442 3752 Quum
488 3674 667 3737 enim
711 3670 1093 3737 nunciatum
1155 3678 1329 3735 esset
1381 3669 1450 3733 in
1509 3666 1710 3733 alium
1757 3668 1927 3733 diem
1971 3670 2170 3734 reiec-

242 3766 363 3822 tum
414 3778 558 3824 esse
618 3755 927 3834 duellum,
997 3777 1072 3821 ae
1131 3775 1355 3821 omnes
1411 3754 1526 3837 qui
1582 3757 1828 3839 egressi
1886 3756 2164 3819 fuerant.

241 3842 299 3907 in
341 3845 567 3910 urbem
629 3843 1151 3926 regrederentur,
1216 3841 1300 3905 iis
1344 3840 1498 3906 solis
1541 3848 1900 3924 patuerunt
1942 3850 2167 3925 portae

240 3931 335 4011 qui
376 3929 758 4013 papistieam
796 3939 1082 3993 tuentur.
1103 3939 1170 3992 et
1203 3935 1566 4010 sequuntur
1599 3927 2001 4011 religionem,
2053 3925 2165 3992 alii

239 4024 374 4080 sunt
414 4015 685 4081 exclusi.
759 4013 898 4081 Sub
932 4012 1106 4078 idem
1142 4034 1350 4097 paene
1391 4025 1669 4097 tempus,
1715 4033 1920 4096 quum
1962 4012 2164 4079 ecele-

239 4102 322 4164 sia
339 4101 846 4167 Carcasonensis
860 4102 919 4175 2)
945 4102 1123 4183 regio
1156 4120 1396 4183 parens
1432 4098 1662 4177 edicto,
1709 4098 1871 4164 urbe
1906 4118 2168 4183 egressa

239 4196 392 4253 esset
412 4188 494 4253 ad
532 4207 790 4253 sacrum
829 4195 1245 4262 conventum,
1282 4185 1538 4252 clausae
1561 4194 1716 4251 sunt
1735 4184 1919 4251 urbis
1938 4193 2166 4268 portae

389 4426 484 4497 10)
513 4425 562 4480 ΙΙ
597 4426 799 4479 n’avait
834 4442 939 4492 que
972 4433 1099 4494 trop
1134 4426 1331 4478 raison.
1383 4424 1492 4479 Les
1526 4426 1770 4479 combats
1792 4425 1861 4479 de
1885 4425 2165 4480 Provence

235 4500 284 4546 et
313 4496 360 4549 le
393 4499 562 4549 crime
598 4495 667 4548 de
691 4496 865 4563 Vassy
899 4494 1084 4547 Parent
1116 4494 1168 4547 le
1203 4494 1377 4575 signal
1405 4494 1475 4546 de
1509 4494 1564 4546 la
1595 4510 1790 4563 guerre
1813 4495 1882 4548 de
1917 4494 2163 4564 religion.

237 4562 459 4618 Valenee
492 4566 654 4625 aussi,
689 4563 786 4616 d'es
820 4564 873 4617 le
909 4580 1064 4616 mons
1086 4562 1308 4629 d'Avnl,
1344 4562 1536 4616 devint
1569 4564 1620 4617 le
1654 4563 1868 4618 theatra
1891 4564 1960 4617 de
1994 4564 2162 4618 luttes

235 4634 526 4703 sanglantes
559 4633 903 4702 provoquees
936 4649 1038 4701 par
1085 4632 1163 4685 les
1199 4632 1448 4685 ornantes
1483 4633 1550 4686 de
1586 4633 1667 4687 La
1701 4633 2160 4698 Mons-Gondrim

237 4705 318 4767 qui
348 4702 618 4756 lui-meme
651 4718 687 4770 y
720 4701 805 4754 fut
836 4702 1120 4755 massacre.
1186 4700 1470 4768 (Arnaud.
1505 4701 1546 4753 1.
1585 4700 1732 4769 105.)

391 4771 453 4823 11
513 4768 748 4840 l’e'vssque
778 4768 926 4824 Jean
960 4769 1028 4825 de
1062 4769 1294 4825 Montano
1324 4770 1420 4837 (ib.
1449 4785 1510 4838 p.
1543 4768 1651 4838 65).

233 4834 401 4893 8752.
424 4841 456 4892 1
522 4837 769 4908 Quorum
817 4840 1042 4893 nomina
1087 4840 1312 4907 praebet
1349 4837 1591 4893 Sebnidt
1618 4856 1677 4907 p.
1710 4837 1798 4892 49.
1869 4838 2025 4895 Inter
2072 4853 2161 4894 eos

234 4908 404 4970 plum
436 4909 686 4965 eeclesiae
716 4908 820 4973 ref.
855 4908 1069 4963 addicti
1096 4914 1272 4962 crant.

422 4975 483 5045 2)
513 4977 640 5032 Iam
661 4993 733 5031 va.
752 4976 885 5032 Dee.
908 4976 1040 5031 1561
1076 4978 1270 5032 turbae
1300 4977 1382 5030 nbi
1413 4978 1679 5031 mediatae
1710 4976 1936 5042 fuerant
1967 4983 2159 5033 eontra

234 5050 572 5107 protana-aes
617 5062 739 5102 eum
789 5048 1051 5115 effusione
1100 5045 1406 5114 sanatam.
1475 5045 1734 5101 Attamen
1782 5046 2013 5102 edicam
2061 5046 2157 5101 Ia-

237 5116 416 5168 suarii
449 5115 500 5168 d.
535 5113 618 5169 18.
657 5113 824 5170 Febr.
865 5114 1198 5184 publicam
1240 5117 1353 5180 tuit
1380 5113 1556 5183 (Hm.
1590 5117 1711 5170 ecel.
1745 5116 1789 5171 1.
1822 5114 1966 5183 8⁷5).
2035 5114 2156 5170 ldi-

239 5178 325 5233 διο
361 5182 586 5239 Martiis
636 5186 955 5252 &ceperunt
1003 5187 1298 5240 conventus
1347 5188 1505 5238 ewra
1556 5184 1760 5254 urbem,
1810 5186 1909 5240 ubi
1955 5185 2160 5240 accidit

236 5248 369 5314 qnod
415 5251 518 5336 1ιὲσο
558 5259 843 5307 παπ-οων.
915 5253 998 5306 Μ.
1054 5251 1244 5321 Aprili
1298 5249 1568 5306 Omoemus·
1626 5253 1896 5308 adom
1954 5259 2155 5308 nomm

1992 390 2153 454 1562
2199 385 2474 456 MART.

4095 395 4243 457 358‘

2274 597 2360 642 ne
2416 579 2487 642 in
2545 577 2773 643 urbem
2817 585 3280 645 reverteretur.
3367 579 3639 647 Fratres
3682 601 3882 663 quum
3926 601 3998 647 se
4042 579 4227 646 vide-

2274 670 2423 729 rent
2465 664 2780 744 exclusos,
2823 664 3007 731 urbis
3050 672 3270 748 portas
3313 664 3710 730 obsederunt
3750 688 3835 732 ne
3878 667 4028 749 quis
4062 666 4229 732 urbe

2276 747 2717 833 egrederetur,
2779 758 2895 815 aut
2938 751 3010 815 in
3051 771 3197 815 eam
3239 749 3713 834 ingrederetur.
3790 752 4056 818 Interea
4089 760 4225 816 tor-

2275 845 2500 901 mento
2542 835 2770 902 bellico
2814 855 2899 900 ex
2946 836 3110 901 urbe
3153 845 3287 902 tres
3331 855 3415 900 ex
3450 837 3693 902 nostris
3734 838 3977 904 occisos
4019 837 4224 903 fnisse

2277 920 2668 986 audivimus.
2756 920 2891 988 Sed
2934 920 3127 1005 longe
3170 924 3437 1003 gravius
3481 929 3581 986 est
3616 928 3685 987 et
3725 924 4008 990 atrocius
4051 922 4225 1007 quod

2277 1005 2501 1073 eodem
2559 1025 2763 1090 paene
2820 1017 3115 1092 tempore
3170 1006 3406 1073 accidit
3457 1008 3530 1072 in
3586 1009 3768 1087 urbe,
3833 1010 3940 1073 cui
3982 1029 4222 1075 nomen

2277 1100 2378 1157 est
2418 1091 2794 1172 Gastelnau,
2813 1094 2871 1175 ³)
2918 1113 3085 1177 quae
3126 1114 3260 1158 non
3304 1093 3401 1158 ita
3441 1092 3667 1177 procul
3711 1113 3752 1157 a
3795 1094 4077 1160 Tholosa
4109 1095 4223 1159 ab·

2277 1188 2396 1244 est.
2499 1178 2670 1243 Nam
2735 1180 2876 1262 pari
2943 1180 3215 1245 saevitia
3279 1188 3349 1243 et
3402 1177 3785 1245 crudelitate
3821 1181 3912 1261 ‚in
3967 1186 4229 1245 nostros

2276 1263 2500 1330 hostes
2557 1266 2836 1348 grassati
2896 1273 3053 1329 sunt
3105 1286 3237 1348 qua
3291 1266 3424 1330 iam
3482 1273 3635 1331 ante
3677 1286 3937 1332 menses
3978 1264 4224 1349 aliquot

2276 1351 2347 1414 in
2416 1350 2580 1416 urbe
2634 1371 2797 1433 quae
2849 1359 3123 1417 vocatur
3166 1351 3393 1418 anrs.
3414 1356 3473 1429 ⁴)
3555 1351 3727 1417 Nam
3771 1372 3970 1435 quum
4015 1350 4225 1417 nostri

2276 1434 2360 1501 ad
2404 1456 2661 1502 sacrum
2706 1443 2959 1501 coetum
3003 1437 3480 1516 convenissent,
3523 1432 3790 1504 incen'sa
3822 1439 4002 1520 prius
4031 1437 4225 1503 domo

2277 1521 2502 1587 hostes
2558 1524 2626 1586 in
2695 1541 2804 1586 eos
2858 1521 3192 1588 irruerunt
3243 1531 3433 1588 tanta
3497 1521 3879 1589 crudelitate
3921 1529 4000 1587 ut
4040 1543 4226 1607 mag-

2277 1629 2404 1673 nus
2446 1608 2645 1673 fuerit
2687 1608 3042 1673 occisorum
3100 1629 3434 1673 numerus.
3523 1608 3607 1674 In
3642 1608 3747 1675 his
3781 1610 4034 1693 primus
4081 1628 4224 1674 cae-

2276 1715 2390 1761 sus
2425 1701 2525 1759 est
2557 1693 2876 1771 minister,
2923 1694 3036 1777 qui
3071 1715 3264 1759 sunm
3300 1702 3499 1777 caput
3532 1693 3829 1761 hostibus
3863 1715 3983 1778 pro
4014 1703 4226 1761 caete-

2277 1780 2370 1844 ris
2404 1780 2705 1845 omnibus
2741 1777 2992 1843 obtulit.
3062 1778 3194 1846 Sed
3231 1799 3315 1844 ne
3337 1781 3461 1845 hae
3487 1777 3750 1863 quidem
3773 1782 4028 1846 ratione
4049 1801 4225 1846 com-

2277 1866 2453 1949 pesci
2518 1866 2732 1949 potuit
2783 1863 3065 1930 hostium
3123 1864 3364 1949 rabies:
3426 1865 3659 1931 deinde
3701 1866 4035 1932 Diaconus
4078 1867 4225 1950 pari

2276 1952 2410 2015 fato
2447 1950 2762 2031 sublatus,
2798 1959 2864 2015 et
2898 1972 3073 2016 unus
3106 1951 3330 2035 regius
3364 1961 3744 2034 procurator
3779 1953 3881 2016 vir
3915 1952 4223 2035 optimus,

2278 2047 2344 2101 et
2409 2036 2760 2123 consiliarii
2816 2036 3080 2119 aliquot,
3168 2044 3426 2121 praeter
3477 2036 3715 2122 vulgus
3757 2039 4220 2121 promiscuum.

2276 2122 2544 2188 Interea
2607 2122 2961 2188 Tholosani
3017 2123 3149 2187 hnc
3214 2122 3593 2202 adveniunt,
3658 2144 3807 2189 cum
3863 2122 4222 2189 multorum

2276 2208 2505 2288 literis,
2549 2208 2899 2274 'l'holosam
2943 2207 2999 2274 si
3041 2217 3315 2291 possunt
3355 2228 3462 2274 me
3518 2209 3799 2289 ducturi,
3825 2211 3883 2287 ⁵)
3927 2212 4224 2295 quamvis

2279 2294 2545 2360 disertis
2578 2293 2799 2359 verbis
2833 2292 3315 2360 admonuissem
3352 2315 3437 2359 ne
3470 2295 3701 2378 pedem
3738 2304 4083 2361 moverent
4103 2316 4222 2360 an-

2278 2389 2539 2463 tequam
2584 2401 2623 2444 a
2667 2400 2771 2445 me
2814 2380 3311 2459 intellexissent,
3384 2379 3540 2463 quid
3582 2381 3749 2446 mihi
3783 2402 3901 2464 per
3944 2389 4221 2466 tempus,

2277 2487 2395 2550 per
2414 2466 2881 2545 valetudinem,
2925 2474 2994 2531 et
3025 2487 3145 2549 per
3179 2467 3518 2533 ecclesiam
3561 2467 3668 2532 cui
3710 2467 3830 2531 uni
3873 2467 4223 2533 obstrictus

2279 2573 2424 2617 sum
2493 2552 2951 2619 Genevensem
3016 2552 3257 2618 liceret.
3368 2552 3910 2637 Monspellienses
3929 2554 3985 2634 ⁶)
4046 2573 4221 2631 vero,

2277 2639 2401 2703 etsi
2438 2660 2554 2724 spe
2586 2640 2838 2705 fructus
2870 2657 3065 2722 quem
3099 2659 3184 2703 ex
3219 2657 3367 2703 meo
3389 2637 3739 2705 'Pholosam
3764 2638 4050 2705 adventu
4085 2660 4225 2722 spe-

2275 2733 2429 2789 rant
2472 2746 2548 2790 eo
2587 2724 3001 2790 adducuntur
3042 2731 3120 2789 ut
3162 2726 3332 2788 hane
3368 2745 3408 2789 a
3440 2745 3546 2790 me
3602 2725 3845 2808 suscipi
3879 2724 4222 2808 profectio-

2277 2831 2426 2876 nem
2473 2818 2731 2892 optent,
2775 2829 2907 2876 non
2952 2816 3110 2876 sunt
3152 2818 3376 2875 tamen
3419 2810 3490 2875 in
3533 2831 3612 2876 ea
3644 2811 3988 2889 sententia,
4031 2820 4110 2875 ut
4144 2829 4222 2876 eo

2275 2897 2400 2961 iter
2437 2896 2745 2980 arripiam
2789 2896 2893 2961 his
2932 2896 3324 2962 turbulentis
3368 2895 3787 2980 temporibus,
3839 2894 4043 2962 donee
4083 2903 4223 2962 tota

2274 2983 2455 3067 regio
2489 2982 2684 3066 paulo
2721 2984 2810 3050 sit
2841 2982 3147 3066 pacatior.
3213 2983 3307 3050 Ut
3361 3003 3466 3049 res
3500 2982 3691 3048 modo
3721 2981 3969 3048 habent
3999 2983 4221 3049 nescio

2271 3068 2469 3152 plane
2505 3080 2654 3135 utra
2689 3091 2772 3135 ex
2805 3077 2992 3152 parte
3028 3069 3234 3133 tutius
3269 3068 3357 3135 sit
3378 3070 3504 3134 iter
3526 3067 3814 3153 aggredi.
3873 3067 4010 3134 Sed
4031 3087 4221 3151 spero

2272 3154 2407 3219 fore
2444 3164 2520 3219 ut
2554 3155 2736 3221 brevi
2770 3155 3097 3221 Dominus
3135 3155 3305 3219 viam
3340 3155 3653 3220 tutiorem
3689 3155 3960 3238 aperiat,
3994 3162 4114 3220 aut
4145 3162 4223 3220 ut

2287 3241 2371 3305 ad
2414 3262 2535 3307 vos
2574 3253 2872 3307 revertar
2914 3238 2997 3305 ad
3040 3249 3300 3325 tempus
3345 3239 3507 3305 mihi
3551 3243 4050 3326 praescriptum,
4108 3248 4224 3306 aut

2281 3336 2355 3391 ut
2388 3326 2651 3411 longius
2685 3327 3067 3411 progrediar
3105 3327 3163 3392 si
3197 3327 3483 3411 coegerit
3514 3327 3887 3394 necessitas.
3957 3328 4224 3396 Interea

2271 3413 2580 3479 eeclesiae
2617 3426 2957 3498 augentur,
3015 3433 3178 3496 quae
3211 3420 3499 3498 pergunt
3531 3415 3745 3498 magis
3779 3424 3974 3499 atque
4008 3417 4221 3500 magis

2268 3499 2607 3565 ministros
2663 3500 3010 3583 postulare.
3099 3499 3231 3565 Hic
3292 3498 3688 3579 tabellarius,
3747 3522 3949 3585 quum
4003 3523 4215 3587 neque

2269 3585 2395 3662 hic,
2432 3605 2647 3668 neque
2680 3584 3013 3663 Nemausi,
3058 3604 3270 3668 neque
3312 3584 3467 3651 alibi
3501 3588 3879 3654 ministrum
3912 3590 4215 3654 invenire

2267 3672 2574 3754 potuerit,
2635 3672 2889 3754 cogitur
2944 3670 3026 3735 ad
3084 3691 3198 3736 vos
3257 3692 3327 3737 se
3370 3672 3677 3756 recipere.
3766 3674 3979 3740 Valde
4021 3676 4213 3757 cupio

2266 3778 2396 3838 qua
2454 3756 2544 3822 sis
2597 3776 2772 3821 nunc
2815 3755 3191 3822 valetudine
3244 3777 3654 3842 cognoscere,
3710 3781 3905 3843 quam
3950 3768 4024 3826 ut
4065 3760 4213 3826 dili-

2267 3851 2501 3928 genter
2564 3861 2753 3908 eures
2809 3843 3049 3908 iterum
3108 3853 3305 3928 atque
3362 3845 3599 3910 iterum
3658 3866 3917 3929 precor,
3975 3854 4049 3910 ut
4101 3848 4211 3930 qui

2266 3929 2478 4012 magis
2521 3927 2825 3994 omnibus
2865 3929 2957 3994 sis
3000 3929 3291 3996 eeclesiis
3325 3932 3728 3997 necessarius
3764 3952 3960 4015 quam
3993 3931 4213 3998 hacte-

2267 4036 2394 4080 nus
2413 4034 2720 4097 unquam.
2785 4010 3084 4080 Salutem
3104 4015 3383 4080 multam
3408 4017 3551 4083 dieo
3585 4016 3850 4102 collegis
3883 4027 3952 4083 et
3986 4018 4213 4084 amicis

2266 4099 2587 4251 omnihlzus.
2647 4098 2816 4165 Vale
2854 4102 3096 4184 optime
3141 4122 3215 4167 ac
3250 4100 3628 4168 diutissime.
3698 4104 3759 4169 Ε
3796 4104 4210 4188 Montepeh‘o,

2268 4190 2371 4251 23.
2497 4186 2648 4251 artii
2700 4190 2878 4251 1562.

3242 4325 3423 4392 Tuus
3464 4320 3705 4391 Petrus
3749 4325 4038 4392 Viretus.

2468 4508 2529 4579 3)
2565 4510 2932 4566 Castanauda
2999 4552 3013 4569 .
3089 4511 3249 4569 Circa
3280 4511 3353 4568 50
3387 4518 3753 4581 praunawe
3794 4530 3915 4569 eum
3956 4518 4212 4572 mini-nro

2269 4577 2495 4634 Giscart
2524 4582 2790 4635 trucidati
2819 4580 2913 4646 (H
3019 4621 3031 4633 .
3070 4581 3167 4635 111.
3201 4580 3341 4649 139).
3376 4653 3386 4664 ⁰
3638 4653 3648 4664 ·
4157 4655 4169 4668 .

2260 4648 3527 4800 strepsffbffufffoissffic‘ffff‘tffffissoqmw
3587 4651 3674 4705 Μ
3736 4652 3958 4708 vocotus
4009 4653 4211 4722 ‘mm'

2467 4788 2501 4839 5
2559 4788 2657 4841 ubi
2686 4788 3039 4842 ministrabat
3071 4787 3138 4842 dc
3162 4787 3427 4850 Nort(N.
3447 4786 3627 4858 8714).
3675 4790 3892 4846 Virum
3920 4796 4211 4862 postquam

2262 4871 2313 4908 a.
2349 4853 2402 4907 d.
2440 4855 2481 4909 1
2535 4894 2548 4906 .
2591 4855 2706 4909 Gal.
2742 4857 2881 4924 Apr.
2916 4855 3112 4938 auiam
3161 4862 3277 4913 vice
3320 4860 3382 4911 in
3420 4857 3825 4927 Momepecsalo
3858 4862 4212 4917 concionatus

2258 4929 2338 4977 ’π
2373 4923 2714 5050 tagam}
2745 4926 3151 5048 ῗωὲῗῧῖιῖιᾶιῖη
3182 4994 3395 5051 eodem.-
3430 4995 3883 5067 Monspeeunlani.

3030 5273 3438 5284 ——-————-·—
