4850 6117
299 422 372 486 45
2004 414 2163 478 1561
2211 406 2538 479 OO'l'OB.
4164 419 4248 486 46

446 601 588 669 Hac
619 601 701 668 de
735 622 808 668 re
827 601 980 687 plus
1012 602 1191 668 eatis.
1249 600 1399 667 'l'oti
1428 599 1763 681 Poloniae,
1798 608 1867 667 et
1896 599 2211 685 privatim

295 686 670 756 Lithuaniae
751 687 1047 772 gratulor
1061 737 1080 766 ,
1155 686 1333 771 quod
1393 687 1676 753 maiores
1738 686 2013 753 subinde
2076 685 2210 752 illic

292 773 889 942 gffffrfflshfffgat
941 772 1327 924 pdqlriqgmrssli
1380 773 1575 924 ’0ὶὲἰὲιέ
1613 772 1803 840 novis
1845 773 2209 923 1001οέ00-

438 878 519 925 on
828 878 915 924 ue
1061 880 1102 924 a
1632 881 1668 924 r
1752 879 1932 924 num.
2097 877 2211 924 aec

293 945 472 1011 etiam
511 878 644 1011 §gn
697 942 1096 1027 poenitenda
1148 942 1375 1028 gaudii
1425 878 1750 1024 accessiag
1768 963 1971 1028 quum
2014 941 2208 1009 audio

290 1030 677 1115 disciplinam
722 1050 874 1097 cum
908 1029 1233 1115 evangelii
1266 1029 1667 1114 professione
1705 1028 2033 1114 coniungi.
2114 1028 2209 1094 Et

288 1126 445 1184 certe
482 1133 613 1182 non
655 1116 984 1182 immerito
1026 1136 1260 1183 vocare
1295 1114 1471 1182 soleo
1516 1114 1928 1199 disciplinam
1962 1133 2205 1181 nervoe

287 1200 602 1268 ccclesiae:
670 1202 825 1285 quia
888 1209 964 1267 ιιι
1026 1201 1330 1284 propensi
1388 1210 1545 1266 eunt
1596 1201 1938 1266 hominum
1989 1221 2204 1266 mores

287 1287 360 1353 ad
415 1287 764 1365 lasciviam,
832 1286 1090 1354 delitias
1147 1293 1213 1353 et
1255 1286 1590 1353 licentiam
1687 1286 2015 1366 uamlibet,
2075 1287 2204 1352 nisi

285 1373 716 1439 contineamur
756 1372 879 1440 sub
914 1374 1159 1450 fraeno,
1204 1373 1411 1438 maior
1452 1373 1605 1457 pa'rs
1679 1371 1970 1438 ’bertatis
2015 1392 2205 1455 prae-

282 1465 453 1524 textu
514 1458 956 1526 luxuriabitur
1006 1468 1074 1525 et
1138 1458 1500 1525 insolescet.
1599 1456 1829 1526 Unum
1884 1456 2201 1536 desidere,

281 1551 348 1610 ιιι
402 1544 468 1609 in
529 1551 867 1627 posterum
934 1553 1193 1627 tempus
1252 1544 1686 1628 prospiciatur
1750 1543 2058 1623 ecclesiis,
2118 1563 2203 1608 ne

385 1628 629 1697 toribus
704 1630 970 1696 orbatae
1048 1638 1114 1696 et
1203 1630 1490 1696 nudatae
1578 1628 1763 1695 brevi
1852 1634 2200 1695 intereant.

359 1715 540 1783 holae
599 1723 819 1781 autem
875 1716 1225 1783 seminaria
1280 1723 1438 1782 sunt
1495 1723 1864 1799 pastorum:
1928 1721 1997 1781 et
2049 1722 2203 1798 apte

282 1802 513 1867 censeri
574 1809 853 1886 possunt
908 1811 1219 1886 tanquam
1275 1801 1572 1867 coelestis
1629 1800 1959 1867 doctrinae
2012 1821 2202 1885 gazo-

278 1886 581 1971 phylacia.
697 1886 846 1969 Quo
911 1887 1122 1953 maior
1185 1887 1403 1953 danda
1457 1896 1558 1953 est
1615 1907 1830 1971 opera,
1891 1894 1964 1952 ut
2007 1907 2201 1970 quam

315 1972 521 2038 lurimi
583 1973 1018 2040 instituantur
1081 1981 1217 2039 tam
1278 1973 1350 2038 in
1415 1971 1656 2057 pietate
1672 2024 1689 2053 ,
1754 1991 1952 2056 quam
2015 1973 2200 2038 bonis

302 2057 484 2123 ‘terie.
562 2058 754 2126 Haec
812 2080 968 2126 vero
1011 2058 1416 2126 nobilissima
1456 2059 1585 2124 erit
1624 2058 1810 2126 vobis
1852 2057 2201 2124 liberalita-

276 2143 351 2207 tis
388 2144 677 2222 materia,
733 2153 811 2210 ut
850 2152 1069 2212 vestro
1127 2142 1425 2229 exemplo
1468 2144 1703 2228 reliqui
1740 2143 1831 2210 'ad
1886 2143 2200 2209 imitatio·

275 2248 409 2293 nem
447 2229 824 2296 incitentur.
912 2231 1037 2310 De,
1068 2228 1120 2317 Β)
1179 2251 1451 2296 munere
1495 2230 1708 2296 oblato
1752 2250 1946 2314 quam
1989 2230 2198 2294 maxi-

274 2334 401 2380 mas
459 2314 670 2382 habeo
748 2316 1022 2400 gratias:
1088 2337 1354 2400 agerem
1428 2315 1724 2400 pluribus
1785 2316 2008 2382 verbis
2071 2315 2202 2381 nisi

275 2399 654 2466 confiderem
709 2422 825 2468 vos
877 2402 1083 2468 animi
1139 2402 1381 2469 affectu
1436 2409 1791 2469 contentos.
1889 2401 1986 2468 Er
2126 2408 2201 2467 ut

277 2485 453 2551 finem
494 2487 752 2566 faciam,
798 2486 1017 2554 Deum
1073 2488 1454 2572 suppliciter
1496 2487 1824 2571 precabor,
1869 2496 1945 2553 ut
1987 2422 2167 2554 &elsi

275 2569 544 2638 tudinem
586 2583 883 2642 vestram
935 2574 1172 2658 spiritu
1224 2594 1344 2639 euo
1399 2572 1739 2658 gubernet,
1800 2573 2194 2639 incolumem

276 2663 531 2737 tueatur,
587 2660 931 2744 magisque
989 2679 1064 2726 ac
1117 2660 1328 2745 magis
1385 2660 1522 2726 suis
1567 2659 1756 2726 donis
1796 2658 2082 2725 illustret
2123 2680 2198 2726 ac

273 2740 624 2826 locupletet.
712 2745 1203 2813 Illuetrissimae
1259 2747 1459 2812 etiam
1501 2746 1823 2813 Ducissae
1864 2766 2014 2812 mea
2055 2744 2198 2811 offi-

275 2826 364 2894 cia
402 2837 781 2897 reverenter
834 2829 1072 2898 defero.
1166 2831 1499 2911 Genevae,
1560 2835 1620 2899 9.
1660 2829 1966 2899 Octobris
2018 2835 2197 2897 1561.

1129 3443 1328 3517 35⁶⁶.

442 3585 881 3669 vitamst:
921 3599 1483 3669 D’ISSOUDUN
1526 3601 1591 3666 A
1632 3599 2004 3668 GALVIN.

424 3771 755 3841 Demande
793 3773 870 3839 de
900 3777 1182 3855 postem.

269 3941 637 4015 (Autographe
671 3944 741 3998 de
774 3944 830 3997 la
863 3942 1247 4013 Bibliotheque
1282 3944 1352 3997 de
1375 3942 1609 3999 Geneve.
1645 3942 1759 3999 MS.
1790 3942 1909 4013 196,
1945 3944 2038 4000 fol.
2054 3942 2202 4011 203.)

605 4118 672 4183 A
713 4116 1057 4182 Monsieur
1094 4113 1433 4182 Monsieur
1475 4114 1845 4201 despeville.

423 4287 787 4367 Moneieur‚
827 4286 1078 4372 l’eglise
1120 4286 1570 4374 d’yseoulduin
1594 4288 1645 4373 ¹)
1679 4306 1767 4353 na
1799 4308 1978 4355 cesse
2013 4288 2196 4355 d'im-

267 4377 474 4455 petrer
517 4379 588 4439 et
631 4373 887 4440 obtenir
929 4372 1009 4440 de
1053 4395 1217 4442 vous
1275 4381 1340 4440 et
1396 4375 1724 4442 nossieurs
1767 4372 1848 4440 de
1890 4395 2011 4459 par
2053 4374 2200 4441 dela

268 4466 470 4525 tontes
519 4457 751 4525 choses
803 4462 1201 4531 necessaires
1253 4470 1398 4529 tant
1452 4484 1536 4530 en
1593 4460 1837 4530 conseil
1880 4465 2072 4547 qu'en
2127 4482 2198 4530 oe

269 4543 373 4626 qui
403 4564 729 4613 concerne
760 4544 824 4613 le
857 4546 1198 4616 ministere
1227 4547 1473 4630 dicelle,
1507 4570 1755 4618 mesme
1790 4547 1971 4618 lavez
1995 4555 2200 4634 quant

269 4625 530 4718 besoing
570 4653 614 4698 a
655 4639 794 4698 este
849 4655 1180 4719 pourveue
1235 4632 1316 4700 de
1370 4655 1531 4719 gens
1584 4635 1804 4702 doctes
1860 4645 1927 4703 et
1971 4635 2051 4703 de
2094 4637 2199 4703 vie

271 4716 504 4784 saincte
575 4717 836 4786 desorto
899 4718 1112 4803 quelle
1177 4737 1217 4783 a
1277 4738 1505 4802 graece
1570 4738 1611 4784 a
1668 4718 1841 4783 Dieu
1904 4727 1970 4784 et
2030 4740 2199 4786 vous

272 4805 489 4871 trouve
553 4811 1034 4870 contentement
1111 4812 1474 4885 provenant
1539 4800 1621 4869 de
1686 4810 1905 4869 vostre
1981 4803 2200 4871 bonne

270 4883 600 4954 liberalite.
674 4888 1037 4954 'l‘outeefois
1070 4889 1300 4956 voiant
1336 4888 1824 4957 lacroiseement
1859 4886 2200 4957 dhommes

288 5263 300 5276 .
466 5194 2197 5281 &Quod-demechlatohabee,dinfmdcl>ucieea,

276 5265 1062 5407 ffmcffis‘ss'emhdn.
1136 5335 1317 5407 0οη).
1357 5336 1431 5392 N.
1464 5336 1619 5394 3400.
1732 5347 1741 5358 '

2310 596 2566 665 fidelles
2619 599 2732 683 qui
2784 596 3299 668 ordinairement
3351 623 3422 669 se
3465 603 3728 673 dedient
3769 616 3837 673 et
3875 609 4252 695 adjoignent

2312 703 2352 749 a
2404 683 2594 750 icelle
2648 692 2716 749 et
2772 705 2897 768 que
2936 686 3186 754 Monsr.
3231 688 3310 755 de
3351 688 3419 755 Ζα
3457 692 3633 757 croix
3684 701 3908 761 nostre
3948 696 4250 768 ministre

2308 789 2477 852 pour
2540 768 2697 836 telle
2759 770 3112 838 multitude
3169 781 3236 838 et
3298 774 3621 859 vigilance
3677 779 3789 862 qui
3844 779 3909 846 la
3972 785 4248 869 regards

2309 872 2470 923 avec
2512 874 2631 921 son
2687 855 3002 924 estandue
3043 878 3115 924 es
3170 858 3351 925 lieux
3402 859 3847 946 champestres
3889 873 3957 932 et
3997 870 4248 936 circon-

2308 941 2575 1020 voisins,
2639 962 2726 1008 ne
2785 942 2973 1041 peult
3033 964 3128 1027 ny
3189 965 3277 1010 ne
3338 948 3623 1013 scauroit
3684 946 4041 1019 desormais
4104 956 4249 1022 seul

2307 1026 2650 1108 satisfaire,
2693 1035 2920 1092 naiant
2951 1029 3130 1095 aussi
3163 1051 3426 1098 recours
3461 1053 3589 1116 qua
3620 1055 3785 1102 vous
3825 1058 3910 1104 ne
3952 1059 4023 1105 ee
4054 1041 4250 1140 peult

2305 1109 2514 1177 laeeer
2558 1110 2639 1178 de
2695 1112 3021 1180 tousiours
3064 1135 3230 1182 vous
3273 1117 3586 1201 emploier
3628 1139 3668 1183 a
3710 1140 3783 1186 sa
3825 1134 4160 1207 necessite,
4205 1148 4248 1194 a

2304 1195 2587 1280 laquelle
2627 1218 2790 1265 vous
2845 1198 3100 1283 supplic
3141 1221 3227 1266 au
3281 1222 3439 1268 nom
3482 1203 3562 1269 de
3606 1205 3780 1272 Dieu
3822 1210 4137 1277 entandre
4179 1219 4247 1279 οι

2305 1283 2631 1349 subvenir.
2705 1284 2800 1350 Oe
2854 1284 3095 1351 faisant
3150 1285 3267 1372 luy
3310 1289 3613 1356 accorder
3668 1300 3734 1357 et
3788 1314 4077 1379 envoyer
4130 1318 4243 1364 en-

2304 1387 2489 1434 cores
2523 1369 2605 1436 sil
2641 1390 2802 1436 vous
2836 1368 3049 1453 plaist,
3094 1392 3254 1439 avec
3295 1373 3390 1440 les
3431 1382 3729 1457 porteurs
3762 1377 3877 1444 des
3911 1392 4246 1464 presentes

2307 1454 2419 1537 qui
2463 1455 2843 1522 satisferont
2882 1475 2922 1520 a
2963 1462 3112 1523 tous
3153 1457 3332 1539 fraiz,
3376 1480 3517 1545 ung
3559 1463 3770 1528 aultre
3814 1465 4114 1533 ministre
4154 1469 4246 1535 tel

2304 1559 2432 1622 que
2496 1541 2747 1607 miculx
2813 1544 3263 1627 congnoistrez
3327 1548 3693 1613 neceesaire
3758 1570 3798 1615 a
3860 1551 4122 1619 reduire
4179 1561 4248 1620 et

2304 1627 2641 1692 mestriser
2698 1648 2835 1712 ung
2887 1627 3127 1712 peuple
3182 1650 3360 1696 assez
3415 1634 3623 1699 entier
3665 1641 3732 1700 et
3774 1634 4056 1718 difficile,
4112 1660 4246 1706 non

2303 1730 2470 1793 pour
2512 1714 2863 1795 mespriser
2920 1712 3119 1782 ledict
3171 1716 3345 1781 sieur
3398 1717 3474 1783 de
3515 1718 3583 1784 Ζα
3624 1721 3801 1786 croix
3825 1720 3885 1807 2)
3929 1725 4038 1806 qui
4080 1746 4247 1809 pour

2301 1795 2365 1861 le
2409 1794 2736 1882 Seigneur
2788 1798 3102 1883 semploie
3146 1809 3668 1871 vertueueement
3724 1827 3807 1871 au
3864 1806 3992 1874 deu
4036 1809 4117 1876 de
4170 1832 4246 1878 sa

2302 1881 2546 1966 charge
2589 1891 2656 1949 et
2690 1884 2932 1969 duquel
2971 1906 3059 1951 on
3101 1907 3324 1971 cepere
3367 1909 3407 1953 a
3448 1888 3749 1957 ladvenir
3783 1893 4061 1977 quelque
4095 1895 4244 1980 plue

2302 1968 2513 2052 grand
2567 1969 2768 2036 fruict
2809 1979 2876 2037 et
2918 1981 3365 2039 avancement:
3427 1977 3592 2041 mais
3636 1997 3676 2041 a
3717 1978 3813 2042 fin
3857 1978 3937 2044 de
3979 1980 4043 2046 le
4085 2002 4242 2067 sup·

2299 2061 2527 2137 porter
2579 2077 2654 2122 ce
2705 2055 2997 2142 pendant
3049 2067 3117 2123 et
3169 2058 3315 2141 plus
3370 2069 3854 2146 promptement
3906 2068 4135 2131 reunir
4175 2074 4243 2133 et

2299 2146 2615 2207 remectre
2658 2162 2731 2208 ce
2773 2164 2898 2226 que
2939 2142 3004 2209 la
3055 2143 3300 2229 longue
3341 2156 3407 2212 et
3449 2147 3784 2231 frequente
3830 2153 4241 2232 persecution

2299 2224 2562 2378 ᾶῖεᾶιῗέἕ
2601 2234 2827 2378 {entre
2870 2229 3054 2296 icelle
3088 2230 3441 2299 assemblee
3477 2231 3556 2299 de
3591 2231 3840 2300 fidelles
3872 2256 3913 2300 a
3946 2235 4240 2320 espandu

2299 2332 2335 2377 e
2541 2333 2566 2376 1
2651 2362 2668 2379 .

2469 2332 2829 2479 Molnsieun
2873 2419 3037 2468 vous
3079 2420 3276 2467 aurez
3317 2401 3663 2488 doncques,
3708 2405 3789 2470 sil
3822 2427 3988 2473 vous
4020 2406 4236 2492 plaist,

2149 2487 2198 2537 ‘-
2299 2482 2533 2565 esgard
2575 2504 2615 2548 a
2668 2484 3036 2571 liudigenoe
3079 2496 3147 2554 et
3187 2491 3504 2555 neceseite
3546 2486 3628 2556 de
3681 2498 3855 2558 ceste
3897 2491 4101 2576 eglise
4140 2493 4239 2559 fa·
4319 2513 4326 2526 ·

2299 2568 2581 2654 melique
2624 2571 2735 2655 qui
2776 2591 2862 2636 en
2917 2593 3022 2638 ses
3062 2574 3390 2641 membres
3429 2596 3597 2642 vous
3631 2585 3931 2660 presente
3973 2577 4240 2645 humble

2300 2653 2478 2720 salut
2529 2676 2612 2721 en
2670 2664 2891 2724 nostre
2935 2656 3280 2743 Seigneur,
3336 2661 3400 2727 le
3441 2682 3564 2745 sup
3610 2662 3782 2728 liant
3822 2684 3986 2730 vous
4028 2666 4238 2731 main-

2299 2742 2476 2806 tenir
2517 2742 2842 2809 tousiours
2884 2764 2969 2809 en
3012 2765 3088 2810 sa
3129 2746 3374 2813 saincte
3416 2684 3634 2833 gai-dg.
3681 2747 4131 2834 d’yssoulduin
4164 2770 4238 2818 ce

2300 2828 2397 2911 xj⁶
2433 2829 2588 2911 jour
2629 2826 2957 2897 dOctobre
3007 2831 3188 2896 1561.

2710 2965 2852 3031 Voz
2897 2965 3195 3035 humbles
3236 2969 3594 3038 serviteurs
3635 2981 3844 3056 ayant
3884 2973 4128 3059 charge

3116 3053 3198 3121 de
3239 3054 3305 3120 la
3347 3057 3754 3142 compaignie

3115 3155 3369 3223 Olaude
3410 3157 3733 3228 delarube.

3113 3241 3474 3329 Hippolyte
3517 3243 3807 3313 Salmon.

3111 3326 3200 3394 D.
3242 3328 3589 3414 Chappuis.

3178 3873 3380 3949 35⁶7.

2419 4010 2848 4097 L’Eemsn
2894 4027 3021 4094 DE
3063 4030 3394 4098 MAooN
3438 4030 3566 4100 Au
3606 4028 4107 4099 meme

2983 4131 3113 4198 Du
3159 4118 3558 4200 unusve.

2473 4299 3303 4387 &mumadam-etenum

2294 4473 2678 4600 (Autogupbe
2717 4474 2786 4559 dp
2819 4475 2874 4529 la
2905 4473 3286 4545 Bibliotheque
3320 4473 3387 4529 (10
3418 4472 3653 4557 Geneve.
3723 4475 3914 4533 Piecee
3948 4476 4235 4535 det-obde·

2539 4544 2856 4601 ortcfemlle.
2929 4542 3103 4614 1972,
3136 4543 3203 4598 N.
3248 4544 3291 4596 1.
3325 4569 3394 4582 -
3428 4543 3669 4600 Bulletin
3701 4545 3856 4603 le.
3890 4543 4039 4614 326.)

2373 4719 2439 4784 A
2473 4717 2830 4784 Meesieurs
2863 4713 3220 4781 Messieurs
3263 4713 3356 4781 les
3390 4716 3725 4783 ministres
3761 4717 3841 4784 de
3882 4716 4159 4803 l'Eglise

3068 4797 3150 4866 de
3191 4799 3480 4870 Geneve.

2469 4972 2826 5040 Messieurs
2868 4971 2919 5036 il
2961 4993 3008 5056 y
3052 4992 3092 5037 a
3132 4970 3247 5039 dee
3303 4974 3591 5059 papietes
3645 4980 3713 5040 et
3766 4982 3989 5042 autres
4046 4995 4233 5061 sages
4264 5044 4268 5048 ,

2300 5056 2380 5125 de
2422 5078 2497 5126 ce
2537 5057 2775 5126 monde
2817 5058 2930 5141 qui
2971 5058 3254 5124 seroient
3306 5070 3442 5126 tres
3484 5066 3755 5128 contans
3796 5060 4111 5145 aprocher
4153 5060 4233 5128 de
