4850 6117
626 397 752 460 507

625 603 830 651 cucur
883 580 1340 648 recommande
1398 602 1439 646 a
1481 585 1702 648 vostre
1742 580 1956 648 bonne
1997 601 2192 666 grace
2235 580 2374 665 quil
2414 599 2579 649 vous

625 667 1206 821 {ginazugimstecffit
1260 667 1500 752 longue
1557 688 1699 754 vye.
1790 668 1895 734 De
1938 665 2169 734 Cassel
2203 688 2277 735 ce
2320 667 2579 751 xxvijm·

1645 891 1886 958 Vostre
1929 890 2084 956 bien
2124 891 2256 956 bon
2297 909 2451 976 amy

1940 975 2243 1042 Andelot.

1495 1491 1698 1562 3842.

1134 1627 1607 1697 S'HJRMIUS
1646 1626 2084 1696 GALVINO.

798 1801 1201 1868 Balduinum
1249 1801 1533 1883 maerim
1573 1801 1782 1884 ipsius
1826 1799 2076 1866 nomine
2110 1798 2373 1864 abusum
2412 1799 2584 1880 epis-

629 1887 1702 1969 tolamiactarequasiabipso
1765 1882 2584 1969 scriptaminquacal-

627 1977 845 2041 vinum
898 1978 955 2039 d
994 1972 1237 2039 Besam
1276 1974 1646 2039 traduxerit.
1733 1972 2041 2055 Affirmat
2094 1971 2220 2038 sibi
2259 1991 2585 2053 nunquam

632 2060 790 2126 talia
831 2060 902 2125 in
942 2065 1202 2125 mentem
1242 2059 1497 2125 venisse.

628 2231 813 2301 (Manu
856 2230 1116 2300 scriptam
1148 2229 1383 2283 vidimus
1417 2246 1505 2298 ap.
1539 2228 1829 2283 Simlerum
1875 2227 1999 2283 Vol.
2049 2227 2163 2282 105.
2232 2227 2449 2282 Dudum
2483 2227 2582 2281 im-

540 2326 546 2339 ’
626 2317 815 2421 pressa
861 2305 983 2354 erat
1031 2300 1088 2353 in
1123 2298 1298 2352 Betae
1333 2297 1517 2379 ‘lfrwt-
1537 2297 1623 2378 ‘11.
1657 2295 1779 2364 234,
1823 2301 1881 2350 et
1924 2297 1979 2351 in
2016 2298 2182 2365 Resp.
2230 2297 2301 2350 ad
2334 2297 2582 2351 Balduin.

662 2368 766 2423 563
799 2386 854 2438 p.
887 2366 1009 2421 212.
1065 2367 1311 2450 ‚qutum
1358 2367 1651 2422 incultiore
1694 2366 1868 2420 forma
1914 2367 2290 2422 adumbratum
2325 2381 2395 2420 ex
2431 2369 2585 2447 auto·

628 2435 1735 2630 {mhifffflsffissfdssws
1762 2435 1917 2557 1³85&
1947 2434 2200 2558 {ffl-
2218 2433 2584 2584 ffiigffffi

676 2592 753 2628 ar.
773 2574 954 2631 Schmi
1017 2591 1100 2628 ins
1134 2590 1198 2628 co

1373 2573 1733 2639 doctissimus,
1769 2573 1920 2627 cuius
1954 2572 2338 2642 apographoui

630 2645 853 2698 tulimus
886 2649 946 2698 et
976 2643 1067 2697 hic
1111 2659 1219 2714 quo

1337 2658 1535 2712 operae
1568 2643 1804 2711 pretium
1838 2641 2036 2696 facturi
2069 2642 2230 2696 nobis
2265 2641 2320 2695 vi
2357 2588 2585 2695 ebaffiililr

1279 2712 1512 2781 margini
1545 2710 1936 2779 adscribimus.)

632 2884 926 2950 Maximo
967 2882 1272 2967 theologo
1314 2889 1382 2948 et
1413 2882 1656 2966 optimo
1697 2880 1843 2948 viro
1885 2881 1971 2946 D.
2006 2881 2242 2946 Ioanni
2283 2878 2582 2960 Oalvino,

1100 2969 1307 3034 amico
1349 2969 1556 3034 veteri
1598 2974 1667 3034 et
1709 2966 2128 3034 observando.

803 3140 1251 3207 Vehementer
1294 3139 1495 3221 doleo,
1534 3142 1626 3206 mi
1673 3138 1946 3220 Calvina,
1990 3139 2393 3206 Baldwinum
2434 3158 2582 3205 ver-

632 3227 734 3293 bis
778 3225 960 3293 abuti
993 3226 1326 3293 cuiusdam
1370 3225 1680 3310 epistolae
1721 3246 1905 3291 meae
1931 3229 1982 3304 ¹)
2025 3235 2255 3291 contra
2295 3233 2478 3291 tuam
2518 3231 2588 3289 et

631 3313 844 3380 nostri
896 3311 1108 3378 Besae
1167 3312 1731 3378 existimationem.
1831 3311 2109 3378 Memini
2205 3308 2427 3377 uidem
2479 3329 2585 3377 me

632 3400 877 3465 iratum
934 3397 1213 3464 scribere
1268 3398 1661 3464 acerbiorem
1727 3397 2069 3482 epistolam
2258 3395 2588 3480 quendam

634 3484 792 3552 olim
847 3485 1038 3550 nobis
1094 3503 1507 3550 communem
1549 3483 1854 3559 amicum,
1896 3490 1973 3548 ut
2015 3504 2167 3549 eum
2207 3483 2277 3547 in
2324 3481 2480 3547 fidei
2523 3489 2591 3546 et

635 3570 958 3636 amicitiae
1014 3570 1189 3636 viam
1254 3589 1644 3636 revocarem.
1749 3566 1888 3635 Sed
1929 3570 2147 3635 Deum
2200 3575 2427 3649 testor,
2482 3588 2589 3633 me

632 3655 805 3722 nihil
856 3677 1146 3741 unquam
1200 3656 1535 3738 scripsisse
1579 3655 1750 3741 quod
1805 3653 1924 3720 tibi
1968 3661 2034 3720 et
2074 3653 2284 3719 Besae
2324 3675 2462 3719 non
2503 3654 2592 3718 sit

632 3741 1085 3809 honorificum.
1171 3740 1350 3822 Quid
1393 3740 1475 3807 de
1516 3748 1583 3806 te
1618 3740 1898 3806 sentiam
1931 3741 2374 3806 meminerunt
2405 3745 2590 3807 vete·-

635 3850 741 3895 res
785 3828 996 3907 amici,
1039 3828 1255 3895 sciunt
1294 3828 1467 3894 novi.
1517 3825 1764 3893 Bezam
1796 3834 2062 3913 propter
2102 3826 2590 3892 conversionem

634 3913 792 3981 novi
834 3913 1237 3980 Testamenti
1291 3920 1359 3979 et
1412 3912 1559 3978 illos
1600 3911 2118 3992 commentarios,
2163 3913 2360 3979 etiam
2403 3917 2589 3976 ante·

634 4019 831 4084 quam
883 4020 1161 4078 nossem,
1221 4018 1445 4064 amare
1485 4018 1842 4084 coeperam.
1928 3998 2150 4064 Velim
2191 3997 2591 4064 Balduinum

635 4085 705 4152 in
749 4086 920 4152 hanc
972 4106 1240 4151 arenam
1284 4105 1417 4150 non
1461 4084 1890 4164 descendisse,
1925 4084 2314 4167 praesertim
2348 4083 2420 4147 in
2465 4082 2590 4149 hac

634 4191 834 4239 causa
876 4170 1213 4256 religionis
1265 4168 1583 4236 adversus
1626 4177 1693 4235 te
1734 4169 2053 4236 athletam
2094 4169 2383 4250 Domini,
2421 4190 2589 4234 non-

637 4256 796 4323 dum
828 4257 983 4323 fixis
1030 4257 1233 4322 armis
1287 4276 1504 4340 neque
1559 4255 1757 4322 ullius
1810 4277 1850 4321 o
1895 4255 1953 4321 is
2007 4252 2148 4319 indi
2310 4307 2327 4336 ,
2382 4275 2587 4337 quum

637 4365 679 4410 a
715 4350 782 4409 te
820 4351 959 4409 tam
998 4342 1208 4408 multa
1254 4340 1586 4422 beneficia,
1643 4350 1722 4408 ut
1761 4278 1953 4408 audio
1995 4363 2078 4407 ex
2122 4362 2163 4406 a
2189 4341 2228 4355 “
2270 4392 2287 4421 ,
2332 4361 2591 4423 accepe-

636 4428 747 4493 rit.
845 4429 1162 4496 Miseram
1217 4427 1656 4495 couditionem
1729 4426 2136 4493 eruditorum
2201 4436 2267 4494 et
2330 4427 2589 4511 piorum

639 4513 999 4593 hominum,
1042 4514 1279 4597 quibus
1311 4513 1519 4581 doctis
1563 4520 1630 4580 et
1669 4513 1856 4581 bonis
1897 4534 2038 4580 esse
2076 4534 2213 4579 non
2254 4512 2424 4593 licet,
2461 4512 2589 4580 nisi

640 4606 1069 4665 exerceantur
1124 4599 1500 4666 inimicitiis.
1603 4597 1910 4684 Oogitare
1952 4599 2147 4665 debes
2187 4619 2295 4665 me
2337 4600 2466 4665 ista
2504 4620 2590 4665 ex

640 4683 861 4749 animo
903 4690 970 4751 et
1012 4703 1162 4751 cnm
1202 4685 1423 4752 dolore
1466 4685 1765 4767 scribere,
1811 4685 1994 4752 cuius
2048 4685 2147 4752 rei
2189 4684 2309 4750 tibi
2351 4684 2438 4750 sit
2484 4685 2588 4750 in-

640 4974 832 5030 3842.
852 4973 911 5042 1)
944 4974 1219 5045 Loquitur
1262 4974 1330 5029 de
1368 4976 1586 5041 famosa
1631 4976 1731 5032 ina
1764 4990 1849 5045 op.
1890 4975 1971 5032 ad
2003 4975 2373 5031 Hotomanus·
2424 4990 2588 5047 quam

640 5045 819 5115 lepisti
861 5058 1039 5113 supra
1081 5044 1181 5100 sub
1217 5042 1295 5099 N.
1327 5042 1482 5100 3406.
1549 5045 1647 5100 Ex
1690 5061 1756 5101 ea
1805 5044 1922 5102 scil.
1955 5044 2273 5102 Balduimoe
2321 5043 2590 5101 nonnulla

640 5114 932 5195 excerpsit·
954 5114 1019 5167 ia
1055 5113 1187 5194 ,suis
1238 5112 1430 5168 libellis
1472 5120 1668 5170 eontra
1716 5112 2005 5170 Οαῐυίιιιιιι
2055 5113 2235 5195 editis,
2286 5113 2348 5169 ιἰι
2392 5114 2590 5235 quibus

640 5197 770 5238 vero
810 5189 998 5252 portua
1041 5198 1106 5236 m
1138 5181 1509 5237 Hotomanus·
1551 5184 1727 5238 solum
1766 5183 2054 5239 invehitur.
2101 5183 2279 5251 (Bm
2309 5198 2367 5253 p.
2437 5181 2507 5236 66
2539 5187 2591 5237 et

640 5250 790 5317 398.)
868 5251 982 5307 Hic
1026 5251 1165 5307 alter
1214 5251 1364 5306 lom
1407 5251 1501 5305 νὴ
1544 5250 1833 5307 Metram
1873 5251 2591 5324 potmquumnupmim

641 5320 856 5377 demun
888 5320 1064 5378 altera
1096 5320 1396 5390 Responsio
1429 5318 1579 5377 edita
1608 5319 1794 5385 lauit.

2145 389 2667 460 EPISTOLAE
2713 391 3141 458 3841—3844

4483 396 4579 461 508

2680 579 2926 647 dicium
2968 578 3141 664 quod
3183 577 3268 644 ad
3296 582 3694 662 postremam
3735 584 3917 644 tuam
3959 577 4303 663 epistolam
4324 577 4585 649 Calendis

2680 665 2968 751 Augusti
3041 664 3355 749 scriptam
3428 684 3560 731 non
3635 662 4082 748 respondeam,
4146 686 4347 749 quum
4405 672 4585 733 tamen

2680 749 2875 835 plena
2935 752 3025 818 sit
3087 750 3595 830 benevolentiae,
3663 757 3727 816 et
3791 751 4160 835 argumenti
4226 771 4360 817 non
4416 754 4584 834 parvi.

2679 834 2901 903 Audio
2944 835 3274 921 quendam
3317 836 3517 902 alium
3565 835 3980 922 divulgatum
4025 835 4270 902 librum
4313 834 4586 917 ἀνώνυμον,

2677 922 2748 987 in
2791 943 2921 1006 quo
2954 922 3343 990 Ambosiani
3375 923 3689 1006 temporis
3724 929 3915 989 autor
3948 922 4268 1002 meminit,
4314 933 4380 988 et
4406 943 4591 990 meum

2679 1009 3125 1075 testimonium
3183 1007 3367 1076 vobis
3420 1009 3728 1074 minatur.
3813 1009 3909 1074 At
3963 1027 4084 1094 ego
4142 1030 4371 1075 rursus
4409 1009 4590 1077 Deum

2681 1101 2886 1160 testor
2908 1146 2925 1174 ,
2992 1115 3100 1160 me
3164 1094 3333 1160 nihil
3396 1115 3686 1177 unquam
3750 1097 4052 1178 cuiquam
4116 1095 4447 1178 scripsisse
4499 1106 4593 1160 aut

2682 1178 3100 1247 scribendum
3152 1200 3432 1259 curasse,
3487 1180 3659 1263 quod
3715 1178 3800 1244 ad
3854 1178 4143 1246 infelicia
4194 1180 4313 1245 illa
4365 1179 4595 1246 consilia

2682 1264 3016 1350 prodenda
3096 1266 3202 1332 vel
3265 1264 3613 1332 indicanda
3678 1266 4049 1348 pertineret.
4159 1264 4314 1332 Scio
4377 1286 4486 1332 vos
4540 1266 4595 1331 in

2683 1353 3101 1419 concionibus
3162 1352 3402 1418 vestris
3414 1354 3471 1433 ⁰2)
3537 1361 3605 1416 et
3666 1359 3843 1417 certo
3899 1352 4104 1417 animi
4165 1350 4406 1418 iudicio
4463 1373 4599 1417 nun-

2682 1458 2881 1521 quam
2928 1438 3055 1504 ista
3107 1436 3432 1522 probasse,
3489 1446 3556 1504 et
3610 1437 3785 1502 illius
3830 1438 4140 1522 temporis
4191 1437 4455 1505 consilia
4505 1458 4597 1503 vos

2685 1523 2894 1589 celata
2950 1524 3154 1590 fuisse
3197 1522 3276 1590 de
3318 1523 3662 1589 industria.
3750 1523 4047 1590 Scribam
4093 1523 4176 1589 ad
4218 1522 4600 1602 BaIdnimm,

2684 1615 2753 1675 et
2794 1609 3127 1676 hominem
3171 1609 3529 1675 admonebo
3571 1610 3785 1675 officii.
3852 1608 4061 1676 Video
4104 1610 4283 1674 enim
4328 1630 4454 1675 non
4484 1608 4601 1674 sine

2683 1695 2919 1779 probro
2951 1697 3022 1761 in
3061 1696 3207 1762 istis
3240 1695 3508 1765 famosis
3548 1693 3784 1761 libellis
3827 1716 4047 1760 meum
4080 1715 4323 1762 nomen
4365 1696 4605 1779 aspergi.

2684 1781 3112 1866 Argentorati
3156 1784 3256 1848 29.
3304 1782 3595 1865 Augusti
3645 1784 3829 1847 1562.

3586 1919 3871 1984 Ioannes
3913 1917 4249 1984 Sturmius
4292 1926 4465 1984 tuus.

2719 2104 2903 2161 codes
2937 2094 3435 2175 Arqeatoratensis,
3471 2105 3673 2174 absque
3704 2104 4059 2174 inscriptione
4092 2110 4145 2159 ct
4175 2105 4578 2174 subscriptione.-

2820 2191 3187 2244 Vehementer
3221 2190 3379 2245 doleo
3414 2190 3739 2245 Balduinum
3783 2190 4048 2259 epistolae
4082 2207 4236 2244 mese
4271 2191 4451 2245 verbis
4483 2191 4613 2244 abuti

2684 2264 2877 2314 contra
2926 2265 3078 2313 tuam
3131 2267 3188 2311 et
3224 2260 3398 2313 Besae
3451 2259 3921 2313 existimationem.
4012 2258 4076 2312 In
4121 2275 4187 2314 ea
4231 2260 4462 2329 epistola
4501 2259 4615 2313 nihil

2684 2329 2906 2382 memini
2940 2345 3027 2382 me
3063 2343 3265 2396 ponere
3302 2327 3451 2397 quod
3484 2328 3553 2381 de
3589 2333 3822 2396 utroque
3864 2331 4106 2383 vestrum
4139 2329 4304 2383 simul
4338 2334 4432 2382 aut
4462 2328 4524 2382 de
4553 2329 4614 2380 al-

2688 2404 2806 2452 tero
2842 2413 3085 2451 seorsum
3108 2404 3275 2466 queat
3306 2413 3425 2449 esse
3461 2396 3831 2467 suspiciosum.
3879 2396 4082 2467 Scripsi
4116 2413 4236 2450 eam
4270 2397 4344 2450 ad
4377 2397 4615 2451 hominem

2684 2467 2753 2520 de
2798 2482 2906 2536 quo
2958 2466 3187 2519 meritus
3237 2480 3386 2519 eram
3436 2464 3575 2520 bene
3619 2467 3678 2518 in
3726 2483 3921 2535 magna
3963 2472 4022 2519 et
4054 2465 4397 2535 iniquissima
4427 2466 4621 2530 iniuria,

2684 2553 2811 2658 '133¹'-
2843 2535 3270 2657 “tsffss‘imo
3284 2534 3438 2656 flii?
3454 2534 3582 2656 02⁰⁶
3628 2550 3937 2657 3⁰⁰3⁰¹³
3961 2535 4038 2655 0³¹²
4063 2535 4239 2657 effim-
4272 2535 4533 2658 “miffi
4571 2540 4618 2655 {i

2763 2620 2831 2659 οι.
3091 2620 3121 2657 e
3205 2620 3238 2657 o
3513 2621 3565 2656 m
3702 2642 3718 2658 .
3839 2620 3870 2656 e
3905 2620 3960 2656 m
4029 2621 4062 2655 v
4192 2619 4272 2656 sic
4306 2621 4335 2657 s
4539 2621 4570 2657 ιι

2726 2689 2795 2728 ue
2844 2673 2905 2726 iu
2954 2672 3057 2726 hac
3103 2673 3336 2741 epistola
3381 2619 3679 2741 quidqnffm
3713 2689 3800 2726 me
3843 2673 3949 2725 scri
3989 2672 4125 2725 sisse
4172 2672 4431 2727 adversus
4480 2678 4532 2726 te
4571 2680 4619 2725 et

2686 2691 2898 2804 getam,
2947 2757 3124 2810 neque
3170 2757 3473 2810 quaequam
3517 2757 3756 2809 unquam
3803 2740 3873 2794 ad
3983 2758 4073 2794 um
4107 2739 4382 2795 hominem
4418 2741 4617 2796 antehac

2686 2810 2966 2880 scripsisse
3000 2810 3146 2880 quod
3179 2810 3285 2863 tibi
3317 2810 3494 2878 possit
3525 2810 3740 2864 officere
3775 2815 3871 2863 aut
3904 2809 4050 2879 quod
4083 2808 4186 2863 tibi
4221 2826 4334 2864 non
4370 2811 4444 2863 sit
4474 2809 4618 2864 hono·

2685 2880 2913 2935 rificum.
3044 2879 3096 2931 'd
3133 2917 3353 2933 .....
3390 2878 3536 2932 novi.
3584 2879 3782 2933 Exstat
3816 2879 3978 2932 etiam
4012 2878 4073 2931 in
4093 2879 4376 2932 veteribus
4411 2884 4619 2948 quatuor

2685 2949 2842 3002 novis
2865 2948 2965 3015 (sic
2989 2946 3210 3012 &aaa
3230 2964 3408 3002 meum
3427 2948 3496 3001 de
3529 2954 3586 3000 te
3605 2946 3878 3001 iudicium.
3913 2946 4093 3002 Velim
4126 2985 4353 3003 .....
4385 2948 4442 3002 in
4482 2948 4495 2960 ‘
4607 2986 4619 2998 .

2685 3018 2942 3072 Miseram
2980 3053 3197 3070 .....
3234 3015 3302 3070 ad
3335 3022 3667 3086 postremam
3684 3021 3834 3069 tuam
3868 3016 4085 3084 plenam
4107 3016 4517 3071 benevolentiae
4546 3032 4619 3085 ep.

2686 3101 2797 3168 non
2831 3085 3188 3155 respondeam
3234 3102 3400 3166 quum
3447 3093 3626 3166 tamen
3660 3101 3747 3138 me
3794 3085 3996 3138 iniuria
4009 3084 4335 3165 ‚aliquorum
4368 3085 4622 3140 hominnm

2684 3154 3125 3304 affini-‘affl
3144 3154 3379 3304 ἔξιτε,
3413 3152 4621 3304 ἑζᾶῖίιῑεεᾶςῒήεξετιέςψῶῗΐε

2688 3309 2870 3346 meum
2913 3296 3153 3345 minatur
3196 3298 3583 3345 testimonium.
3652 3292 3843 3346 Vereri
3888 3291 4026 3345 nilul
4059 3290 4251 3346 debes:
4286 3308 4463 3361 neque
4497 3291 4623 3360 quod

2689 3378 2856 3430 supra
2897 3361 3054 3431 posui
3099 3376 3211 3413 non
3253 3376 3390 3429 opus
3436 3366 3522 3414 est
3563 3360 3653 3414 hic
3696 3376 3758 3414 re
3828 3365 3963 3414 tere.
4033 3359 4188 3413 Istud
4234 3361 4405 3415 addo:
4438 3361 4545 3417 scio
4572 3360 4621 3412 in

2687 3430 3034 3484 concionibus
3082 3429 3194 3483 tuis
3242 3429 3579 3499 improbasse
3632 3438 3690 3483 te
3744 3429 3756 3440 '
3803 3428 3875 3483 ud
3924 3428 4129 3482 facinus
4177 3432 4234 3481 et
4277 3429 4384 3483 tibi
4429 3444 4622 3499 semper

2688 3499 3027 3568 displicuisse
3071 3503 3297 3552 cruenta
3340 3499 3562 3552 consilia
3606 3503 3665 3552 et
3707 3497 3852 3551 illius
3897 3502 4006 3551 tem
4049 3497 4160 3551 oris
4194 3498 4423 3552 consilia
4467 3503 4520 3552 te
4550 3512 4623 3550 ce-

2687 3568 2804 3621 lata
2846 3567 3026 3621 fuisse.
3096 3567 3341 3620 Scribam
3387 3567 3457 3621 ad
3501 3566 3844 3632 ledninum,
3886 3582 4020 3635 roga
4135 3570 4199 3619 ut
4241 3567 4482 3635 amicum,
4524 3581 4623 3620 mo·

2690 3635 2831 3691 nebo
2865 3641 2929 3689 nt
2960 3635 3330 3704 christianum,
3364 3644 3427 3689 ut
3458 3652 3546 3689 me
3570 3635 3811 3704 patiatur
3843 3651 3954 3689 non
3975 3635 4151 3689 solum
4184 3651 4220 3687 a
4251 3650 4311 3689 se
4345 3635 4448 3690 sed
4479 3636 4623 3689 ctiam

2690 3707 2760 3759 ab
2797 3705 2918 3758 aliis
2951 3705 3140 3759 amari.
3197 3705 3248 3758 A
3284 3720 3392 3774 quo
3426 3705 3519 3757 ille
3553 3705 3838 3773 epistolam
3872 3704 4023 3757 illam
4055 3703 4257 3757 habeat
4291 3705 4503 3758 nescio:
4537 3719 4625 3772 ego

2689 3775 2899 3856 dnobus
2934 3774 3107 3855 solum
3142 3773 3477 3827 concredidi:
3524 3773 3839 3854 Malerbiae‚
3877 3789 4038 3841 quem
4073 3772 4275 3854 novisti
4309 3777 4622 3854 ante-annos

2690 3858 2982 3966 πω
2998 3847 3419 3980 ..smum
3452 3839 4350 3992 {Js‘sss‘sssffifflzff
4365 3858 4495 3965 st?
4518 3857 4623 3990 a:

2690 3981 3051 4034 vulneratum.
3142 3979 3251 4033 Sed
3297 3986 3480 4033 tamen
3530 3980 3588 4033 in
3631 3978 3737 4035 hac
3788 3978 3927 4032 mlnl
3977 3978 4265 4032 adversum
4314 3985 4392 4035 te.
4458 3978 4624 4033 Nolim

2689 4053 2874 4102 tamen
2905 4048 3203 4117 divulgari:
3237 4064 3347 4102 non
3381 4054 3610 4119 propter
3642 4048 3887 4116 iniquum
3920 4063 4118 4108 meum,
4151 4047 4249 4101 sed
4322 4052 4509 4117 ropter
4538 4047 4622 4099 ali·

2690 4134 2826 4187 quos
2868 4133 3090 4187 magnos
3136 4117 3285 4172 viros
3329 4133 3557 4186 quornm
3602 4117 3667 4170 fit
3710 4117 3931 4171 mentio.
3999 4115 4124 4170 Non
4171 4132 4280 4185 qno
4363 4132 4496 4170 vera
4526 4116 4623 4168 sint

2691 4202 2830 4256 quae
2873 4186 2942 4239 de
2992 4185 3104 4241 illis
3155 4186 3373 4240 dixerat
3422 4185 3766 4241 adversarius
3815 4201 3989 4247 mens,
4038 4184 4136 4238 sed
4224 4185 4334 4240 uod
4378 4183 4620 4240 libentius

2688 4255 2933 4310 homines
2965 4254 3116 4309 falsis
3158 4254 3472 4310 criminibus
3521 4271 3682 4324 quam
3728 4255 3876 4309 veris
3908 4254 4155 4309 laudibus
4227 4253 4348 4308 dem
4384 4254 4619 4308 habeant.

2690 4325 2847 4389 Vale,
2882 4324 2957 4377 mi
2992 4323 3228 4379 Calvino.
3280 4323 3645 4395 Argentorati.

2826 4393 2980 4448 Luce
3012 4393 3222 4448 diurna
3254 4392 3462 4447 clarius
3504 4398 3583 4447 est
3615 4392 3760 4447 huuc
3793 4396 3994 4446 textum
4022 4390 4265 4473 primam
4292 4390 4471 4457 fuisse
4500 4390 4621 4460 opus·

2689 4461 2830 4519 totae
2863 4462 3348 4525 adumbrationem,
3382 4476 3522 4531 quac
3550 4467 3740 4530 postea
3771 4460 4128 4527 multura-cam
4157 4465 4371 4515 mutata
4409 4458 4621 4515 calm

2689 4531 2860 4587 missa
2905 4532 3019 4597 fuit
3058 4532 3143 4586 ita
3183 4529 3402 4599 quidem
3451 4535 3515 4585 ια
3553 4530 3716 4584 mul
3747 4529 3929 4584 Besae
3968 4528 4367 4585 insci-iberam.
4448 4526 4621 4582 Mean

2688 4601 2939 4669 Ammo
2974 4599 3112 4655 1562
3150 4599 3442 4667 Simius,
3473 4598 3590 4653 nisi
3619 4604 3794 4653 monte
3832 4602 4042 4665 copam,
4073 4597 4151 4653 ad
4185 4596 4473 4655 onlnem
4502 4598 4621 4653 scri·

2688 4671 2820 4723 bem
2854 4669 3195 4724 Raida-'num
3234 4668 3471 4722 αηιίοιιιιι
3513 4665 3693 4723 dicore
3735 4681 3848 4721 non
3876 4671 4106 4735 poterat.
4178 4665 4507 4723 malatham
4536 4665 4619 4720 toa·

2687 4737 2857 4792 buius·
2897 4734 3370 4791 N.290.295.-
3414 4732 3564 4804 Quia
3605 4735 4387 4804 ”mecanicum-aquamo-
4431 4733 4621 4792 atas·

2685 4804 3759 4942 ΖοφἭἭὲωυὲἀοω.
3828 4802 4621 4875 Auloqniwrdeeloyioln·

2688 4878 2964 4930 samsom
3152 4888 3226 4942 pr

2962 5015 3101 5024 -—-—=-

2893 5114 2951 5180 2)
2986 5112 3063 5169 N.
3097 5111 3252 5170 3374.
