4850 6117
259 390 380 452 597

255 594 405 639 rum
465 595 600 641 non
659 575 1054 658 dubitamus,
1098 578 1521 662 quantumvis
1577 585 1644 644 te
1684 585 1753 644 et
1794 576 2097 663 plurimis
2139 584 2207 643 et

256 659 669 745 gravissimis
726 663 1004 749 negotiis
1062 663 1340 731 distrahi
1395 665 1612 749 potius
1667 684 1861 748 quam
1905 664 2207 747 occupari

254 765 389 811 non
448 748 832 814 nesciamus.
920 748 1271 817 Caeterum
1325 759 1392 817 te
1436 753 1632 817 etiam
1684 750 1895 817 obiter
1936 770 2206 815 monen-

256 830 418 896 dum
462 832 789 912 duximus,
848 857 969 902 nos
1012 838 1320 903 certiores
1363 857 1504 902 esse
1555 837 1775 910 factos.
1821 835 2211 901 Heshusium

254 939 522 984 rursum
564 940 705 985 esse
745 920 1197 1007 Magdeburgo
1238 921 1584 1006 pulsum,⁴)
1617 922 1813 1007 idque
1845 922 2053 987 multo
2088 920 2207 986 du·

252 1003 396 1069 rius
477 1012 545 1069 et
624 1026 773 1071 cum
853 1008 1098 1073 maiore
1175 1008 1412 1092 probro
1485 1028 1681 1092 quam
1749 1008 2207 1091 Heidelberga.

253 1088 545 1157 Causam
604 1112 748 1158 esse
803 1093 989 1158 aiunt
1044 1091 1383 1160 seditiosas
1446 1094 1786 1161 conciones
1839 1105 1906 1158 et
1957 1093 2209 1160 occulta

254 1175 535 1242 consilia
589 1177 818 1243 eodem
875 1179 1292 1263 pertinentia.
1391 1180 1728 1264 Respondi
1781 1180 2034 1245 homini
2089 1199 2208 1263 pro

252 1280 406 1326 mea
449 1262 909 1342 mediocritate,
954 1266 1069 1330 sed
1103 1266 1267 1330 mihi
1303 1264 1485 1332 deest
1513 1266 1985 1351 typographus.
2038 1265 2206 1330 Nos-

251 1355 363 1412 tra
406 1356 476 1413 et
517 1349 745 1415 schola
801 1358 870 1414 et
922 1351 1196 1417 ecclesia
1252 1371 1384 1417 non
1424 1353 1690 1418 omnino
1729 1351 1973 1418 habent
2013 1350 2206 1429 male,

251 1454 492 1499 verum
562 1457 696 1500 non
771 1436 868 1501 ita
937 1436 1103 1503 bene
1157 1444 1356 1520 atque
1405 1444 1722 1522 optamus.
1808 1438 2030 1503 Deum
2074 1445 2205 1520 opt.

251 1541 434 1586 max.
486 1541 832 1604 precamur
901 1529 977 1587 ut
1029 1523 1150 1589 tibi
1204 1544 1323 1606 per
1374 1544 1566 1589 suum
1619 1524 1918 1607 spiritum
1983 1521 2208 1588 adesse

252 1607 420 1675 velit
461 1619 531 1673 et
573 1615 639 1672 te
682 1607 1099 1674 corroborare
1143 1609 1457 1676 adversus
1497 1617 1600 1674 tot
1633 1618 1978 1693 tantosque
2013 1607 2207 1674 Sata·

251 1713 383 1758 nae
448 1693 732 1759 insultus
799 1692 1032 1777 quibus
1085 1702 1151 1760 te
1215 1695 1473 1761 assidue
1537 1696 1823 1762 exerceri
1890 1694 2208 1760 audimus.

252 1781 404 1864 Ego
449 1793 516 1845 et
554 1779 840 1862 collegae
883 1779 999 1846 tibi
1043 1781 1265 1846 omnia
1304 1782 1521 1847 fausta
1556 1791 1874 1864 optamus,
1919 1790 1986 1845 et
2020 1788 2100 1845 ut
2141 1787 2208 1845 te

252 1865 465 1942 Deus,
520 1864 793 1930 Domini
837 1866 1047 1931 nostri
1087 1866 1242 1933 Iesu
1285 1866 1535 1934 Christi
1588 1875 1795 1951 pater,
1861 1875 1929 1930 te
1951 1868 1989 1905 ⁴·
2051 1887 2207 1932 suae

251 1949 569 2018 eeclesiae
619 1950 1012 2017 incolumem
1070 1961 1289 2019 servet
1340 1973 1698 2038 precamur.
1800 1953 1982 2019 Bene
2041 1951 2205 2019 vale.

251 2036 581 2122 Heydelb.
636 2043 731 2102 14.
782 2037 1119 2105 Decembr.

1458 2176 1643 2242 'l'uus
1688 2197 1771 2242 ex
1816 2176 2034 2242 animo

1580 2263 1940 2347 Boquinus.

1146 2804 1353 2876 8884.

877 2944 1119 3011 BEZA
1161 2942 1596 3010 CALVINO.

436 3115 690 3183 Relatio
743 3136 957 3181 renam
1004 3119 1321 3201 yestarum
1377 3137 1419 3180 a
1465 3114 1674 3181 Nonis
1718 3112 2085 3181 Novembris
2124 3114 2211 3181 ad

259 3202 432 3268 Idus
468 3200 844 3269 Decembris.

258 3374 412 3457 (Duo
486 3378 708 3428 exstant
773 3372 932 3454 huius
996 3373 1260 3443 epistolae
1326 3371 1640 3495 apographa
1700 3389 1864 3425 nanu
1928 3371 2209 3454 lonvillaei

256 3445 765 3566 fflssffpffl‘ss‘ssf.
784 3439 1918 3592 ¹30ffl5?,02‘⁵1ivxhlsloiip?li3?{ip⁸gfeffi
1951 3442 2208 3579 ’ἓτῗῖἑίῑ

255 3579 365 3635 359
412 3598 531 3634 cum
578 3580 932 3651 post-scripto
966 3580 1177 3634 Calvini
1223 3579 1369 3649 quod
1414 3578 1557 3632 infra
1598 3585 1890 3648 separatim
1935 3578 2210 3633 addemus.

254 3650 527 3721 Reperiss
568 3650 875 3704 recentiora
917 3649 1250 3730 exemplaria
1293 3649 1353 3701 in
1397 3648 1529 3702 Ood.
1575 3648 1779 3729 Gener.
1826 3646 1941 3716 119,
1987 3648 2082 3702 fol.
2124 3647 2211 3716 65,

258 3719 527 3775 Beruensi
561 3720 654 3775 vl.
689 3736 744 3789 p.
771 3717 909 3773 1030
942 3724 1000 3773 et
1034 3717 1355 3774 Simlerlauo
1390 3715 1508 3771 106.
1543 3716 1733 3771 Edidit
1764 3717 1934 3771 Baum
1971 3718 2043 3771 11.
2080 3733 2206 3787 app.

1124 3804 1176 3853 p.
1214 3785 1357 3853 196.)

434 3957 507 4026 S.
574 3960 827 4025 Ternas
893 3956 977 4024 ad
1019 3965 1105 4025 .te
1148 3958 1316 4036 dedi,
1375 3955 1490 4023 sed
1531 3957 1774 4040 primas
1832 3958 1963 4023 scio
2005 3957 2207 4022 inter-

260 4052 506 4130 ceptas,
563 4044 645 4110 de
679 4044 902 4111 alteris
935 4048 982 4124 ¹)
1039 4045 1278 4111 dubito.
1368 4043 1511 4108 Has
1554 4050 1774 4108 autem
1829 4043 1911 4108 ad
1954 4051 2021 4108 te
2063 4065 2210 4127 per-

260 4140 582 4197 venturas
633 4152 842 4216 spero.
929 4130 1137 4196 Valeo
1201 4137 1396 4214 prout
1450 4140 1708 4213 tempus
1766 4137 1834 4193 et
1893 4128 2072 4196 locus
2112 4129 2210 4194 fe-

260 4224 438 4284 runt.
526 4215 776 4283 Omnes
818 4215 983 4282 salvi
1039 4225 1108 4282 et
1146 4215 1522 4293 incolumes,
1578 4215 1719 4280 sine
1762 4213 1898 4279 ullo
1941 4235 2210 4300 prorsus

259 4302 672 4369 incommodo
714 4302 1058 4369 Pulverios
1075 4305 1133 4381 ²)
1184 4302 1627 4385 pervenimus,
1682 4298 1854 4383 quod
1896 4299 2209 4385 oppidum

466 4629 530 4693 4)
578 4643 637 4685 a.
673 4628 724 4682 d.
764 4627 891 4683 111.
939 4627 1088 4682 Non.
1139 4626 1254 4684 Oct.
1303 4625 1437 4682 1562
1476 4632 1764 4709 postquam
1806 4626 1990 4708 arpent
2035 4626 2211 4682 turbis

258 4697 1170 4834 mllfnaetmgsmfoerm
1198 4698 1694 4752 excommumcamt.
1728 4693 1914 4764 (Salnq
1945 4694 2042 4751 111.
2063 4693 2213 4763 935.)

463 4834 526 4898 2)
565 4835 869 4891 Pululerios
915 4833 1033 4889 117.
1083 4833 1386 4888 Pulvierios
1440 4833 1570 4891 Tur.
1606 4834 1755 4889 Hist.
1791 4833 1911 4888 secl.
1956 4831 2028 4886 11.
2072 4831 2213 4886 190.-

258 4905 338 4959 Le
373 4902 424 4958 7.
461 4910 520 4958 et
551 4904 602 4959 8.
637 4904 781 4959 Non.
818 4903 1233 4985 l’armeeportit
1259 4901 1605 4985 (d’Ovsleans)
1642 4909 1701 4986 et
1732 4902 1785 4957 le
1805 4902 1999 4984 Princo
2034 4918 2210 4972 apres,

258 4975 431 5030 tii-ant
464 4972 502 5029 a
533 4974 589 5026 la
635 4975 765 5027 ville
807 4973 877 5027 de
914 4972 1210 5027 Pithlviers
1246 4971 1530 5041 (Pymera)
1564 4970 1633 5026 00
1668 4973 1709 5025 11
1742 4989 1780 5042 y
1815 4977 1966 5025 avoit
1999 4968 2036 5023 4
2067 4987 2210 5025 eom·

408 5043 485 5096 'es
527 5042 598 5096 de
632 5059 767 5126 gens
816 5042 886 5096 de
922 5041 1048 5112 pied
1084 5041 1178 5110 qui
1226 5041 1593 5123 deliberet-ent
1628 5040 1930 5120 d’sttendre
1977 5040 2029 5093 le
2061 5040 2210 5108 siege

392 5128 604 5180 ngnans
637 5128 670 5193 a
703 5112 849 5165 leurs
883 5127 1126 5180 rempars
1162 5116 1220 5163 et
1264 5126 1434 5180 ayans
1468 5126 1571 5163 mis
1607 5110 1660 5163 le
1692 5110 1783 5165 seu
1815 5128 1851 5191 a
1884 5109 2029 5162 leurs
2060 5109 2211 5162 faux·

256 5179 508 5304 2¹2¹ss
541 5180 735 5304 &ms-‚11¹⁸
729 5196 889 5303 {¹³3⁸
905 5180 2210 5328 .2“‡22¹322.32⁰3⁸032..⁰t.22¹²135¹..1'332‘1J‘311

259 5318 425 5389 siege,
473 5318 570 5388 qui
615 5318 702 5371 fut
743 5318 796 5372 10
843 5317 928 5374 11.
996 5318 1076 5373 Le
1107 5318 1297 5389 prince
1329 5318 1472 5372 donc
1503 5334 1542 5387 y
1575 5321 1736 5370 entra
1768 5333 1901 5371 aveo
1932 5313 1971 5371 4
2002 5331 2210 5384 enseig-

1956 391 2114 454 1562
2159 385 2566 454 DEOEMB.

4130 394 4256 456 598

2310 576 2580 642 Aurelia
2636 576 2839 642 distat
2894 574 3119 642 decem
3173 575 3582 643 milliaribus.
3670 575 3773 643 Ibi
3830 578 4051 664 copias
4109 598 4256 645 con·

2305 662 2664 728 iunximus.
2750 661 2829 727 In
2883 681 3139 727 summa
3192 664 3484 746 equitum
3527 662 3736 728 millia
3778 684 3916 744 sex,
3956 663 4257 749 peditum

2308 769 2576 814 novem:
2622 746 2736 813 sed
2757 747 2977 813 nullae
3003 769 3295 831 unquam
3318 749 3498 813 visae
3534 757 3690 814 sunt
3722 750 3943 833 copiae
3977 751 4256 819 instruc-

2309 833 2512 899 tiores
2554 834 2664 900 vel
2705 833 3067 900 alacriores.
3133 832 3468 917 Oppidum
3492 855 3641 901 cum
3685 845 3936 919 septem
3956 836 4254 921 peditum

2308 921 2516 1003 signis
2568 941 2639 985 se
2681 918 2928 985 dedidit
2968 926 3116 1001 post
3158 940 3277 985 sex
3317 919 3631 985 horarum
3683 923 4259 1006 oppugnationem,

2309 1004 2554 1070 milites
2606 1005 2893 1071 inermes
2960 1005 3227 1083 dimissi,
3297 1005 3425 1071 duo
3488 1026 3573 1070 ex
3629 1006 3900 1074 ducibus
3953 1011 4257 1092 suspensi

2310 1101 2577 1174 propter
2618 1090 2878 1156 infinita
2918 1091 3191 1157 scelera:
3214 1095 3272 1166 8)
3318 1092 3611 1172 sacrifici,
3669 1100 3984 1177 quotquot
4024 1092 4104 1161 de
4150 1116 4257 1161 re-

2308 1175 2501 1242 hensi
2546 1183 2717 1255 sunt,
2762 1175 3105 1242 interfecti.
3186 1178 3295 1242 Ex
3330 1179 3572 1244 nostris
3608 1186 3741 1244 tres
3784 1186 4041 1245 tantum
4130 1181 4256 1247 esi-

2310 1261 2537 1342 derati,
2581 1263 2883 1346 quoniam
2929 1264 3268 1329 tormentis
3312 1263 3629 1329 duntaxat
3672 1266 4072 1348 pugnabant.
4134 1265 4258 1333 Se-

2308 1359 2516 1431 quuta
2555 1369 2712 1414 mox
2755 1358 2854 1413 est
2897 1347 3404 1432 Stamparum,⁴)
3449 1358 3516 1415 et
3558 1350 3849 1416 omnium
3896 1351 4261 1419 vicinorum

2308 1433 2697 1518 oppidorum
2741 1432 3001 1500 deditio.
3091 1434 3415 1500 Carnutes
3462 1437 3683 1501 statim
3728 1436 3873 1521 capi
3915 1445 4255 1521 poterant:

2310 1519 2425 1586 sed
2459 1522 2620 1585 vicit
2663 1539 2887 1585 eorum
2923 1521 3266 1598 sententia,
3313 1522 3423 1604 qui
3458 1521 3770 1588 Corbellii
3812 1532 4078 1607 pontem
4112 1544 4261 1590 cen·

2309 1614 2586 1672 suerunt
2648 1605 2860 1689 potius
2925 1605 3393 1688 occupandum.
3411 1608 3470 1685 ὅ)
3555 1605 3789 1691 Itaque
3857 1628 3933 1675 eo
3990 1609 4262 1675 deflexi-

2308 1713 2458 1757 mus
2519 1691 2601 1756 ad
2665 1691 2939 1771 laevam,
3007 1691 3122 1757 sed
3185 1691 3550 1758 infelicibus
3608 1694 3932 1776 auspiciis.
4035 1693 4257 1777 Quum

2310 1778 2487 1843 enim
2545 1777 2701 1843 urbs
2757 1779 3094 1860 repentino
3140 1778 3384 1861 impetu
3439 1777 3627 1845 facile
3679 1781 3823 1863 capi
3865 1790 4104 1864 posset,
4148 1801 4257 1848 ac·

2308 1872 2497 1947 cepto
2540 1863 2780 1928 nuncio
2825 1863 2904 1929 de
2946 1859 3010 1928 N
3013 1864 3312 1928 avarreni
3354 1863 3538 1929 obitu
3568 1866 3622 1947 θ)
3672 1872 3741 1929 et
3782 1865 3998 1932 missis
4040 1887 4083 1932 a
4124 1867 4258 1933 Re-

2308 1949 2467 2033 gina
2508 1948 2936 2015 internunciis
2978 1959 3333 2033 coeperunt
3367 1950 3578 2015 nostri
3619 1949 3815 2015 duces
3859 1950 3938 2017 de
3981 1970 4158 2034 pace,
4192 1959 4261 2018 et

2307 2035 2517 2100 nostri
2560 2034 2889 2118 Principis
2945 2034 3282 2119 dignitate,
3342 2036 3563 2102 nescio
3660 2036 3854 2102 uibus
3895 2038 4259 2105 rationibus

2307 2119 2678 2198 obtinenda,
2736 2121 3087 2186 somniare:
3135 2120 3454 2187 militibus
3509 2121 3621 2205 qui
3667 2142 3771 2187 em
3830 2122 4258 2190 frementibus

2308 2214 2377 2271 et
2417 2205 2606 2271 nobis
2649 2205 3176 2272 reclamantibus:
3224 2206 3338 2272 sed
3382 2208 3640 2273 frustra.
3709 2207 3823 2274 Sic
3866 2207 4069 2292 elapsi
4102 2217 4259 2276 sunt

2309 2292 2447 2358 dies
2481 2300 2775 2374 quatuor,
2821 2300 2889 2357 et
2921 2292 3167 2375 optima
3209 2293 3450 2358 omissa
3491 2294 3760 2371 occasi0,
3806 2303 4033 2360 autore
4067 2314 4259 2378 prae—

2307 2379 2535 2445 sertim
2575 2378 2765 2444 istius
2807 2377 2962 2442 mali
3011 2378 3297 2460 Gerizim)
3339 2377 3867 2461 perfidiosissimo
3909 2379 4260 2463 proditore.

2307 2464 2541 2547 Itaque
2594 2464 2967 2530 intromisso
3014 2463 3413 2530 validissimo
3470 2464 3756 2531 hostium
3809 2466 4148 2548 praesidio,
4193 2475 4262 2532 et

2308 2550 2547 2616 crassis
2590 2550 2933 2614 tormentis
2976 2568 3053 2614 00
3096 2550 3443 2627 convectis,
3509 2549 3737 2616 urbem
3804 2560 4063 2617 tentare
4126 2573 4260 2618 non

2308 2634 2574 2719 placuit.
2658 2633 2825 2699 Inde
2871 2635 3075 2719 igitur
3115 2636 3454 2701 Lutetiam
3509 2637 3697 2715 itum,
3757 2636 3873 2703 sed
3932 2637 4110 2704 lento
4152 2638 4259 2704 iti-

2307 2742 2484 2800 nere,
2550 2727 2619 2786 et
2678 2720 2923 2803 passim
2988 2722 3475 2788 occurrentibus
3536 2722 3771 2806 legatis
3835 2722 3945 2805 qui
4008 2725 4261 2792 obiecta

2308 2827 2423 2890 spe
2465 2807 2643 2890 pacis
2684 2827 2805 2872 nos
2846 2807 3270 2873 retardarent.
3356 2807 3494 2873 Vix
3535 2806 3798 2873 tandem
3840 2808 3937 2874 ita
3981 2818 4262 2892 quatuor

2310 2891 2556 2971 diebus,
2602 2891 2843 2958 omissa
2897 2913 3013 2976 spe
3053 2894 3249 2976 pacis,
3286 2893 3392 2959 vel
3435 2892 3548 2959 illo
3581 2894 3798 2978 potius
3831 2896 4083 2961 somnio
4127 2894 4256 2962 dis-

2310 2997 2516 3058 cusse,
2575 2979 2646 3044 in
2702 2978 3008 3045 Lutetiae
3071 2987 3488 3063 conspectum
3534 2980 3855 3059 venimus,
3909 2982 4141 3047 castris
4187 2982 4259 3047 in

2311 3268 2409 3306 nes
2442 3251 2511 3305 de
2530 3251 2770 3306 Gascons
2803 3253 3046 3307 donnaut
3078 3252 3133 3305 la
3167 3252 3364 3320 charge
3397 3250 3435 3307 a
3467 3250 3653 3307 Geulis
3688 3256 3748 3307 et
3781 3251 3814 3305 ὁ
3849 3251 4154 3308 Granmont
4187 3253 4258 3307 de

2310 3336 2371 3375 se
2421 3321 2584 3374 saisir
2637 3321 2735 3375 des
2788 3322 3080 3376 munitions
3133 3327 3192 3375 et
3242 3322 3424 3377 vivms
3477 3323 3572 3391 qui
3625 3337 3660 3388 y
3693 3321 3879 3375 furent
3921 3322 4143 3377 trouves
4188 3339 4256 3377 00

2308 3390 2513 3458 grande
2549 3390 2794 3459 quantita
2796 3429 3009 3446 .....

2512 3457 2574 3527 3)
2607 3458 2753 3516 Ibid.
2821 3460 3002 3525 Quant
3045 3476 3151 3512 aux
3203 3459 3406 3513 soldats
3453 3457 3611 3528 qu'on
3658 3476 3696 3529 y
3730 3463 3929 3514 trouva
3971 3476 4041 3514 on
4076 3460 4158 3514 les
4191 3460 4258 3514 fit

2307 3543 2583 3581 resserrer
2616 3528 2750 3581 dans
2781 3529 2835 3581 le
2879 3528 3082 3597 temple
3116 3525 3185 3581 ou
3218 3528 3284 3581 ils
3319 3528 3504 3581 furent
3535 3535 3660 3581 tous
3694 3526 3990 3583 desvalises
4023 3545 4256 3583 mesmes

2307 3595 2377 3649 de
2411 3595 2607 3666 l’espee
2654 3602 2712 3650 et
2761 3596 2830 3650 de
2863 3598 2918 3650 10
2951 3596 3140 3678 dagno,
3174 3612 3307 3649 avec
3341 3605 3580 3650 serment
3626 3596 3694 3649 de
3730 3612 3798 3649 ne
3845 3605 4032 3666 porter
4064 3598 4257 3652 iamais

2309 3665 2389 3718 les
2424 3680 2600 3718 armes
2635 3673 2821 3719 contre
2857 3666 2907 3719 10
2941 3665 3135 3718 Pnnce
3169 3671 3227 3718 et
3258 3666 3313 3718 la
3348 3665 3591 3733 religion.
3645 3666 3824 3731 Quant
3857 3681 3962 3717 aux
3997 3673 4261 3734 prestres,

2309 3750 2379 3788 00
2425 3750 2494 3787 00
2537 3739 2634 3786 tua
2675 3739 2868 3788 autaut
2910 3733 3069 3803 qu’on
3104 3750 3173 3787 en
3216 3739 3317 3802 put
3362 3739 3681 3787 rencontrer
3714 3733 3957 3786 d’autant
3990 3750 4261 3790 nommee-

2308 3807 2461 3856 ment
2503 3803 2659 3872 qu’ils
2703 3803 2922 3856 avoient
2965 3801 3082 3856 este
3126 3806 3270 3855 00010
3322 3818 3480 3856 cause
3527 3818 3632 3871 qus
3686 3802 3740 3854 la
3775 3802 3901 3855 ville
3937 3819 4006 3856 ne
4052 3803 4262 3859 s’estoit

2307 3871 2512 3924 rendae
2548 3870 2581 3924 0
2623 3873 2678 3925 10
2726 3872 2993 3942 premiere
3034 3871 3373 3924 sommation.
3446 3871 3598 3924 Deux
3644 3871 3956 3939 capitaines,
4009 3869 4047 3926 ὲ
4081 3874 4264 3927 saveir

2306 3957 2380 3993 00
2417 3940 2615 3994 Italion
2648 3941 2862 3994 nomme
2880 3940 3209 4009 Francisque
3229 3939 3482 4008 (loquela
3587 3944 3614 3992 t
3646 3938 3762 3994 este'
3794 3939 3912 4010 pris
3928 3946 4266 4009 anparavant

2308 4012 2366 4062 et
2399 4008 2589 4061 amone
2642 4012 2675 4064 a
2709 4008 2933 4063 Orleans
2969 4010 3118 4062 avoit
3151 4008 3267 4062 este
3303 4010 3477 4062 relase
3515 4007 3544 4061 e'
3581 4023 3707 4063 sous
3757 4025 4035 4078 promesse
4069 4010 4139 4064 de
4189 4027 4258 4065 ne

2307 4085 2497 4201 piorter
2531 4078 2653 4146 plus
2676 4078 2768 4160 ‘les-
2802 4093 2977 4131 armes
3025 4094 3090 4130 00
3127 4085 3274 4131 ceste
3307 4081 3530 4159 guerre)
3567 4084 3626 4130 et
3657 4094 3730 4130 00
3767 4077 3981 4131 nomme
4018 4079 4260 4134 Maturin

2308 4145 4262 4295 ..23¹3335.⁰⁸.¹z¹¹²2¹3¹13.221¹:.²⁸52¹¹22310⁶2.¹‡35.223202.⁹¹35.32·.2”233032

2307 4284 2940 4415 pendus433tlgtztiranlggps
2974 4284 3364 4405 lfflendegailii
3385 4284 3745 4406 1013810801οΪ
3765 4283 3863 4406 31¹2
3889 4285 4125 4378 marche.
4152 4354 4260 4409 ‘'o-t

2744 4392 2755 4404 .
2925 4373 2940 4402 .-
3103 4369 3385 4406 marca
3611 4369 3763 4405 ,0
3865 4371 4232 4416 ,msesi

2309 4420 2475 4475 retii-e
2511 4422 2578 4474 de
2614 4421 2750 4474 Sena
2802 4419 2835 4473 a
2869 4420 3157 4489 Estampes
3193 4438 3259 4474 00
3306 4420 3576 4474 intention
3624 4420 3712 4491 d’y
3748 4421 3883 4475 faire
3950 4439 3981 4476 0
4014 4424 4259 4493 magasin

2307 4490 2381 4544 du
2425 4505 2581 4558 camp
2627 4489 2700 4542 du
2735 4489 3085 4553 Triumvirat,
3128 4506 3187 4543 00
3234 4491 3404 4544 retira
3438 4507 3503 4543 en
3540 4495 3694 4543 toute
3729 4490 3998 4559 diligence
4032 4492 4261 4547 laissant

2305 4558 2342 4612 2
2375 4558 2657 4627 enseignes
2684 4558 2817 4611 daus
2852 4560 2906 4613 la
2938 4559 3068 4612 ville
3102 4560 3349 4628 laquelle,
3385 4577 3422 4629 y
3457 4563 3640 4611 estant
3673 4558 3889 4612 arrives
3922 4561 3978 4613 10
3994 4563 4261 4616 cavalerie

2307 4629 2489 4697 legere
2534 4627 2608 4680 du
2643 4627 2853 4690 Prince,
2902 4629 2992 4696 luy
3041 4630 3226 4681 ouvrit
3269 4630 3350 4682 les
3398 4633 3600 4697 portes,
3644 4626 3869 4681 s’estaus
3904 4629 3985 4682 les
4018 4647 4153 4699 gens
4187 4631 4260 4686 de

2306 4696 2436 4766 pied
2472 4695 2669 4749 retires
2703 4713 2771 4748 00
2807 4695 3061 4749 chasteau
3096 4702 3154 4749 et
3187 4697 3386 4750 reudus
3420 4696 3472 4749 le
3507 4695 3830 4749 lendemain.

2510 4763 2570 4833 5)
2596 4763 2737 4818 loia.
2756 4762 2886 4817 192.-
2939 4765 2997 4818 Si
3032 4781 3101 4817 00
3136 4764 3249 4818 fust
3282 4764 3386 4818 alle
3421 4763 3568 4818 droit
3599 4764 3636 4817 a
3652 4764 3810 4818 Paris
3844 4764 4053 4819 distant
4087 4767 4260 4822 seule·

2307 4839 2460 4887 ment
2501 4834 2571 4887 de
2622 4831 2688 4885 14
2732 4834 2933 4902 petitos
2984 4833 3171 4901 lienes,
3217 4835 3270 4887 le
3307 4833 3502 4888 Prinoe
3554 4849 3693 4902 pour
3737 4835 3787 4887 le
3822 4835 4001 4889 moins
4075 4837 4263 4890 ouvoit

2306 4902 2920 5040 ffl‘ssxffss‘303”3..¹›??.
2939 4900 4260 5041 ῗὲἔεῖἰῗὲῗψῖἳιέθῗέοξὲἒῖἳὲηἶῖἕοὲἷῖἓῖ.

2307 5047 2528 5094 eussent
2561 5038 2787 5093 souffert
2829 5056 2936 5092 une
2988 5045 3144 5108 perte
3178 5040 3536 5095 inestimable.
3607 5040 3745 5093 Mais
3790 5040 3830 5093 il
3904 5042 4020 5095 leut
4053 5040 4087 5094 0
4118 5041 4259 5095 Disu

2307 5109 2377 5163 de
2409 5108 2617 5163 bander
2649 5109 2730 5163 les
2764 5125 2901 5180 yeux
2935 5109 2968 5163 a
3004 5114 3129 5162 tant
3161 5108 3230 5162 de
3260 5108 3556 5177 capitaines
3591 5114 3649 5161 et
3694 5125 3827 5177 gens
3899 5108 4086 5177 ’ssprit
4192 5127 4259 5164 ur

2308 5178 2545 5249 prendre
2580 5178 2630 5231 le
2665 5177 2877 5231 chemin
2914 5179 2949 5232 a
2982 5176 3131 5232 coste
3164 5194 3265 5247 par
3297 5178 3352 5231 10
3386 5177 3550 5231 Ferte
3585 5178 3745 5231 Alaix
3777 5180 3836 5230 et
3870 5176 3904 5229 a
3938 5177 4130 5233 Corbei

2513 5246 2575 5312 6)
2609 5245 2742 5301 obiit
2776 5244 2858 5299 17.
2896 5244 3041 5302 Nov.
3077 5249 3139 5300 in
3172 5246 3401 5315 Andoly.

2516 5314 2576 5384 7)
2610 5316 2758 5371 Hist-
2791 5316 2914 5372 eccl.
2945 5315 3016 5371 11.
3054 5314 3171 5370 193.

3753 5394 3856 5451 38·
