4850 6117
216 392 335 456 677

215 599 502 666 agnosco
571 585 798 647 autem
859 585 1063 646 totam
1135 578 1319 647 illam
1374 578 1736 647 doctrinam
1790 579 2172 664 simpliciter

213 666 486 835 piam.2)
523 664 683 732 Non
737 661 1121 750 simpliciter
1180 665 1384 751 igitur
1437 685 1584 732 eam
1645 665 1848 750 probo
1904 674 2021 732 aut
2067 689 2170 733 re-

215 771 400 836 cipio.

381 836 703 920 Quatuor
736 843 960 903 autem
994 838 1378 922 praecipuae
1400 837 1668 903 fuerunt
1686 857 1919 904 causae
1939 858 2169 922 quam-

215 923 440 990 obrem
523 921 778 989 diutius
865 922 1187 989 noluerim
1266 922 1627 989 demctare
1686 922 1786 988 illi
1850 923 2169 989 formulae

215 1009 655 1077 subscribere.
721 1008 967 1090 Prima,
1008 1029 1094 1075 ne
1125 1007 1387 1094 publica
1428 1030 1559 1092 pax
1600 1015 1793 1093 atque
1827 1008 2171 1076 concordia

214 1116 331 1181 per
372 1114 487 1160 me
527 1115 744 1162 unum
785 1092 1225 1179 impediretur.
1293 1093 1532 1175 Altera,
1575 1115 1659 1160 ne
1701 1093 1971 1161 ecclesia
2004 1094 2168 1161 Gal-

215 1182 430 1248 licana
498 1201 660 1247 mea
709 1180 898 1263 culpa
959 1185 1380 1247 everteretur.
1409 1178 1465 1266 ⁸)
1550 1179 1698 1246 Hoc
1740 1181 1915 1245 enim
1956 1180 2168 1245 mina-

217 1266 480 1332 bantur.
577 1265 824 1342 Tertia,
889 1287 973 1332 ne
1014 1286 1181 1350 quae
1222 1284 1450 1349 sparsa
1492 1263 1572 1330 de
1614 1286 1719 1332 me
1760 1266 2021 1332 fuerant
2061 1285 2169 1332 ca-

216 1351 546 1419 lumniose
610 1357 679 1418 et
719 1351 880 1418 salso
926 1350 1280 1429 (contraria
1330 1357 1546 1417 autem
1601 1351 1810 1418 multa
1861 1351 1946 1418 iis
2009 1350 2168 1417 arti-

217 1437 380 1505 culis
448 1437 728 1503 fuerant
791 1436 872 1503 de
934 1457 1041 1502 me
1101 1456 1328 1521 sparsa
1387 1435 1457 1501 in
1521 1436 1795 1522 vulgus)
1859 1445 2168 1521 tanquam

218 1543 374 1589 vera
415 1524 995 1589 confirmarentur.
1055 1523 1420 1601 Postrema,
1464 1542 1549 1588 ne
1590 1523 1715 1588 toti
1747 1543 1930 1589 meae
1963 1522 2168 1588 bonae

222 1629 458 1675 causae
503 1608 722 1675 ullum
764 1610 1044 1675 facerem
1079 1608 1565 1690 praeiudicium.
1630 1605 1769 1673 Nisi
1801 1609 1979 1674 enim
2013 1605 2168 1674 sub-

224 1694 661 1777 scripsissem,
726 1715 875 1760 cum
940 1693 1302 1777 ignominia
1354 1694 1461 1778 (ut
1513 1694 1678 1759 mihi
1731 1693 2168 1770 asserebatur)

225 1778 531 1847 eiiciebar
623 1780 803 1847 urbe.
912 1779 1248 1861 Quantum
1324 1787 1542 1845 autem
1608 1779 1732 1844 hoc
1792 1778 2167 1845 obfuturum

223 1866 456 1932 fuisset
496 1885 759 1946 causae,
816 1885 1008 1930 nemo
1049 1885 1182 1930 non
1225 1864 1424 1932 videt.
1511 1864 1736 1947 Quum
1776 1865 1980 1950 igitur
2020 1884 2169 1947 pos-

225 1972 358 2017 sem
437 1950 620 2017 bona
700 1950 1098 2018 conscientia
1159 1950 1533 2034 praemissis
1597 1950 2169 2034 protestationibus

224 2044 411 2102 caute
453 2035 758 2103 articulis
822 2036 1242 2115 subscribere,
1308 2046 1375 2101 et
1428 2036 1899 2120 subscriptione
1953 2036 2171 2101 omnia

224 2122 347 2188 ista
389 2122 575 2189 mala
619 2130 818 2206 atque
859 2120 1271 2187 incommoda
1312 2122 1579 2201 evitare,
1641 2121 1846 2187 malui
1888 2119 2170 2188 subscri-

223 2208 374 2273 bere
453 2229 661 2292 quam
734 2217 1001 2292 propter
1065 2206 1348 2292 aliquam
1426 2228 1610 2274 meae
1672 2207 2170 2273 existimationis

226 2293 550 2359 iacturam
619 2301 718 2358 tot
760 2294 932 2359 mala
974 2299 1050 2358 ut
1092 2292 1436 2360 evenirent
1477 2293 2014 2378 subscriptionem
2057 2291 2169 2357 de-

225 2379 569 2446 trectando
615 2380 889 2446 efficere.

392 2465 682 2530 Interim
747 2474 971 2531 tamen
1035 2472 1450 2532 controversa
1524 2463 1819 2530 doctrina
1879 2463 2171 2529 nondum

227 2556 323 2615 est
383 2549 765 2630 diiudicata,
808 2549 879 2615 id
936 2549 1111 2634 quod
1164 2550 1405 2616 diserte
1447 2571 1577 2616 non
1627 2550 1827 2617 semel
1874 2548 2171 2616 Sulcerus

227 2635 383 2701 mihi
418 2634 626 2702 dixit:
666 2656 738 2702 se
771 2642 1030 2701 tantum
1050 2637 1310 2703 venisse
1342 2643 1420 2702 ut
1453 2644 1601 2719 post
1633 2635 2171 2702 condonationem

227 2721 626 2788 iniuriarum
669 2722 741 2786 in
782 2720 1130 2788 formulam
1172 2720 1503 2789 doctrinae
1544 2723 1614 2787 in
1650 2729 1981 2806 posterum
2017 2742 2169 2787 con-

229 2807 648 2886 sentiremus,
692 2828 822 2890 qua
864 2815 931 2874 et
973 2829 1105 2891 pax
1138 2808 1326 2874 fieret
1360 2815 1426 2873 et
1463 2807 1866 2875 concorditer
1899 2806 2170 2890 posthac

229 2891 296 2957 in
336 2893 568 2960 schola
621 2900 687 2959 et
730 2893 1003 2960 ecclesia
1045 2893 1400 2959 doceretur.
1488 2893 1713 2960 Habes
1754 2892 1907 2976 quid
1953 2901 2167 2959 actum

228 2977 328 3057 sit,
370 2978 470 3044 mi
513 2986 710 3064 pater
752 2977 934 3044 Erbi.
1020 2978 1175 3044 Non
1216 2977 1437 3046 dubito
1472 2979 1632 3061 quin
1675 2979 1842 3046 varii
1876 2999 2169 3044 rumores

232 3061 350 3132 hac
393 3062 478 3130 de
521 3086 599 3131 re
641 3084 798 3130 mox
841 3065 977 3131 sint
1018 3063 1386 3150 spargendi,
1441 3075 1518 3131 ut
1572 3064 1717 3131 fieri
1771 3064 1950 3130 solet.
2035 3062 2172 3130 Sed

230 3169 331 3215 res
371 3150 471 3217 ita
512 3150 735 3217 habet.
824 3154 923 3216 Ac
985 3170 1187 3234 quum
1230 3149 1447 3217 danda
1500 3158 1674 3217 esset
1715 3149 1947 3216 dextra
1989 3147 2171 3216 Mar-

230 3232 439 3302 bachio
482 3243 554 3302 et
599 3235 765 3315 aliis,
782 3237 840 3322 ⁴)
894 3235 1010 3301 diu
1051 3233 1175 3302 hoc
1217 3236 1418 3303 etiam
1460 3237 1775 3316 recusavi,
1815 3234 1986 3319 quod
2032 3235 2169 3301 vel-

231 3317 357 3386 lem
399 3322 589 3406 prius
633 3321 802 3388 scire
844 3342 930 3387 an
975 3319 1335 3388 doctrinam
1377 3342 1575 3406 quam
1608 3322 1953 3388 haereseos
1986 3320 2168 3388 dam-

232 3414 475 3472 narunt
516 3405 737 3473 adhuc
779 3427 896 3491 pro
961 3406 1289 3474 haeretica
1352 3408 1639 3488 haberet,
1696 3426 1819 3472 nec
1860 3427 1971 3473 ne:
2036 3425 2169 3471 non

233 3490 404 3558 enim
447 3513 645 3577 posse
689 3492 830 3558 dari
873 3492 1173 3559 dextram
1215 3493 1346 3558 nisi
1385 3492 1571 3576 prius
1612 3492 1949 3559 consensio
1982 3492 2068 3558 sit
2099 3491 2169 3557 in

234 3574 526 3645 doctrina
571 3577 653 3644 de
695 3577 1028 3663 religione.
1115 3579 1211 3644 At
1252 3577 1544 3644 Suzoerus
1594 3578 1759 3643 mihi
1800 3578 2167 3656 affirmavit,

234 3661 300 3726 in
343 3662 509 3731 duos
551 3671 813 3730 tantum
850 3662 1014 3730 fines
1047 3664 1183 3747 peti
1217 3671 1294 3729 ut
1327 3663 1519 3729 detur
1553 3663 1849 3730 dextera:
1895 3684 2167 3746 quorum

236 3767 403 3815 unus
468 3759 616 3816 erat
671 3757 749 3815 ut
811 3749 923 3815 illo
987 3748 1279 3835 symbolo
1342 3750 1859 3829 testificaremur,
1926 3767 2046 3814 nos
2087 3769 2170 3813 ex

237 3834 450 3899 animo
501 3835 778 3902 iniurias
834 3836 1114 3902 invicem
1156 3834 1581 3901 condonasse:
1655 3835 1821 3900 alter
1874 3840 1950 3899 ut
1991 3854 2170 3919 sym-

241 3915 452 3985 bolum
494 3922 696 3988 etiam
738 3928 928 3999 esset,
972 3942 1093 3986 nos
1128 3941 1212 3987 ex
1244 3921 1459 3986 animo
1493 3922 1564 3985 in
1606 3919 1952 3986 formulam
1988 3918 2170 3984 illam
2205 3935 2213 3942 ·

242 4001 570 4073 doctrinae
635 4007 1068 4074 consensisse:
1135 4006 1258 4073 hac
1321 4026 1480 4073 vero
1544 4005 1851 4073 dexterae
1915 4025 2169 4090 porrec-

433 4346 492 4415 2)
529 4348 645 4403 Hic
674 4347 745 4416 cf.
787 4347 1021 4404 &urnii
1051 4346 1267 4416 Antipa
1345 4386 1358 4400 .
1391 4345 1491 4403 1v.
1517 4360 1580 4416 p.
1617 4343 1750 4400 17οε
1782 4347 1935 4412 Quod
1968 4346 2170 4402 formu-

240 4410 324 4467 lae
355 4416 676 4472 concordiae
711 4422 1002 4472 renovatae
1025 4416 1237 4471 Zancus
1312 4417 1418 4470 'sce
1451 4415 1636 4470 verbis
1669 4416 2074 4485 subscripserit:
2109 4423 2170 4472 ut

234 4482 384 4546 piam
417 4500 532 4540 esse
564 4485 749 4541 &adico
782 4487 866 4541 ita
906 4486 1202 4549 subscribo,
1245 4500 1355 4539 non
1397 4484 1514 4538 sine
1549 4501 1711 4538 causa
1752 4485 1893 4541 fecit.
1972 4485 2048 4539 Et
2089 4486 2170 4539 ita

242 4552 674 4609 subscribendum
710 4560 796 4609 est
830 4556 958 4625 quia
990 4556 1047 4609 in
1082 4554 1309 4608 ccclesia
1336 4552 1536 4608 Christi
1569 4554 1787 4608 nimium
1821 4559 2049 4623 possunt
2081 4571 2168 4609 ca·

241 4616 481 4677 lumniae.
543 4624 620 4677 Et
654 4640 771 4694 ego,
805 4625 1024 4677 tametsi
1057 4623 1379 4692 simpliciter
1412 4622 1839 4692 subscripserim,
1871 4627 2054 4678 tamen
2087 4623 2170 4677 ita

241 4689 651 4813 abstitit
693 4708 821 4828 22¹¹}
828 4692 1340 4827 ὅὲἓὶῖῗῖῗοέἕῗ.
1355 4690 2165 4830 ῗῧοοΐῶᾱὲἔὲιῑέἒέᾟί

245 4837 410 4910 qnam·
429 4826 618 4909 telices
645 4833 798 4910 etpe
838 4828 895 4882 ui
922 4828 1304 4909 ,aestimatores
1337 4828 1458 4882 sitis
1493 4844 1561 4882 ex
1588 4827 1674 4881 his
1697 4842 1834 4896 quae
1849 4800 2162 4883 instittiistis

245 4898 299 4944 et
319 4901 496 5040 ῳιξ)
516 4896 854 5035 fanalsduztuoa
898 4904 1294 5035 &script-‘mne
1343 4963 1563 5046 minime
1602 4963 1901 5046 impe-dicit.
1984 4962 2162 5033 Quum

245 5039 377 5083 enam
426 5031 738 5089 Holbracus
782 5035 1117 5091 subeon-avere
1156 5038 1473 5095 recusasset,
1529 5048 1645 5102 npso
1689 5034 1948 5089 dunstane
1989 5039 2066 5089 eat
2113 5040 2165 5090 et

243 5095 394 5152 aedes
427 5098 483 5155 S.
517 5101 774 5158 Andreae
806 5104 860 5158 en·
888 5103 1140 5158 ecclesiae
1169 5114 1450 5157 concessas
1482 5101 1536 5156 d.
1566 5100 1650 5155 19.
1670 5102 1912 5174 Anapum·
1944 5100 2164 5158 clausae

241 5161 471 5226 fumat.
537 5170 839 5236 (Βοιὼ-ἰώ
869 5171 970 5226 111.
1002 5169 1145 5238 115.)

435 5237 492 5303 4)
527 5239 604 5295 In
649 5239 861 5297 soleam·
904 5245 1181 5308 οοκυεκω,
1215 5237 1483 5310 postridie
1516 5239 1948 5310 subscriptionis,
1986 5239 2041 5295 d.
2077 5239 2160 5294 19.

251 5298 442 5361 Martii
466 5306 737 5375 (samiae
765 5310 799 5366 l.
836 5310 873 5368 1.
901 5326 959 5382 p.
991 5307 1138 5377 65⁷).

1979 394 2142 459 1563
2187 393 2469 462 MART.

4087 402 4219 468 678

2269 583 2445 649 tione
2494 581 2752 650 nullum
2806 584 2949 650 fieri
3005 583 3474 669 praeiudicium
3533 593 3989 656 confi-oversae
4053 587 4213 656 reli·

2267 689 2434 751 quae
2470 667 2798 735 doctrinae
2841 690 3005 754 quae
3057 690 3098 735 a
3154 690 3227 736 se
3282 691 3417 737 non
3480 671 3605 738 fuit
3646 671 3948 741 iudicata.
3993 711 4083 725 —
4125 710 4215 723 —-

2270 758 2815 834 ————u

3048 1043 3445 1055 -—-———-——-

3136 1299 3330 1371 3⁹21.

2677 1453 3336 1523 BULLINGERUS
3381 1454 3810 1525 GALVINO.

2443 1623 2694 1692 Gratiis
2726 1626 2882 1690 actis
2909 1647 3031 1708 pro
3052 1628 3191 1693 eius
3223 1627 3423 1693 litms
3442 1647 3545 1692 res
3573 1627 3856 1696 Gallicas
3877 1634 3932 1695 et
3951 1629 4205 1711 quidm

2263 1711 2516 1794 faustas
2558 1709 3015 1791 exponentibus,
3058 1712 3193 1793 ipse
3235 1733 3394 1795 quae
3434 1714 3521 1779 ad
3573 1733 3707 1778 rem
3746 1715 3992 1781 audivit
4031 1736 4206 1798 pau-

2265 1796 2358 1863 cis
2398 1795 2608 1863 tradit.
2698 1794 3028 1881 Neyotium
3073 1797 3559 1865 Pellizariorum
3599 1803 3861 1866 metavit.

2268 1966 2379 2032 (Ex
2431 1970 2658 2035 autogra
2695 1965 2767 2021 ho
2814 1968 2977 2025 Arch.
3012 1969 3191 2023 Turic.
3229 1968 3371 2023 Plut.
3403 1969 3501 2025 VI.
3554 1970 3673 2024 Vol.
3712 1969 3825 2036 129,
3885 1970 4014 2024 olim
4056 1971 4180 2043 Epp

2456 2034 2608 2090 Tom.
2713 2076 2728 2105 ,
2766 2036 2941 2094 Scrin.
2975 2037 3035 2092 B.
3070 2038 3161 2093 fol.
3211 2037 3330 2093 454.
3369 2067 3430 2077 —
3471 2039 3683 2094 Simler.
3717 2040 3845 2095 Vol.
3883 2039 4026 2106 106.)

2439 2205 2819 2274 Clarissimo
2883 2209 3025 2275 viro
3079 2207 3162 2274 D.
3217 2209 3451 2275 Ioanni
3495 2208 3769 2276 Calvino
3821 2209 4203 2277 fidelissimo

2267 2289 2675 2358 Genevensis
2718 2292 3024 2360 ecclesiae
3066 2293 3314 2376 pastori
3357 2294 3615 2360 domino
3651 2316 3794 2360 meo
3829 2296 4098 2363 colendo
4131 2304 4202 2363 et

2265 2376 2453 2443 fratri
2493 2377 2687 2463 longe
2727 2379 3078 2446 carissimo.
3818 2466 4034 2534 Genffi

2440 2631 2511 2700 S.
2557 2633 2643 2700 D.
2729 2634 2913 2701 Nihil
2956 2635 3131 2702 aliud
3192 2657 3457 2721 possum
3508 2637 3864 2722 rependere
3906 2638 4044 2717 tibi,
4089 2635 4207 2704 do-

2270 2720 2450 2784 mine
2494 2718 2943 2788 colendissime
3007 2730 3073 2788 et
3134 2722 3339 2788 frater
3400 2725 3747 2804 carissime,
3813 2744 3931 2808 pro
3984 2722 4206 2790 labore

2271 2813 2337 2869 et
2378 2804 2718 2889 diligentia
2760 2813 2891 2886 tua,
2935 2828 3064 2891 qua
3107 2815 3330 2874 exacte
3384 2807 3467 2874 ad
3520 2829 3643 2876 nos
3695 2808 4041 2893 perscribis
4093 2830 4205 2875 res

2273 2889 2580 2971 Gallicas,
2647 2912 2841 2975 quam
2903 2892 3264 2976 gratiarum
3333 2896 3666 2961 actionem.
3768 2896 3999 2978 Itaque
4062 2900 4205 2960 tam

2270 2976 2549 3041 fratrum
2625 2997 2821 3061 quam
2883 3000 3027 3045 meo
3091 2981 3355 3046 nomine
3419 2980 3739 3047 maximas
3802 2979 4205 3046 humanitati

2271 3067 2423 3127 tuae
2466 3062 2710 3147 gratias
2752 3083 2889 3148 ago.
2965 3064 3359 3147 Recepimus
3393 3066 3570 3131 enim
3606 3074 3672 3131 et
3713 3066 3992 3150 legimus
4034 3084 4209 3149 quae

2276 3151 2352 3211 15
2396 3147 2627 3213 Martii
2671 3157 2736 3214 et
2786 3154 2860 3213 19
2927 3151 3261 3234 scripsisti.
3288 3155 3340 3229 ¹)
3425 3150 3637 3217 Valde
3689 3150 3917 3216 laetati
3974 3171 4205 3218 sumus

2270 3240 2335 3299 et
2377 3234 2631 3318 egimus
2674 3234 2819 3300 Deo
2863 3236 3109 3320 gratias
3150 3237 3262 3321 qui
3325 3257 3476 3303 suos
3529 3256 3664 3302 non
3725 3236 3968 3303 deserit
4022 3244 4089 3302 et
4129 3238 4205 3303 in

2271 3319 2669 3386 moeroribus
2726 3320 3112 3387 consolatur.
3211 3319 3497 3389 Oramus
3548 3320 3775 3388 sedulo
3838 3321 4205 3388 Dominum

2271 3412 2348 3470 ut
2384 3405 2627 3471 nostris
2690 3405 3069 3473 benedicere
3124 3414 3372 3493 pergat,
3427 3408 3646 3474 hostes
3701 3408 3807 3476 vel
3865 3414 4206 3476 convertat

2267 3489 2374 3558 vel
2419 3496 2669 3557 sternat
2710 3497 2779 3556 et
2820 3491 2971 3559 huic
3014 3492 3183 3558 bello
3236 3493 3689 3560 cruentissimo
3760 3495 4009 3561 exitum
4062 3492 4209 3561 feli·

2268 3596 2409 3643 cem
2485 3597 2603 3659 per
2677 3597 2901 3661 pacem
2970 3579 3146 3663 piam
3222 3599 3299 3646 ac
3371 3578 3668 3645 stabilem
3729 3578 4071 3665 largiatur,
4113 3604 4201 3649 ne

2265 3662 2510 3729 frustra
2549 3668 2651 3728 tot
2688 3670 2756 3728 et
2795 3670 2980 3729 tanta
3018 3665 3193 3748 passi
3236 3665 3371 3732 sint
3409 3664 3539 3731 viri
3579 3663 3753 3732 boni.

2445 3747 2660 3814 Vicini
2700 3750 2918 3832 nostri,
2949 3749 3223 3818 militem
3279 3750 3388 3818 vel
3443 3751 3968 3836 supplementum
4007 3752 4207 3819 mise-

2271 3840 2431 3900 runt
2473 3837 2557 3900 20
2599 3834 2817 3900 Martii
2858 3842 2926 3901 et
2966 3834 3228 3919 quidem
3272 3835 3685 3902 collectitium
3730 3847 3798 3902 et
3839 3858 4070 3920 parum
4102 3839 4204 3903 in·

2271 3927 2594 3986 structum
2642 3923 2822 4001 1500,
2882 3920 2993 3987 alii
3035 3922 3220 3987 aiunt
3264 3943 3404 3988 esse
3447 3927 3632 3989 2000.
3719 3923 3992 3990 Utinam
4031 3923 4204 4008 vigi-
4244 3947 4251 3955 ·

2271 4002 2409 4071 lent
2448 4004 2693 4084 fideles,
2757 4027 2841 4071 ne
2881 4006 3124 4072 iterum
3158 4008 3337 4089 pacis
3379 4017 3722 4092 praetextu
3770 4008 3953 4076 novis
3996 4009 4203 4094 copiis

2269 4110 2341 4157 se
2382 4090 2718 4156 instruant
2757 4090 2981 4159 hostes
3023 4098 3089 4157 et
3124 4100 3378 4160 nostros
3421 4114 3503 4177 op
3550 4095 3809 4160 rimant.
3881 4092 4204 4160 Audimus

2270 4175 2467 4254 enim,
2511 4176 2725 4242 nescio
2769 4183 2992 4242 tamen
3034 4199 3229 4261 quam
3268 4185 3445 4247 certo
3553 4184 3827 4246 araneam
3876 4180 4204 4246 iuniorem

2272 4261 2633 4346 Guysianis
2678 4261 2998 4329 adducere
3041 4264 3292 4346 equites
3336 4269 3504 4331 2000
3560 4286 3642 4331 ex
3682 4265 3968 4350 Belgico.
4055 4267 4201 4332 Au·

2272 4346 2487 4414 dimus
2527 4355 2863 4432 praeterea
2902 4349 2975 4414 in
3019 4349 3382 4416 Germania
3423 4350 3639 4435 colligi
3673 4350 4037 4418 ducentena
4054 4351 4208 4417 mil·

2268 4433 2356 4499 lia
2399 4452 2743 4499 aureorum
2785 4455 2904 4517 pro
2953 4433 3211 4519 Guysio.
3296 4435 3503 4520 Spero
3546 4438 3674 4502 ista
3713 4438 3948 4515 omnia,
4003 4437 4203 4503 simul

2269 4538 2345 4584 ac
2386 4518 2712 4586 audierint
2753 4520 3022 4602 periisse
3071 4521 3401 4604 Guysium,
3455 4522 3527 4588 in
3568 4521 3746 4589 leves
3788 4523 4044 4588 abitura
4084 4543 4205 4590 au·

2267 4624 2394 4671 ras.
2482 4603 2588 4671 De
2644 4606 3022 4689 captivitate
3080 4606 3482 4692 Lotharinyii
3527 4606 3900 4673 Cardinalis
3913 4609 3975 4687 ²)
4031 4609 4203 4676 nihil

2264 4690 2728 4843 3:3⁰3&
2764 4689 2879 4843 ti.
2907 4692 3340 4846 ”mitt
3354 4691 4205 4864 ‘iffi'ffll‘sssff‘ssffinffil

2263 4871 2629 4946 peratorem
2673 4860 3043 4947 Oeniponti,
3110 4873 3177 4930 et
3233 4873 3545 4932 tractasse
3596 4864 3678 4931 de
3720 4867 3967 4950 nuptiis
4023 4867 4204 4931 inter

2466 5101 2528 5172 5)
2559 5100 2794 5184 Scripta·
2814 5118 2926 5158 esse
2948 5109 3132 5185 potest
3162 5102 3263 5160 hoc
3293 5104 3416 5173 ipso
3450 5104 3541 5159 die
3564 5103 3648 5160 19.
3671 5105 3888 5171 Martii,
4052 5103 4207 5160 Zan-

2258 5171 2478 5295 33⁸2?
2546 5256 2659 5296 „a”
2687 5171 3009 5298 emt-‘'u’'
3040 5190 3173 5228 nam
3206 5174 3273 5230 de
3306 5189 3412 5229 sua
3442 5175 3774 5244 profectione
3804 5190 3841 5229 n
3977 5173 4130 5230 aicit.

2463 5308 2524 5378 2)
2552 5310 2734 5376 falsus
2766 5317 2885 5368 erat
2918 5327 3122 5367 rumor.
3679 5394 3789 5451 43·
