4850 6117
310 426 385 487 41
2045 421 2202 486 1561
2251 417 2580 489 OO'l'OB.
4188 422 4274 489 42

310 614 489 677 catus
521 613 624 674 est
655 627 742 673 ne
764 605 921 691 quid
940 606 1262 674 accideret
1280 606 1636 674 molestiae.
1693 607 1949 674 Exorta
1971 614 2071 674 est
2092 630 2238 675 rur·

309 714 416 760 sus
456 713 627 760 nova
649 692 1054 777 querimonia
1073 692 1347 760 Italicae
1379 693 1706 773 ecclesiae,
1742 693 1913 778 quod
1946 694 2239 762 clandes-

307 779 462 846 tinis
510 779 761 845 artibus
811 777 1135 863 simplices
1176 800 1214 845 e
1254 779 1455 863 vulgo
1495 779 1945 846 imbuerentur
1972 801 2238 864 perver-

308 866 393 933 sis
446 864 580 931 illis
633 864 898 930 deliriis.
1000 863 1229 930 Vocati
1250 868 1302 944 ⁷)
1359 865 1565 949 igitur
1607 873 1763 932 sunt
1805 865 1888 931 ad
1932 868 2239 933 consisto-

305 952 471 1016 rium
513 948 878 1017 Blandrata
921 956 988 1015 et
1026 950 1141 1016 alii
1181 948 1461 1034 quidam.
1538 949 1720 1017 Satis
1754 951 1995 1018 habere
2029 950 2238 1031 debet,

306 1034 473 1121 quod
537 1036 738 1102 fuerit
801 1035 1044 1119 absque
1103 1037 1470 1121 ignominia
1510 1035 1833 1104 dimissus.
1938 1036 2241 1104 Calvinus

305 1123 495 1189 etiam
520 1141 637 1188 ore
670 1142 791 1189 suo
823 1122 1014 1187 iussit
1045 1122 1258 1205 ipsum
1296 1143 1439 1188 esse
1474 1143 1806 1189 securum:
1842 1143 1919 1188 ac
1941 1123 2240 1207 promisit

305 1228 373 1276 se
393 1205 700 1273 daturum
722 1226 986 1291 operam
1009 1228 1093 1273 ne
1122 1207 1338 1274 fraudi
1360 1217 1580 1275 essent
1603 1229 2026 1293 quaecunque
2047 1217 2240 1275 antea

304 1300 646 1377 peccasset.
704 1293 1051 1377 Aliquanto
1070 1300 1220 1376 post
1251 1304 1545 1378 tempore
1567 1296 1622 1378 ⁸)
1658 1315 1862 1378 quum
1894 1295 1963 1359 in
1987 1294 2237 1360 audito-

302 1379 473 1446 rium
520 1378 776 1445 Calvim'
818 1380 1154 1463 ingressus
1199 1385 1372 1446 esset
1404 1400 1577 1446 unus
1621 1402 1708 1445 ex
1741 1387 2019 1464 quatuor
2051 1401 2238 1464 prae-

302 1460 546 1532 sidibus
583 1472 851 1530 senatus
895 1471 1087 1549 (quos
1117 1473 1360 1532 vocant
1393 1465 1729 1550 syndicos)
1760 1465 1958 1550 idque
1992 1474 2066 1532 ut
2098 1476 2240 1531 tum

300 1549 628 1634 legentem
676 1548 1009 1616 Calvinum
1048 1550 1320 1629 audiret,
1343 1555 1397 1625 ⁹)
1431 1551 1792 1619 Blandrata
1833 1553 1942 1636 qui
1976 1551 2239 1618 lectioni

300 1637 637 1712 intererat,
674 1656 826 1701 mox
864 1635 1123 1702 sudario
1159 1637 1424 1704 naribus
1458 1638 1754 1723 opposito
1788 1658 1865 1704 ac
1897 1639 1954 1704 si
1975 1637 2241 1722 sanguis

300 1723 549 1802 flueret,
599 1742 670 1788 se
709 1722 784 1787 in
825 1721 861 1785 f
985 1743 1052 1786 m
1095 1722 1438 1807 proripuit,
1484 1745 1604 1790 nec
1646 1730 1870 1807 postea
1902 1724 1975 1788 in
2008 1722 2240 1788 urbem

301 1826 610 1874 reversus
652 1814 769 1873 est.
856 1742 1044 1874 {flacc
1086 1816 1187 1873 est
1233 1808 1481 1875 Caluini
1522 1808 1891 1888 crudelitas,
1937 1809 2050 1894 qui
2091 1829 2240 1892 per-

302 1913 557 1959 versum
616 1892 945 1959 hominem
1002 1901 1067 1958 et
1124 1894 1577 1961 turbulentum
1633 1895 1855 1961 fovere
1909 1902 2129 1960 tamen
2156 1893 2241 1980 ²⁰)

301 1975 566 2046 studuit.
636 1978 823 2045 Haec
857 1985 959 2045 est
989 1979 1361 2046 innocentia
1381 1980 1789 2060 Blandratae,
1826 1999 2018 2064 quem
2053 1999 2239 2064 prae·

286 2066 562 2150 cipitem
622 2066 757 2150 egit
798 2065 973 2130 mala
1013 2066 1439 2133 conscientia:
1496 2067 1746 2150 fuitque
1789 2066 1888 2131 illi
1929 2065 2240 2146 carnifex,

303 2171 499 2234 quum
542 2172 739 2217 nemo
782 2158 955 2216 esset
994 2151 1319 2219 inimicus.
1400 2152 1736 2219 Gonoessit
1770 2152 2116 2238 'l‘igurumz
2155 2171 2242 2216 an

302 2236 429 2303 illic
468 2258 542 2303 se
591 2239 835 2303 rectius
878 2238 1176 2321 gesserit,
1219 2245 1544 2304 testantur
1577 2238 1661 2304 D.
1710 2238 1887 2304 Petri
1930 2236 2244 2320 Martyris

302 2320 544 2389 literae.
577 2322 666 2407 ¹²)
750 2323 858 2389 Ex
895 2323 1169 2389 Polonia
1203 2323 1445 2390 multas
1479 2323 1652 2391 faces
1694 2324 2002 2389 ialulatus
2037 2332 2136 2390 est
2157 2321 2242 2388 ad

303 2407 751 2474 renovandum
786 2407 1182 2474 incendium.
1239 2408 1529 2475 Gonatus
1564 2417 1665 2476 est
1695 2409 1903 2476 modis
1938 2409 2242 2475 omnibus

300 2491 685 2560 labefactare
763 2493 1154 2577 simplicium
1231 2494 1446 2560 fidem.
1537 2496 1629 2561 Et
1707 2495 1960 2562 cuidam
2032 2495 2243 2561 amico

305 2581 580 2663 scripsit,
622 2577 867 2647 vadum
911 2600 981 2645 se
1022 2580 1344 2662 reperisse
1387 2581 1457 2645 in
1500 2580 1629 2646 illis
1672 2579 2011 2666 profundis
2055 2579 2242 2665 aquis

304 2663 407 2729 ubi
449 2673 612 2730 ante
655 2665 892 2731 dubius
937 2665 1218 2732 natabat.

462 2751 578 2816 En
619 2771 737 2816 cur
771 2750 1067 2816 debuerit
1099 2753 1443 2836 quisquam
1468 2754 1556 2834 ²²)
1590 2753 1921 2853 suscipere
1956 2752 2242 2819 hominis

302 2837 760 2919 patrocinium,
828 2845 896 2902 et
957 2837 1251 2920 privatas
1317 2857 1497 2903 meas
1559 2839 1950 2904 monitiones
2015 2837 2242 2921 procul

299 2921 587 3074 me,
653 2922 888 3074 ‹igieblus
951 2922 1201 2989 malum
1264 2922 1513 3007 placide
1578 2925 1799 2991 sanari
1852 2931 2121 3009 poterat.
2181 2927 2238 2989 9.

507 3028 607 3074 ns
829 3057 845 3074 .

1172 3657 1370 3733 3564.

745 3830 1216 3899 OALVINUS
1260 3829 1804 3906 LISMANINO.

462 4004 724 4070 Acriter
765 4004 824 4068 ei
865 4003 1197 4087 exprobrat
1229 4008 1639 4086 patronatum
1679 4024 1798 4087 quo
1817 4004 2245 4071 Blandratam

288 4091 712 4173 prosequitur,
754 4087 1060 4154 hominem
1091 4090 1409 4171 pessimae
1449 4095 1645 4170 notae,
1688 4091 1838 4156 dum
1878 4093 2015 4174 r'pse
2059 4089 2244 4157 &an-

296 4175 941 4328 mvsstsfmmni
994 4174 1427 4242 adversarium
1479 4196 1679 4244 severe
1729 4178 2065 4258 reprimere
2118 4197 2244 4244 non

297 4447 427 4571 §Ex-
451 4465 562 4519 apo
661 4448 772 4517 pho
818 4465 980 4503 manu
1013 4448 1083 4503 H.
1118 4449 1422 4531 Bullingeri
1467 4451 1695 4504 iunioris
1739 4452 1944 4521 scripto
1987 4453 2050 4505 in
2080 4452 2243 4507 Arch.

347 4534 477 4573 unc.
524 4517 571 4571 P
593 4525 668 4572 ut.
705 4518 802 4574 VI.
848 4517 967 4573 Vol.
1006 4516 1123 4600 198,
1177 4520 1307 4573 ohm
1358 4521 1506 4641 Ep&
1547 4520 1696 4574 Tom.
1745 4519 1831 4589 25,
1882 4520 1972 4575 fol.
2023 4519 2141 4576 134.
2179 4551 2244 4602 —.

997 4586 1211 4644 Simler.
1246 4588 1368 4645 Vol.
1507 4589 1549 4655 .)

504 4859 567 4925 7)
601 4860 804 4930 Rogati
838 4860 955 4918 cod.

501 4928 566 4997 8)
604 4929 716 4985 Pro
748 4936 993 5053 temggge
1022 4928 1207 4985 Codex
1236 4930 1488 5013 praebet.-
1519 4931 1653 5001 ipse.
1712 4928 1989 4988 Caeterum
2027 4889 2096 5001 cf.
2127 4932 2240 4990 001-

303 4994 468 5053 ²“³⁰’'
498 5011 570 5132 ξ’)
592 4996 793 5137 {3213}
807 4997 871 5120 αἶ
906 5042 992 5121 ..·.
1014 5106 1027 5119 .
1047 4998 1466 5135 Ρξξὲῗιὲἒιῖξὶ.
1547 5000 1935 5126 oissfflm‘

470 5133 570 5198 10)
606 5141 788 5191 tamen
825 5152 927 5190 om.
967 5134 1082 5191 0001

472 5203 568 5268 11)
607 5203 684 5259 N.
719 5203 873 5259 2916.

476 5270 573 5337 12)
613 5272 795 5329 Oodeae
846 5275 1069 5330 disertis
1117 5274 1297 5330 verbis
1347 5276 1413 5331 D.
1465 5277 1804 5332 Lismaninus
1856 5278 2047 5334 scribit
2095 5277 2243 5348 quod

305 5340 667 5397 antheum
700 5343 927 5400 videtur.

2511 609 2772 676 Literas
2816 608 2932 675 abs
2975 620 3042 672 te
3099 608 3373 692 scriptas
3422 612 3519 674 15.
3566 607 3731 674 Maii
3762 613 3813 686 ¹)
3859 609 3966 675 hic
4009 608 4273 677 demum

2337 697 2615 762 nuncius
2670 695 2833 759 mihi
2889 691 3198 773 reddidit,
3256 715 3337 759 ex
3382 694 3615 779 quibus
3667 694 3963 781 intelligo
4006 717 4188 762 meas
4213 699 4274 773 ²)

2338 789 2497 846 tunc
2532 801 2661 845 non
2706 781 2907 846 fuisse
2949 778 3071 844 tibi
3115 780 3420 846 redditas.
3490 780 3890 847 Posteriores
3924 802 4078 846 vero
4112 801 4274 865 quas

2336 866 2536 932 simul
2577 867 2794 949 accepi
2836 865 3050 950 prima
3094 864 3501 950 Septembris
3551 865 3741 931 datae
3782 866 4132 932 ostendunt
4171 868 4274 932 in-

2335 950 2688 1017 tercidisse.
2759 951 2929 1017 Nam
2985 971 3189 1035 quum
3240 958 3471 1017 octavo
3528 951 3786 1016 demum
3829 971 4056 1019 mense
4106 973 4273 1018 non-

2336 1035 2492 1136 dum
2549 1037 2643 1137 ‘ad
2713 1057 2944 1103 manus
3021 1044 3170 1102 tuas
3246 1037 3665 1121 pervenerint
3740 1038 4007 1120 periisse
4084 1038 4274 1104 facile

2336 1142 2624 1189 conucio.

2509 1209 2716 1274 Porro
2759 1209 2948 1274 sicuti
2990 1208 3175 1273 initio
3218 1208 3340 1274 tibi
3385 1215 3697 1273 testatum
3738 1228 3879 1274 esse
3922 1208 4099 1274 volui
4139 1230 4273 1275 non

2337 1293 2531 1361 video
2592 1315 2710 1360 cur
2769 1301 2905 1359 tam
2968 1295 3162 1359 anxie
3205 1292 3286 1359 de
3341 1291 3711 1360 Blandrata
3766 1293 3934 1358 mihi
3986 1296 4273 1361 reconci-

2337 1378 2560 1445 liando
2636 1380 2909 1445 labores.
2981 1379 3305 1463 Magnum
3406 1401 3547 1446 esse
3622 1379 3834 1444 virum
3918 1380 4271 1446 existimas.

2338 1465 2594 1532 Fruere
2637 1466 2838 1550 igitur
2883 1473 2997 1529 tuo
3039 1464 3312 1532 iudicio:
3354 1466 3545 1530 modo
3591 1464 3878 1532 vicissim
3915 1465 4080 1529 mihi
4122 1486 4275 1531 con·

2339 1552 2533 1617 cedas
2578 1551 2820 1616 sentire
2842 1550 3009 1634 quod
3053 1552 3282 1616 sentio.
3356 1549 3700 1617 Sincerum
3744 1572 3886 1617 esse
3906 1551 4273 1634 praedicas:

2341 1637 2476 1703 scio
2528 1637 2695 1702 nihil
2749 1637 2960 1720 magis
3023 1642 3357 1703 versutum
3426 1656 3568 1702 esse
3626 1658 3699 1703 ac
3763 1636 3944 1702 omni
4005 1634 4278 1720 perfidia

2341 1723 2673 1789 refertum.
2744 1722 3009 1787 Nullam
3063 1720 3405 1788 haereseos
3448 1730 3670 1787 notam
3727 1720 3982 1787 homini
4025 1722 4126 1789 vis
4171 1743 4277 1788 as-

2342 1810 2545 1893 pergi.
2616 1809 2821 1893 Atqui
2875 1808 3049 1892 apud
3106 1828 3224 1874 nos
3282 1806 3662 1873 manifestae
3718 1808 4074 1890 impietatis
4118 1808 4278 1874 satis

2342 1914 2667 1978 superque
2728 1894 2857 1959 fuit
2910 1893 3263 1960 convictus.
3348 1892 3649 1975 Denique
3713 1893 3772 1957 si
3833 1893 3951 1958 tibi
4009 1892 4278 1978 obsequi

2345 1980 2539 2045 velim
2605 2000 2955 2063 puerorum
3020 1998 3275 2062 quoque
3334 1976 3617 2044 ludibrio
3680 1998 3786 2043 me
3865 1998 4277 2061 exponerem.

2340 2066 2519 2132 Male
2562 2087 2668 2131 me
2711 2065 2899 2143 nosti,
2948 2062 3035 2129 D.
3073 2064 3459 2143 Lismanine,
3503 2064 3614 2147 qui
3655 2064 3920 2150 ingenio
3963 2070 4100 2129 tam
4141 2086 4279 2131 ser-

2340 2151 2456 2220 vili
2518 2160 2584 2217 et
2638 2149 3001 2217 adulatorio
3058 2169 3200 2216 esse
3255 2150 3517 2233 putasti.
3607 2148 3801 2216 Unde
3863 2168 4061 2233 porro
4118 2150 4281 2216 haec

2339 2236 2580 2304 fiducia
2624 2243 2700 2302 ut
2741 2237 2811 2300 in
2855 2234 3136 2321 gratiam
3179 2245 3361 2301 tuam
3405 2255 3538 2300 non
3576 2235 3765 2300 modo
3809 2235 4076 2300 subeam
4115 2234 4279 2299 levi-

2340 2323 2497 2389 tatis
2541 2328 2609 2388 et
2642 2319 2966 2388 mendacii
2999 2321 3297 2401 dedecus,
3334 2319 3449 2387 sed
3484 2330 3562 2387 ut
3594 2321 3872 2403 turpiter
3905 2317 4280 2386 mentiendo

2342 2407 2630 2477 Satanae
2705 2408 2968 2472 ianuam
3046 2408 3329 2490 aperiam
3401 2406 3483 2471 ad
3562 2404 3973 2472 nocendum?
4066 2405 4279 2488 Oupio

2341 2494 2692 2560 amicitiam
2759 2502 3047 2559 nostram
3111 2502 3426 2577 perpetuo
3488 2512 3756 2558 manere
3820 2490 4100 2570 salvam,
4164 2489 4281 2558 sed

2343 2601 2476 2646 non
2509 2580 2633 2644 hac
2654 2577 2972 2646 mercede.
3042 2577 3273 2661 Itaque
3316 2578 3373 2643 si
3403 2579 3638 2664 pergis,
3683 2596 3920 2660 quaere
3962 2577 4080 2642 tibi
4119 2576 4281 2642 alios

2343 2667 2609 2745 amicos,
2671 2665 2905 2750 quibus
2961 2670 3027 2731 et
3081 2663 3378 2730 veritatis
3431 2672 3495 2729 et
3549 2662 3857 2730 eeclesiae
3913 2661 4283 2746 prodendae

2342 2752 2521 2837 leges
2575 2750 2999 2836 praescribas.
3085 2750 3414 2834 Georgius
3458 2748 3834 2829 Blandrata,
3879 2747 4124 2814 nullius
4167 2767 4281 2812 ex-

2342 2838 2757 2905 istimationis
2802 2837 3017 2916 homo,
3061 2834 3335 2918 vulpina
3366 2834 3595 2901 fraude
3630 2842 3699 2900 et
3731 2832 4061 2900 blanditiis
4096 2833 4281 2899 nobis

2345 2924 2669 3009 persuasit
2722 2945 2794 2989 se
2834 2922 3094 2990 venisse
3138 2920 3473 2988 Genevam
3518 2928 3597 2986 ut
3649 2921 3721 2985 in
3763 2918 3988 2986 schola
4030 2918 4283 2985 Christi

2345 3010 2701 3095 proficeret.
2774 3009 3013 3075 Postea
3067 3005 3510 3091 deprehensus
3567 3015 3664 3072 est
3710 3004 3921 3090 qualis
3962 3013 4119 3070 erat.
4190 3003 4284 3072 Et

2344 3116 2546 3180 quum
2594 3095 2817 3179 pravis
2874 3093 3011 3160 suis
3065 3091 3396 3159 erroribus
3450 3091 3787 3158 involvere
3831 3111 3906 3157 ac
3960 3090 4283 3158 fascinare

2343 3180 2588 3262 multos
2641 3187 2975 3258 tentasset,
3032 3180 3406 3262 increpatus
3447 3178 3590 3257 fuit,
3650 3186 3715 3243 et
3756 3184 3981 3242 tamen
4022 3197 4101 3243 ea
4141 3196 4282 3241 mo-

2345 3266 2680 3333 deratione
2714 3272 2792 3331 ut
2832 3264 3164 3351 integrum
3205 3265 3401 3330 fuerit
3441 3265 3610 3330 inter
3651 3282 3772 3329 nos
3814 3263 4101 3329 fraterne
4132 3283 4281 3330 ver-

2344 3354 2495 3419 sari.
2568 3350 2744 3432 Quia
2794 3372 2929 3417 non
2985 3349 3353 3429 desistebat,
3412 3357 3680 3416 vocatus
3735 3349 3859 3415 fuit
3910 3348 3992 3415 ad
4038 3347 4283 3415 consis-

2344 3440 2619 3505 torium:
2665 3437 2780 3503 ubi
2821 3438 3061 3503 iterum
3103 3456 3328 3503 severe
3363 3435 3735 3503 admonitus
3768 3434 3863 3501 sic
3895 3441 4116 3500 tamen
4151 3433 4282 3499 dis-

2343 3525 2541 3592 cessit
2603 3530 2681 3590 ut
2741 3531 3030 3590 nostram
3103 3522 3583 3588 humanitatem
3650 3520 3966 3587 laudaret.
4056 3518 4283 3601 Quum

2343 3631 2537 3677 nemo
2579 3618 2831 3678 crearet
2883 3608 2981 3674 illi
3032 3608 3411 3693 periculum,
3466 3608 3685 3672 furore
3726 3606 4115 3689 perterritus
4159 3603 4283 3686 (sic

2344 3717 2495 3763 eum
2540 3696 2822 3763 vexabat
2861 3695 3037 3761 mala
3088 3691 3511 3779 conscientia)
3555 3692 3769 3760 subito
3820 3693 3891 3757 in
3942 3691 4184 3775 fugam,
4211 3708 4282 3755 se

2342 3782 2686 3868 proripuit.
2755 3779 2973 3862 Quam
3031 3781 3333 3863 pertinax
3392 3787 3563 3846 esset
3614 3777 3983 3844 haereticus
4025 3797 4111 3842 ex
4149 3781 4282 3840 tes-

2344 3868 2622 3934 timonio
2653 3867 2741 3934 D.
2781 3864 2961 3932 Petri
2995 3864 3312 3950 Martyris
3345 3884 3732 3949 cognoscere
3773 3863 3943 3930 licet.
3957 3863 4013 3942 ⁸)
4077 3859 4283 3926 Venit

2343 3955 2414 4019 in
2460 3953 2818 4020 Poloniam.
2887 3951 3148 4018 Pavore
3189 3951 3272 4017 D.
3314 3951 3653 4017 Francisci
3695 3946 4060 4015 Lismanini
4102 3964 4282 4012 crea-

2345 4049 2456 4106 tur
2498 4038 3043 4122 archipresbyter.
3066 4042 3119 4118 ⁴)
3203 4034 3504 4103 Cabvinus
3545 4036 3654 4120 pia
3695 4030 4132 4099 sollicitudine
4174 4052 4281 4099 oc·

2343 4146 2608 4194 currere
2649 4124 2882 4190 volens
2938 4123 3230 4208 periculo
3273 4122 3440 4205 quod
3486 4120 3809 4187 Polonicis
3852 4117 4138 4184 ecclesiis
4179 4117 4282 4182 in-

2344 4212 2579 4291 stabat,
2638 4210 2964 4277 occultum
3023 4229 3350 4277 venenum
3410 4207 3669 4290 detegit.
3740 4204 3824 4270 D.
3870 4203 4284 4269 Lismaninus

2345 4318 2415 4365 se
2457 4297 2778 4364 arbitrum
2837 4296 3010 4362 inter
3096 4295 3195 4360 nit
3236 4303 3303 4360 et
3358 4292 3707 4358 denunciat
3749 4295 4045 4356 extrema
4086 4308 4282 4373 quae-

2345 4405 2472 4469 que
2535 4382 2710 4449 mala
2783 4382 2915 4448 nisi
3046 4381 3372 4449 landratae
3445 4377 3852 4459 impietatem
3928 4374 4282 4459 praeclaris

2345 4469 2575 4554 elogiis
2617 4475 2876 4534 mature
2919 4466 3206 4551 sepeliat.
3278 4463 3353 4530 Si
3396 4470 3462 4528 te
3497 4461 3580 4527 ad
3616 4470 3875 4545 tempus
3912 4461 4286 4528 excaecavit

2346 4555 2743 4622 Blandratae
2782 4574 2980 4633 amor,
3037 4550 3369 4637 paulisper
3410 4569 3590 4613 nunc
3632 4556 3699 4612 te
3742 4546 3888 4612 colli
3977 4598 3991 4622 ,
4051 4556 4125 4612 ut
4165 4566 4285 4629 pro

2344 4648 2464 4707 tua
2497 4640 2843 4725 prudentia
2884 4656 3232 4724 agnoscere
3273 4634 3566 4716 incipias,
3611 4654 3745 4699 non
3779 4567 3973 4699 modg
4010 4640 4076 4698 te
4117 4631 4283 4697 mihi

2342 4728 2547 4794 fuisse
2600 4727 2917 4809 iniquum,
2975 4723 3090 4790 sed
3142 4722 3264 4787 toti
3308 4718 3560 4787 Christi
3613 4718 3922 4786 ecclesiae
3961 4740 4092 4784 non
4135 4716 4286 4781 vul-

2339 4999 2532 5057 8564.
2550 4999 2605 5061 1)
2642 4996 2968 5065 deperditas.
4185 5061 4196 5071 ι
4256 5061 4268 5074 '

2340 5133 2395 5193 ἃ.
2446 5135 2528 5189 19·
2545 5066 2818 5191 Βιζῖἔοὺίς
2850 5065 3071 5120 ultimae
3104 5062 3331 5130 fuerunt
3363 5064 3493 5119 illae
3526 5078 3666 5134 quas
3698 5062 3797 5118 aab
3831 5060 3894 5112 N.
3918 5058 4051 5113 2981
4091 5060 4280 5169 189ξείοέ

2408 5211 2469 5262 „t
2683 5176 2696 5189 .
2734 5133 2872 5189 1558
2917 5134 3167 5202 scriptae.
3240 5131 3387 5188 Sane
3431 5134 3758 5188 recentiores
3808 5129 4029 5200 aTiquae
4078 5128 4260 5185 demde

2338 5222 2406 5263 ra
2469 5220 2554 5259 ur.

2544 5271 2607 5410 ἔς
2642 5271 2735 5396 sse
2753 5286 2892 5395 ἐξ
2910 5270 3033 5326 vide
3065 5271 3128 5326 in
3168 5271 3313 5341 ΕΜ).
3350 5269 3428 5324 ad
3463 5267 3767 5325 walnenses
3800 5273 3850 5324 et
3888 5265 4285 5323 Radeim‘lium:
