4850 6117
643 265 762 327 143

640 454 777 515 s’en
829 444 1231 598 vffidela
1287 413 1471 528 pour⁴
1507 444 1601 544 166
1642 441 1903 508 affaires
1959 439 2040 507 de
2081 441 2369 527 l'Eglise‚
2416 444 2573 525 n’ay

643 532 841 600 voulu
1111 551 1152 596 a
1206 550 1371 596 vous
1426 549 1662 597 secure
1710 534 1856 592 tant
1909 547 2075 610 pour
2123 546 2289 595 1666
2323 546 2574 593 recom-

635 617 909 686 mander
959 616 1122 683 ledit
1176 635 1579 702 personnage
1627 622 1704 714 et·
1741 612 1993 678 laffaire
2047 633 2214 696 pour
2264 612 2478 697 lequel
2522 612 2574 678 il

634 729 683 792 y
742 724 832 771 va
890 723 1013 787 que
1070 722 1237 787 6661
1281 722 1446 768 1666
1500 711 1746 769 6161111
1804 698 1886 764 de
1930 707 2153 765 nostre
2187 705 2375 765 estat.
2468 699 2577 764 La

635 790 999 875 6166661116
1042 788 1122 854 de
1165 795 1386 853 nostre
1429 787 1487 852 E
1534 785 1653 851 lise
1695 793 1761 851 et
1802 784 1866 849 le
1908 784 2118 869 grand
2153 785 2427 850 nombre
2463 784 2578 868 qui

622 899 682 962 -y
715 882 817 944 est
848 884 913 942 et
955 878 1055 959 s’y
1074 873 1240 939 rend
1278 872 1506 938 iourne
1555 878 1775 937 ement
1814 890 1981 936 nous
2020 891 2243 954 presse
2286 870 2367 937 de
2408 889 2577 934 6666

635 963 873 1029 retiret
914 980 1076 1025 -1616
1136 979 1301 1023 1666
1354 978 1521 1042 6661
1574 977 1739 1022 1666
1796 956 1976 1041 61161
2032 960 2223 1039 66’66
2280 965 2418 1025 6661
2461 976 2577 1021 66-

637 1047 814 1113 droit
870 1066 1036 1112 nous
1089 1043 1363 1110 16611166
1415 1044 1735 1122 66666111,
1796 1063 1961 1108 6666
2018 1050 2351 1127 envoyant
2404 1041 2579 1108 deux

644 1154 808 1219 pour
847 1132 909 1197 le
951 1131 1166 1196 moins
1198 1130 1308 1212 qui
1353 1149 1520 1194 nous
1562 1129 1774 1194 soient
1807 1148 1889 1195 en
1924 1126 2069 1194 aide
2095 1129 2226 1193 afin
2261 1128 2341 1193 de
2382 1148 2579 1211 pour-

640 1220 861 1285 suivre
926 1216 1206 1281 l’oeuvre
1267 1223 1678 1281 commanoee
1745 1222 1812 1279 et
1880 1214 2168 1280 beaucou
2277 1220 2578 1280 6166666.

635 1307 1030 1372 Δ611616661
1070 1299 1118 1366 11
1154 1321 1198 1385 y
1221 1319 1262 1362 a
1282 1299 1530 1384 danger
1549 1320 1675 1383 que
1708 1307 1855 1365 tout
1883 1320 1967 1365 ne
2008 1297 2089 1364 de
2158 1300 2171 1315 '
2202 1299 2264 1364 16
2285 1298 2585 1366 d'autant

638 1410 763 1473 que
819 1388 946 1454 Mr.
992 1387 1069 1453 de
1120 1384 1302 1452 l‘Jsle
1314 1387 1371 1462 2)
1428 1394 1527 1452 661
1580 1384 2061 1451 valetudinaire
2124 1392 2191 1450 et
2248 1384 2470 1468 quand
2538 1405 2579 1449 a

638 1495 793 1559 moy
832 1473 961 1556 i'ay
1003 1473 1150 1555 plus
1187 1480 1326 1537 este
1369 1469 1622 1537 malade
1657 1471 1919 1555 despuis
1954 1491 2081 1554 que
2119 1470 2258 1537 suis
2302 1469 2585 1554 pardeqa

636 1580 763 1644 que
816 1563 1094 1644 n’avoye
1145 1565 1285 1622 6616
1344 1558 1573 1622 1616616
1626 1576 1876 1623 6616166
1928 1556 2074 1621 1’611
2129 1577 2213 1622 66
2277 1560 2407 1622 16’6
2464 1576 2584 1639 666

634 1653 772 1711 6616
811 1653 960 1727 1166
1023 1643 1373 1710 commode.
1429 1640 1511 1708 Si
1551 1651 1755 1709 est-oe
1797 1663 1924 1726 que
1964 1643 2230 1727 iusques
2272 1663 2313 1708 a
2333 1641 2586 1707 l’heure

634 1740 938 1817 presente
1002 1734 1152 1813 n'ay
1207 1736 1384 1795 cesse
1428 1728 1508 1794 de
1550 1726 1884 1793 travailler
1935 1735 2082 1793 tant
2122 1726 2279 1794 hors
2318 1728 2385 1795 la
2425 1726 2582 1794 ville

639 1837 767 1900 que
815 1814 1060 1881 dedans
1115 1824 1185 1878 et
1264 1834 1349 1880 ne
1393 1833 1574 1880 cesse
1637 1815 1706 1878 61
1771 1834 1857 1879 66
1921 1833 2222 1899 cesseray
2268 1821 2416 1880 tant
2458 1834 2585 1897 que

638 1902 818 1969 Dieu
894 1921 1001 1966 me
1074 1899 1365 1966 donnera
1427 1899 1707 1983 quelque
1764 1897 1968 1970 16166.
2067 1900 2466 1966 'Pontes-fois
2521 1900 2585 1964 ie

641 2007 807 2053 vous
850 1988 991 2071 prie
1053 2005 1301 2069 666661.
1346 2006 1387 2050 6
1441 1984 1611 2051 deux
1658 1984 1906 2070 danger
1957 1984 2073 2069 qui
2115 1989 2252 2052 s'en
2294 1993 2586 2069 peuvent

641 2075 975 2141 ensuivre:
1015 2071 1155 2137 l’un
1212 2091 1338 2155 666
1389 2071 1822 2137 mercenaires
1865 2080 1934 2136 et
1976 2077 2264 2156 66661616
2305 2092 2391 2137 66
2435 2070 2588 2138 6’16-

644 2157 1012 2226 troduisent
1052 2177 1304 2223 comme
1347 2156 1396 2220 il
1439 2176 1520 2221 66
1576 2180 1621 2242 y
1665 2178 1706 2222 6
1747 2156 2059 2240 66616666
2103 2179 2229 2223 666
2273 2155 2314 2221 ὲ.
2355 2157 2584 2223 l’envi-

641 2266 767 2311 166
801 2242 881 2309 de
916 2264 1081 2309 6666
1121 2242 1233 2392 qui
1267 2262 1434 2308 6666
1477 2243 1616 2308 font
1657 2242 1724 2308 16
1847 2263 2010 2322 6116,
2049 2250 2118 2309 61
2161 2244 2220 2309 61
2250 2242 2315 2308 16
2348 2242 2588 2342 6611616

642 2332 788 2397 1661·
830 2337 976 2395 6661
1005 2349 1138 2394 166
1165 2349 1208 2394 6
1251 2335 1501 2411 prester
1542 2327 1765 2393 l'oure'
1822 2348 1859 2394 e
1892 2328 1942 2393 il
1986 2332 2124 2395 s'en
2155 2329 2293 2395 11161
2326 2328 2588 2395 6666111

811 2414 855 2480 (1
897 2412 1226 2480 desordre:
1282 2413 1513 2478 l’autre
1567 2420 1668 2480 est
1707 2433 1833 2496 que
1873 2412 1971 2480 les
2012 2414 2352 2499 seigneurs
2397 2411 2478 2480 de
2522 2413 2588 2478 16

644 2501 799 2568 11116
853 2505 1003 2566 1661
1057 2499 1139 2566 de
1184 2499 1251 2565 la
1306 2499 1539 2566 iustice
1585 2518 1712 2582 que
1768 2498 1847 2566 de
1900 2499 1969 2565 la
2011 2499 2221 2584 police
2274 2499 2586 2583 (16666616

643 2593 792 2653 1666
831 2607 901 2652 66
943 2593 1095 2650 6661
1134 2585 1421 2651 reduicts
1457 2592 1498 2651 a
1531 2583 1833 2671 l’Eglise)
1877 2606 1963 2651 66
2006 2607 2076 2654 66
2119 2584 2582 2652 refroidissent.

645 2672 693 2740 J
694 2693 732 2738 e
763 2692 925 2738 vous
982 2669 1149 2737 esori
1206 2691 1313 2737 666
1356 2670 1584 2737 6116666
1638 2671 2063 2752 brievement‚
2112 2691 2363 2738 comme
2406 2671 2588 2738 66661

642 2757 715 2824 16
753 2756 1110 2842 6166661116
1167 2762 1236 2821 61
1285 2757 1441 2840 paix
1500 2755 1580 2822 de
1635 2756 1926 2842 I’Eglise‚
1987 2757 2284 2823 d’autant
2334 2778 2461 2841 que
2525 2758 2587 2822 le

646 2851 912 2928 present
973 2848 1238 2927 6611661
1300 2861 1467 2909 1666
1544 2862 1784 2926 666116
1854 2843 2080 2909 mieux
2145 2843 2465 2910 declairer
2522 2843 2589 2909 16

650 2937 798 2995 1661
837 2950 957 3013 661
999 2928 1224 3012 661616
1261 2948 1388 3013 6116
1430 2928 1492 2993 16
1535 2949 1620 2994 66
1662 2928 1726 2994 16
1766 2950 2043 3014 sauroye
2086 2929 2341 2995 6661116.
2415 2929 2591 2995 'Dant

646 3015 1011 3082 seulement
1075 3035 1238 3080 vous
1297 3014 1521 3097 611666
1594 3035 1759 3080 6666
1837 3023 2010 3081 66116
2072 3014 2440 3081 favorables
2504 3036 2590 3083 en

646 3107 786 3166 6661
841 3098 1101 3165 endroit
1155 3109 1220 3165 61
1273 3120 1581 3184 procurer
1645 3121 1770 3183 6116
1828 3101 2150 3185 6111661666
2207 3101 2387 3167 61611
2454 3124 2544 3167 un

643 3187 908 3252 homme
919 3206 1075 3335 lguli
1087 3183 1262 3251 deux
1303 3204 1471 3269 pour
1523 3186 1779 3270 supplir
1799 3191 1836 3226 ⁶
1884 3209 1925 3254 6
1977 3187 2042 3253 16
2096 3186 2446 3253 multitude
2510 3188 2591 3255 de

652 3281 876 3338 nostre
981 3291 1025 3354 g
1078 3292 1166 3337 66.

816 3357 926 3422 Α6
966 3364 1158 3437 16616,
1203 3354 1552 3435 Μ6661661,
1598 3357 1660 3422 16
1695 3376 1859 3423 1666
1894 3357 2140 3424 voudro
2186 3379 2224 3424 6
2265 3359 2443 3442 61161
2485 3380 2591 3425 1116

646 3442 811 3508 16116
865 3462 1213 3507 166661161
1253 3442 1350 3507 166
1393 3462 1687 3508 66116666
1731 3441 1811 3508 de
1853 3444 1983 3509 Mr.
2188 3446 2254 3509 in
2298 3466 2411 3510 sur
2456 3446 2593 3512 Ge-

647 3548 805 3594 nese
854 3535 998 3591 tant
1052 3526 1205 3609 qu’il
1239 3547 1321 3592 66
1365 3549 1412 3611 y
1456 3548 1496 3593 6
1538 3526 1619 3594 de
1660 3536 1925 3595 16166116
1966 3538 2236 3612 excepte
2277 3537 2424 3614 sept
2457 3530 2595 3615 6611

652 3633 736 3680 66
791 3636 838 3698 y
894 3633 934 3678 6
992 3610 1390 3695 d'imprimez
1436 3614 1724 3680 66661611
1777 3614 1938 3680 11616
1982 3612 2062 3681 de
2103 3614 2593 3684 Melchisedech

654 3712 721 3766 et
762 3707 990 3783 quatre
1034 3697 1114 3764 de
1156 3698 1223 3764 la
1263 3698 1683 3766 iustification
1726 3698 2009 3783 16666616
2052 3700 2162 3785 iay
2208 3722 2326 3786 par
2359 3700 2595 3770 devers

648 3805 823 3869 moy.
910 3785 1043 3850 Les
1098 3792 1320 3850 autres
1375 3784 1439 3850 ie
1500 3783 1713 3851 desire
1767 3785 1949 3852 avoir
2005 3806 2171 3869 pour
2224 3788 2494 3854 m’aider
2554 3811 2595 3855 6

649 3870 1032 3952 m'acquiter
1085 3869 1166 3935 de
1209 3891 1319 3935 ma
1359 3870 1618 3955 charge,
1670 3892 1743 3937 66
1800 3891 1929 3955 666
1972 3893 2055 3938 66
2099 3880 2448 3940 trouverez
2491 3897 2595 3941 es·

650 3966 884 4040 trange
963 3954 1376 4021 considerant
1432 3977 1543 4022 ma
1606 3965 1828 4041 portes
1905 3957 2190 4041 laquelle
2254 3961 2594 4045 recognois

651 4049 824 4107 estre
859 4041 1011 4106 telle
1053 4062 1178 4125 que
1221 4042 1279 4108 si
1323 4061 1405 4107 ne
1459 4043 1596 4109 suis
1638 4041 1783 4108 aide
1826 4043 1889 4109 ie
1931 4043 2290 4129 defaudray
2332 4067 2487 4112 sous
2529 4047 2592 4112 le

650 4124 940 4191 fardeau.
1027 4126 1114 4193 Je
1166 4147 1273 4193 me
1326 4127 1463 4193 suis
1519 4129 1715 4193 161116
1778 4136 1819 4195 a
1861 4149 2027 4194 vous
2087 4137 2231 4195 tant
2286 4152 2392 4197 me
2436 4151 2591 4197 con-

652 4212 817 4277 fiant
863 4233 988 4294 que
1045 4233 1207 4295 pour
1259 4213 1320 4278 le
1366 4213 1603 4296 regard
1660 4213 1853 4280 d’une
1896 4214 2092 4281 chose
2150 4223 2298 4280 tant
2339 4218 2591 4283 raison-

648 4296 840 4363 nable
897 4318 981 4362 66
1024 4297 1087 4362 16
1143 4297 1462 4381 prandres
1521 4320 1562 4364 a
1613 4299 1954 4366 mauvaise
2006 4308 2158 4383 part
2208 4309 2358 4366 tant
2413 4303 2592 4369 611661

648 4402 773 4466 666
815 4403 899 4448 66
944 4403 1184 4467 savoye
1228 4407 1268 4449 a
1325 4384 1437 4467 qui
1480 4405 1584 4460 me
1626 4386 1879 4451 1611161.
1971 4384 2103 4452 Gar
2148 4387 2207 4452 si
2246 4387 2357 4452 166
2399 4408 2590 4455 66666

648 4487 861 4552 cognu
902 4468 1179 4552 quelque
1232 4490 1326 4534 un
1383 4491 1423 4536 a
1477 4471 1589 4553 qui
1645 4471 1707 4537 ie
1750 4492 1937 4538 66666
1989 4493 2117 4555 666
2161 4471 2392 4538 bailler
2434 4474 2590 4540 16116

649 4554 890 4638 charge
955 4554 1016 4619 ie
1079 4575 1186 4620 me
1250 4555 1425 4621 fusse
1489 4556 1691 4640 garde
1757 4557 1837 4623 de
1901 4578 2065 4623 1666
2128 4557 2360 4624 bailler
2415 4568 2591 4627 ceste

648 4638 988 4705 fascherie.
1078 4640 1179 4705 Le
1222 4648 1485 4723 present
1525 4654 1789 4725 porteur
1830 4643 2123 4709 fournira
2162 4644 2447 4730 l'argent
2479 4648 2591 4729 qui

751 4895 917 4977 ..2)
967 4895 1405 4968 Nousn’apons
1450 4897 2203 4955 amoenos-uidam
2253 4900 2596 4984 Riobe-nond

649 4965 893 5088 sm
908 4966 1342 5103 616161.
1363 4963 1579 5101 66.
1593 4967 2356 5104 61166...
2363 4970 2595 5094 w

650 5118 852 5158 comme
880 5110 1213 5184 pactensem
1250 5101 1385 5157 1559
1417 5108 1572 5159 oum
1596 5104 1787 5174 Fovet,
1814 5105 2018 5162 Ridea-
2049 5105 2182 5163 etN.
2204 5106 2402 5164 Ἑωίου
2417 5107 2503 5163 aa
2531 5109 2593 5163 la

666 5170 863 5231 Valles.
935 5170 992 5226 11
1023 5177 1204 5241 monde
1235 5171 1399 5243 qu’on
1427 5189 1468 5244 y
1500 5173 1700 5244 appula
1732 5173 1800 5230 de
1830 5174 2085 5245 mopsus
2114 5191 2183 5231 en
2218 5175 2530 5234 Dea-bre.

2107 250 2634 320 EPIS'POLAE
2676 256 3098 319 3631—3635

4486 255 4595 317 144

2672 462 2721 525 y
2757 440 3007 508 faudra.
3094 439 3433 507 Monsieur
3499 440 3561 508 16
3614 460 3784 507 1666
3836 441 3979 524 6116
4021 461 4130 507 166
4174 442 4463 509 66666111
4522 462 4602 509 en

2672 534 2848 593 66616
2891 526 3225 593 necessita.
3289 525 3375 594 Je
3418 525 3630 593 desire
3673 533 3845 592 estre
3887 526 4344 593 recommande
4384 546 4426 592 a
4458 548 4602 593 166-

2673 619 2777 677 116
2808 632 3002 697 grace
3044 633 3159 679 sur
3203 618 3349 678 tout
3391 634 3432 679 6
3473 634 3589 678 166
3630 611 3875 695 6116166
3922 630 4174 678 comme
4213 631 4255 677 6
4293 611 4489 679 661166
4529 612 4604 678 de

2673 697 2767 763 M„
2810 695 3034 770 Calvia
3075 705 3142 763 et
3183 696 3265 763 de
3307 703 3457 765 tous
3500 698 3597 765 les
3639 704 3860 763 autres
3897 698 4237 782 seigneurs
4279 706 4346 762 et
4385 698 4603 765 freres.

2675 781 2852 849 Dieu
2893 804 3055 851 vous
3097 783 3501 849 maintienne
3542 782 3906 850 1666-16616
3939 804 4025 849 66
4067 804 4141 850 66
4181 783 4433 850 66111616
4465 804 4606 868 616-

2675 870 2937 936 1661166.
3024 870 3127 935 De
3170 869 3237 934 la
3276 869 3591 937 Rochelle
3638 890 3712 937 66
3756 872 3859 936 29.
3905 867 3987 935 de
4031 872 4381 937 novembre
4431 873 4603 936 1561.

3374 1006 3509 1072 Par
3549 1013 3769 1073 166116
3812 1005 4081 1072 humble
4122 1007 4448 1076 serviteur

3591 1090 3933 1158 Ambroise
3975 1091 4206 1176 Faget.

3550 1602 3751 1674 3882,

3133 1756 3631 1827 HOPPERUS
3657 1760 3710 1841 ¹)
3752 1756 4178 1826 INOERTO.

2855 1930 2958 1999 De
2998 1950 3150 1996 novo
3187 1928 3343 1995 libro
3376 1931 3488 2014 qui
3517 1929 3867 1999 Cassandri
3904 1950 4034 1997 esse
4068 1929 4286 2012 fertur.
4344 1930 4451 1998 De
4470 1929 4620 1999 Baz-

2683 2018 2874 2085 duim'
2913 2018 2986 2083 in
3026 2017 3248 2083 bonam
3284 2017 3456 2084 viam
3487 2017 3760 2085 redituri
3791 2037 3902 2103 spe
3934 2017 4199 2083 iamim„
4233 2022 4417 2086 ama.

2925 2187 3312 2252 (Describimus
3346 2205 3415 2243 ex
3450 2185 3668 2259 Sylloge
3703 2189 4103 2244 Burmanniana
4137 2188 4211 2244 11.
4243 2188 4388 2258 241.)
4525 2207 4532 2214 ·

2861 2358 2933 2427 S.
2977 2360 3053 2426 P.
3100 2360 3195 2425 Te
3238 2359 3489 2427 salvum
3535 2381 3610 2426 66
3646 2380 3901 2440 666616,
3944 2368 4220 2444 cognate
4253 2359 4624 2442 clarissime,

2692 2445 2957 2532 Spiram
3008 2445 3270 2512 venisse
3326 2443 3577 2530 gaudeo
3598 2497 3616 2525 ,
3682 2465 3924 2529 oroque
3979 2447 4197 2512 Deum
4251 2455 4327 2510 ut
4380 2448 4626 2532 reliqua

2687 2533 3030 2598 fortunare
3088 2539 3155 2597 et
3212 2530 3416 2597 animi
3471 2533 3569 2597 tui
3622 2533 4013 2599 sententiam
4055 2530 4406 2599 concedere
4451 2533 4622 2602 velit.

2689 2617 2933 2685 Libum
2989 2637 3189 2702 quem
3251 2614 3604 2685 Cassandri
3620 2616 3676 2705 ²)
3735 2617 4064 2685 indicabas
4122 2617 4319 2702 paulo
4379 2626 4538 2684 ante
4593 2638 4627 2684 6

2693 2702 2916 2771 Gallia
2959 2722 3333 2786 acceperam
3385 2724 3580 2786 quam
3633 2712 3787 2769 tuae
3827 2704 4055 2770 1116166
4098 2703 4181 2768 ad
4224 2724 4343 2769 nos
4384 2707 4629 2788 perfer-

2691 2797 2942 2856 rentur.
3029 2788 3259 2855 Placet
3300 2808 3477 2868 sane‚
3512 2788 3629 2856 sed
3661 2788 4202 2872 quemadmodum
4244 2790 4448 2855 etiam
4492 2799 4629 2855 tum

2694 2875 3006 2956 dicebam,
3070 2894 3479 2958 nequaquam
3556 2881 3717 2959 puto
3796 2896 3937 2941 esse
3998 2874 4365 2954 Cassandri,
4442 2876 4630 2960 idque

2693 2961 2921 3028 multis
2986 2961 3389 3044 argumentis
3452 2981 3620 3045 quae
3682 2960 3790 3027 bic
3854 2959 4021 3025 nihil
4080 2961 4314 3026 attinet
4369 2962 4629 3039 referre,

2693 3045 2953 3132 quando
3020 3044 3453 3112 Cassandrum
3527 3047 3661 3112 iam
3725 3046 3864 3130 ipse
3925 3047 4310 3113 convenisti.
4403 3047 4630 3114 Franc.

2546 3123 2592 3187 g
2694 3132 3096 3199 Balduinum
3143 3132 3216 3197 in
3275 3130 3497 3198 Gallia
3551 3152 3693 3198 esse
3748 3133 3818 3197 in
3875 3131 4126 3197 familia
4166 3132 4364 3200 Oard.
4411 3132 4631 3200 Lotha-

2691 3219 2864 3304 rinyi
2905 3219 3037 3284 iam
3079 3217 3272 3284 credo
3314 3216 3644 3284 audivisti.
3732 3217 3977 3283 Fertur
4017 3219 4217 3283 etiam
4260 3226 4456 3284 autor
4494 3239 4630 3285 ora·

2690 3306 2893 3372 tionis
2936 3325 3131 3388 quam
3175 3309 3402 3369 eontra
3420 3302 3662 3369 Bezam
3696 3301 4068 3370 cardinalis
4110 3303 4361 3385 habuit,
4383 3306 4439 3389 ⁸)
4477 3305 4631 3372 satis

2691 3412 2836 3457 meo
2878 3389 3115 3456 iudicio
3171 3388 3589 3470 luculentam,
3649 3389 3746 3454 ita
3795 3399 3876 3454 ut
3928 3410 4079 3473 spes
4122 3390 4211 3456 sit
4265 3391 4406 3457 fore
4449 3398 4527 3457 ut
4564 3392 4632 3455 in

2690 3477 2872 3543 viam
2886 3480 2946 3554 ⁴)
2992 3476 3365 3542 Balduinue
3417 3473 3660 3553 redeat,
3727 3473 3904 3558 quod
3960 3475 4381 3542 vehementer
4435 3477 4632 3543 etiam

2693 3576 2889 3646 atque
2923 3562 3121 3627 etiam
3156 3579 3374 3645 spero:
3420 3582 3577 3625 nam
3610 3566 3854 3644 quanto
3888 3562 4034 3644 quis
4067 3562 4146 3627 fit
4180 3561 4429 3628 doctior
4465 3569 4534 3628 61
4564 3563 4633 3627 16

2694 3648 3103 3731 antiquitatis
3146 3645 3381 3714 studiis
3417 3644 3662 3713 diutius
3702 3656 4022 3727 versatur,
4078 3655 4265 3712 tanto
4306 3649 4523 3733 magis
4560 3667 4633 3713 ac

2692 3736 2903 3819 magis
2935 3755 2976 3800 a
3008 3732 3197 3799 novis
3237 3731 3385 3798 istis
3422 3732 3711 3799 inventis
3744 3730 3992 3798 recedit
4024 3739 4093 3798 et
4126 3731 4210 3798 ad
4243 3734 4632 3817 interpreta-

2693 3822 2908 3886 tiones
2942 3827 3206 3903 patrum
3234 3826 3657 3902 veteremque
3681 3839 3871 3884 usum
3893 3817 4204 3886 ecelesiae
4239 3839 4310 3885 se
4332 3819 4631 3903 applicat.

2694 3908 2800 3972 cui
2857 3907 2946 3988 (si
2987 3904 3244 3989 quando
3287 3903 3626 3987 paululum
3669 3911 3980 3987 corrupta
4020 3908 4147 3984 est)
4190 3904 4630 3972 restituendae

2692 4011 2828 4057 666
2870 3997 3090 4056 autem
3132 3988 3522 4055 evertendae
3586 4010 3848 4074 operam
3906 3988 4062 4055 dare
4125 4002 4379 4075 oportet
4421 4027 4507 4039 —
4550 4026 4628 4039 —

2862 4162 3136 4246 Raptim
3180 4159 3532 4226 Bruxellae
3577 4163 3679 4226 29.
3725 4161 4082 4228 Novembr.
4127 4163 4309 4227 1561.

2690 4385 2878 4470 βθθβ.
2900 4382 2954 4451 1)
2989 4382 3182 4465 166611.
3202 4382 3462 4465 Ἠορρον,
3498 4382 3673 4441 lom
3704 4381 3984 4440 iah-isia
4017 4388 4185 4465 gnotus
4218 4400 4270 4440 a.
4307 4381 4457 4451 1523,
4488 4381 4629 4464 prof.

2690 4452 3209 4608 ἕῗίἢιῗὸπνακία
3242 4491 3503 4593 ’Philippo
3542 4521 3626 4578 11.
3673 4468 3875 4591 meacm
3904 4470 4077 4592 :Sauli
4106 4454 4471 4587 maffeii}
4506 4521 4630 4576 Μα-

2689 4599 2811 4650 mh
2846 4607 2898 4647 a.
2939 4588 3087 4645 1576.
3200 4660 3213 4672 0
3284 4660 3295 4672 ι
3508 4659 3519 4671 .
3887 4659 3899 4672 ·
4239 4660 4251 4672 ·
4366 4659 4400 4673 ..

2691 4731 2867 4786 blioae
2895 4658 3486 4808 {zaffquillitatmere
3532 4726 3766 4780 amantis
3799 4676 3927 4780 viri:
3939 4658 4145 4782 161110οὲ
4145 4658 4628 4798 ἱοίἰέἰὲἑιίοωάὶὲἒῖ

2690 4800 2801 4924 (ἕο.
2890 4795 3230 4919 ἳῗαεέῗέἄη
3285 4794 3423 4863 Opp.
3483 4794 3619 4850 Par.
3673 4794 3824 4862 1616,
3872 4795 3967 4863 fol.
4028 4812 4083 4865 p.
4136 4794 4239 4850 ‘181
4291 4800 4460 4867 seqq.)
4544 4794 4625 4861 Of.

2746 4884 2874 4924 aum
2966 4907 2978 4920 .

2894 4933 2955 5069 ἓξ
2982 4930 3328 5071 am
3364 4929 3446 4985 16.
3484 4930 3627 4999 sepe.
3664 4931 3835 4994 (Hm.
3869 4932 3991 4989 ωσι.
4028 4932 4071 4988 1.
4105 4930 4250 5001 566.)
