4850 6117
623 381 767 447 563

627 571 855 637 bonne
887 567 1208 721 dihgence
1240 590 1369 654 que
1400 587 1567 637 vous
1602 588 1758 638 aves
1800 570 1957 635 faite
1998 588 2241 634 envers
2281 568 2379 634 les
2422 586 2583 652 gou-

633 677 953 722 verneurs
1040 677 1077 722 e
1118 656 1331 722 Milan
1372 676 1544 741 pour
1596 655 1764 723 faire
1816 654 2147 722 relascher
2189 653 2445 722 Claude
2485 653 2585 719 la-

627 743 813 809 duise
839 744 887 817 ¹)
928 748 1154 808 nostre
1185 741 1555 826 bourgeois,
1590 748 1658 807 et
1688 740 1985 808 ladessus
2019 739 2311 806 entendu
2345 747 2491 804 tout
2523 737 2586 803 le

627 827 927 894 discours
984 827 1067 892 de
1121 835 1345 894 vostre
1400 828 1757 913 messagier
1821 827 1983 893 dont
2037 846 2206 892 nous
2261 846 2426 892 vous
2478 845 2584 890 re-

628 912 960 979 mercions
1002 913 1131 979 fort
1174 916 1770 994 affectueusement,
1814 933 1979 980 vous
2011 914 2236 997 priant
2277 911 2357 977 de
2399 917 2584 976 tous-

625 999 811 1064 iours
844 999 1186 1065 continuer
1217 999 1285 1064 la
1318 1000 1534 1065 bonne
1569 1000 1868 1066 affection
1904 1007 1971 1065 et
2004 999 2228 1064 amitis
2258 1019 2386 1082 que
2415 1017 2585 1062 nous

631 1104 793 1150 aves
833 1095 1058 1168 portee
1091 1088 1365 1169 jusques
1400 1089 1533 1170 joy,
1578 1105 1829 1152 comme
1864 1085 2042 1151 aussi
2077 1104 2244 1150 nous
2288 1083 2584 1150 desirons

625 1170 716 1235 de
761 1180 984 1236 nostre
1035 1182 1186 1254 part
1241 1192 1406 1238 nous
1461 1173 1797 1257 employer
1839 1170 1920 1236 de
1976 1172 2109 1237 bon
2165 1191 2368 1238 cucur
2417 1190 2587 1254 pour

627 1276 797 1322 vous
854 1256 922 1321 la
976 1276 1063 1322 ou
1115 1278 1281 1322 nous
1336 1279 1420 1322 en
1476 1278 1715 1324 aurons
1781 1258 1843 1323 le
1897 1277 2156 1342 moyen.
2245 1259 2354 1323 Au
2407 1264 2586 1322 reste

629 1362 802 1408 nous
843 1363 929 1407 ne
987 1364 1261 1408 scavons
1316 1363 1482 1426 pour
1522 1343 1587 1410 le
1639 1353 1906 1428 present
1960 1352 2148 1409 autre
2189 1342 2453 1409 remede
2496 1342 2585 1406 si-

629 1448 773 1493 non
818 1427 900 1493 de
941 1437 1253 1494 remettre
1293 1429 1548 1495 laffaire
1583 1450 1622 1494 a
1658 1430 1829 1511 dieu,
1872 1429 2126 1514 Lequel
2159 1449 2326 1494 nous
2358 1427 2585 1513 prions

635 1514 1076 1597 magnifiques
1120 1524 1186 1580 et
1229 1515 1645 1581 treshonores
1688 1518 2025 1601 seigneurs
2067 1534 2232 1581 vous
2274 1514 2460 1581 avoir
2501 1537 2584 1581 eu

635 1619 713 1665 sa
753 1599 1002 1666 saincte
1042 1600 1260 1684 garde.
1329 1602 1574 1669 Doune
1618 1622 1693 1669 ce
1735 1605 1917 1686 xxvj.
1964 1600 2265 1667 doctobre
2316 1603 2496 1667 1562.

1425 1895 1833 1904 ————-

1512 2148 1717 2222 3869.
1783 2211 1787 2216 ,

1100 2304 1575 2373 OALVINUS
1620 2304 2123 2373 OLEVIANO.

815 2475 1162 2560 Scrimyero
1202 2481 1272 2540 ut
1307 2476 1777 2561 Heidelberqam
1811 2483 1913 2543 eat
1940 2478 2316 2561 persuaderi
2356 2479 2583 2561 nequit.

639 2563 998 2630 Consilium
1041 2562 1216 2627 addit
1256 2563 1332 2628 de
1372 2563 1711 2647 disciplina
1747 2563 2151 2632 instituenda.

638 2736 752 2803 (Ex
800 2733 1113 2857 apographo
1159 2734 1288 2789 Cod.
1325 2733 1528 2788 Genev.
1567 2733 1710 2801 107⁸,
1763 2735 1854 2791 fol.
1888 2734 2009 2817 258,
2061 2736 2182 2791 coll.
2219 2753 2264 2793 c.
2299 2736 2431 2792 Cod.
2467 2735 2586 2804 108,

843 2807 912 2860 01.
951 2803 1068 2874 142,
1102 2804 1244 2873 Epp.
1280 2804 1444 2858 Bern.
1482 2803 1569 2858 VI.
1610 2802 1740 2858 1101
1779 2812 1836 2859 et
1869 2805 2076 2860 Simler.
2114 2806 2232 2860 vol.
2267 2804 2411 2872 105.)

815 2977 1080 3044 Eximio
1125 2984 1192 3041 et
1233 2975 1412 3041 fideli
1454 2975 1707 3043 Christi
1750 2997 1942 3043 servo
1980 2979 2064 3044 D.
2104 2977 2394 3063 Gaspari
2427 2977 2585 3045 Ole-

636 3063 837 3131 viano
879 3062 1069 3129 fratri
1112 3070 1178 3127 et
1218 3071 1622 3148 symmystae
1665 3063 2108 3148 integerrimo.

1912 3167 2409 3255 Heidelbergae.

814 3340 885 3408 S.
955 3338 1180 3421 Quum
1226 3338 1450 3404 literas
1492 3358 1673 3406 meas
1714 3346 2013 3425 putarem
2041 3342 2189 3407 iam
2231 3341 2303 3406 in
2347 3342 2586 3407 itinere

639 3448 802 3509 esse,
857 3426 1241 3492 nunciatum
1285 3432 1386 3490 est
1429 3446 1706 3507 puerum
1749 3425 1960 3492 adhuc
2004 3426 2270 3493 comites
2314 3447 2586 3511 exspec-

641 3523 805 3582 tare.
899 3512 1131 3595 Itaque
1192 3509 1613 3595 Sorimyerum
1647 3514 1696 3589 ¹)
1756 3510 1840 3577 ad
1901 3533 2006 3577 me
2072 3513 2320 3593 vocavi,
2386 3520 2464 3578 ut
2528 3513 2586 3578 si

637 3600 903 3667 animus
946 3599 1086 3664 eius
1130 3596 1211 3662 ad
1262 3596 1740 3681 suscipiendam
1783 3618 1950 3681 quae
1993 3597 2166 3681 apud
2207 3619 2326 3665 vos
2368 3597 2589 3666 oblata

637 3695 742 3753 est
790 3684 1221 3770 provinciam,
1285 3681 1389 3748 vel
1434 3684 1564 3747 iam
1608 3703 1973 3767 propensus
2016 3691 2205 3763 esset,
2261 3684 2365 3752 vel
2407 3685 2586 3753 flecti

640 3782 877 3858 posset,
924 3791 1078 3836 eum
1120 3769 1419 3834 hortarer
1463 3788 1539 3834 ae
1583 3769 2004 3835 stimularem.
2073 3768 2325 3837 'Verum
2369 3772 2588 3855 reperi

636 3858 811 3944 quod
854 3854 1251 3940 suspicabar,
1302 3875 1436 3920 non
1478 3874 1669 3937 posse
1711 3854 1834 3921 1100
1875 3864 2167 3938 tempore
2210 3856 2466 3935 adduci,
2511 3865 2586 3922 ut

638 3945 944 4028 cuiquam
990 3942 1130 4008 loco
1175 3960 1441 4025 operam
1487 3962 1676 4005 suam
1722 3940 1993 4007 addicat.
2064 3940 2337 4009 Electus
2380 3962 2421 4007 a
2463 3963 2584 4009 no-

636 4030 741 4097 bis
805 4029 1020 4095 fuerat
1081 4027 1342 4109 linguae
1409 4046 1682 4110 graecae
1758 4027 2116 4111 professor:
2137 4030 2197 4106 2)
2276 4027 2582 4109 conditio,

636 4116 938 4200 quamvis
1003 4113 1257 4197 exigua,
1324 4112 1561 4178 fuisset
1625 4120 1848 4179 tamen
1914 4113 2190 4179 honesta
2252 4122 2318 4181 et
2381 4114 2582 4181 utilis.

635 4200 1024 4285 Respondit,
1061 4198 1119 4264 si
1152 4197 1319 4265 liber
1352 4206 1542 4277 esset,
1584 4220 1656 4265 se
1690 4198 1879 4264 nobis
1913 4199 2375 4282 obsequentem
2409 4201 2583 4266 fore:

638 4287 755 4353 sed
810 4287 965 4371 quia
1020 4284 1219 4350 fidem
1276 4283 1717 4350 obstrinxerat
1758 4284 2028 4351 Ulricho
2072 4283 2375 4371 Fuyyem,
2400 4290 2455 4365 ⁸)
2514 4306 2587 4352 se

637 4489 827 4545 3868.
847 4488 906 4555 1)
941 4490 1035 4543 sic.
1071 4488 1148 4570 ct.
1181 4487 1254 4543 N.
1287 4487 1427 4543 3849
1459 4494 1570 4542 not.
1643 4488 1719 4570 13⁸
1759 4490 2071 4570 nominibus
2108 4490 2356 4559 propriis
2388 4492 2589 4546 uirum

635 4559 1328 4690 gasaiwa-mfflmm
1361 4558 1572 4613 calamo
1603 4573 1694 4612 uso
1726 4563 1853 4613 svnt.

844 4693 906 4758 2)
944 4693 1166 4761 Lapsae
1199 4695 1400 4749 calami
1439 4709 1554 4750 esse
1592 4695 1824 4749 videtur.
1893 4694 2281 4765 Philosophiae
2318 4696 2593 4764 professio

639 4765 696 4819 ei
735 4763 1004 4884 magia?
1042 4763 1266 4885 {uei-ga
1284 4762 1400 4901 >In
1446 4766 1665 4833 praecis
1706 4764 1909 4833 109σὸ01
1957 4765 2161 4820 Franc-
2206 4764 2381 4821 Porto
2421 4765 2592 4838 (Ray.

847 4900 911 4962 3)
953 4898 1240 4967 Fuyyerus
1273 4901 1651 4968 Ammianus,
1693 4917 1745 4955 a.
1782 4900 1919 4954 1560
1956 4899 2263 4971 Ser-inquo
2294 4903 2592 4960 mandave-

636 4977 735 5027 rat
775 4974 839 5023 ut
871 4968 1041 5022 libros
1074 4983 1245 5021 manu
1287 4973 1521 5036 scriptos
1562 4978 1615 5025 et
1648 4973 1938 5039 impressos
1977 4972 2096 5024 suis
2142 4974 2445 5040 sumptibus
2478 4989 2591 5028 eoe-

633 5046 818 5107 Μαι,
864 5038 1006 5092 alios
1048 5039 1199 5106 typis
1242 5037 1335 5090 edi
1381 5046 1612 5100 curaret.
1647 5041 1883 5095 maxime
2045 5039 2222 5093 Hem.
2259 5039 2593 5110 Stephanum

629 5110 739 5179 qui
772 5123 827 5163 se
870 5106 933 5161 U.
969 5105 1221 5174 Fuyqeri
1261 5107 1657 5174 typoyraphum
1698 5108 1760 5162 in
1804 5110 1908 5163 citu
1927 5110 1980 5161 ie
2020 5108 2284 5164 librorum
2317 5126 2356 5163 a
2389 5125 2447 5164 se
2479 5111 2592 5166 edi·

631 5186 816 5233 torum
850 5176 1178 5244 appellabat.
1236 5174 1432 5228 Verum
1467 5177 1579 5227 iam
1612 5190 1679 5228 m.
1700 5176 1833 5233 Dec.
1871 5175 2005 5230 1561
2027 5183 2303 5245 patronus
2352 5179 2591 5237 clientem

629 5247 702 5299 in
734 5248 823 5299 itas
858 5245 1074 5300 vocavit
1110 5242 1415 5309 Sco-immo
1447 5242 1587 5297 litem
1622 5246 1738 5299 eius
1768 5248 1985 5302 nomine
2012 5252 2360 5317 persequente
2391 5247 2593 5314 (Goul-

623 5312 779 5379 ΒΜ
805 5329 864 5385 p.
898 5311 1047 5382 154).

2133 376 2659 447 EPISTOLAE
2704 378 3122 445 3868—3871

4488 384 4595 448 564

2689 566 2903 634 vereri
2957 565 3251 633 levitatis
3303 572 3549 648 notam,
3614 566 3671 633 si
3725 565 3936 633 ullum
3998 566 4334 651 publicum
4386 589 4602 640 munus

2686 653 2914 721 obiret.
2985 652 3213 736 Quum
3244 673 3479 720 rursus
3510 654 3976 737 exciperemus,
4016 674 4153 721 non
4188 655 4463 740 amplius
4497 678 4603 724 nos

2687 739 2951 824 exigere
2965 788 2982 818 ,
3045 760 3244 823 quam
3301 736 3475 823 quod
3535 740 3617 806 ab
3681 739 3823 825 ipso
3880 739 4133 807 Uln‘oho
4194 739 4601 825 impetrasset,

2684 826 2927 891 iterum
2989 824 3348 906 excusavit,
3412 824 3618 892 donec
3662 845 3703 892 a
3756 826 4058 910 pactione
4120 825 4317 911 plane
4378 826 4604 896 solutus

2685 911 2870 990 foret,
2926 910 3095 976 nihil
3152 911 3274 977 sibi
3328 931 3471 977 esse
3528 911 3877 997 integrum.
3964 911 4216 978 Eadem
4281 912 4399 979 illa
4450 935 4603 983 nunc

2685 1018 2885 1080 quum
2950 1003 3292 1081 repeteret,
3358 995 3639 1081 amplius
3701 1018 3939 1083 urgere
4003 1018 4205 1065 ausus
4263 1020 4399 1065 non
4459 1021 4603 1067 sum.

2685 1083 2857 1148 Nam
2900 1089 2980 1147 ut
3041 1083 3304 1149 scholae
3343 1094 3606 1149 vestrae
3668 1084 3957 1149 maxime
4009 1095 4429 1170 prospectum
4482 1106 4607 1152 eme

2685 1168 2965 1253 cupiam,
3023 1168 3221 1235 simul
3278 1177 3500 1235 tamen
3555 1168 3751 1235 amici
3805 1167 4239 1237 verecundiae
4290 1172 4608 1239 consulere

2686 1276 2949 1321 necesse
2992 1263 3110 1334 est,
3167 1255 3554 1339 praesertim
3599 1276 3803 1338 quum
3845 1278 4024 1323 nunc
4068 1256 4516 1323 inhumaniter
4550 1265 4611 1323 et

2687 1340 3154 1407 contumeliose
3211 1339 3270 1408 U
3272 1339 3511 1407 trichias
3549 1342 3691 1424 ipse
3732 1361 3773 1406 a
3816 1342 4106 1427 cognatis
4148 1349 4485 1410 tractetur.

2860 1426 3055 1509 Quod
3099 1426 3181 1493 de
3222 1427 3713 1494 constituendae
3752 1427 4134 1512 disciplinae
4174 1429 4434 1495 ratione
4474 1448 4608 1496 con-

2686 1512 2909 1579 silium
2965 1533 3185 1578 meum
3240 1513 3563 1597 postulas,
3624 1514 3739 1580 vix
3797 1515 4083 1580 occurrit
4134 1514 4308 1598 quod
4361 1536 4609 1599 respon·

2687 1596 2897 1678 deam,
2940 1599 3071 1665 nisi
3111 1598 3475 1681 optandum
3516 1620 3677 1678 esse,
3721 1609 3797 1665 ut
3830 1599 3993 1666 duos
4025 1601 4330 1685 princeps
4367 1600 4447 1667 de
4476 1623 4611 1667 con-

2687 1684 2819 1751 silii
2864 1685 2969 1751 sui
3012 1686 3342 1751 sententia
3373 1688 3687 1765 nominet,
3718 1683 3884 1752 duos
3914 1685 4332 1768 universitas,
4355 1695 4612 1770 quatuor

2689 1779 2909 1838 autem
2950 1791 3294 1837 commune
3336 1772 3540 1852 urbis,
3587 1773 3698 1856 qui
3740 1792 3874 1838 una
3915 1792 4065 1838 cum
4107 1772 4482 1856 pastoribus
4520 1793 4611 1839 ec-

2687 1857 2920 1924 elesiae
2953 1858 3265 1941 praesint,
3302 1876 3379 1923 ao
3410 1856 3550 1922 sint
3582 1878 3841 1924 morum
3875 1878 4196 1925 censores.
4265 1858 4417 1924 Hoc
4456 1859 4611 1924 enim

2686 1946 2880 2012 modo
2922 1951 3162 2029 putee,
3219 1964 3385 2028 quae
3429 1943 3672 2028 alioqui
3724 1942 3862 2010 suis
3903 1944 4243 2010 ordinibus
4286 1942 4612 2011 distinctae

2687 2042 2858 2112 sunt,
2895 2032 3333 2099 coalescerent
3363 2029 3436 2093 in
3471 2050 3682 2095 unum
3703 2050 3956 2114 corpus,
3992 2030 4266 2097 ecclesia
4300 2031 4405 2097 ius
4437 2050 4613 2097 suum

2686 2119 3020 2197 retineret,
3076 2115 3299 2183 nullus
3351 2124 3574 2182 autem
3627 2124 4036 2200 gravaretur.
4106 2115 4330 2183 Modis
4371 2116 4613 2201 quidem

2687 2204 2992 2270 omnibus
3044 2201 3425 2269 instandum
3469 2211 3587 2279 est,
3646 2209 3722 2268 ut
3763 2202 4156 2268 mediocrem
4212 2202 4446 2269 saltem
4500 2202 4613 2267 dis·

2686 2288 3370 2443 1111111111
3389 2286 3855 2440 111111
3897 2286 4617 2441 simmia

2897 2428 2912 2455 9
3675 2425 3693 2454 9

2690 2463 2940 2540 dueem,
2982 2481 3116 2527 non
3151 2469 3252 2528 est
3287 2459 3459 2545 quod
3495 2480 3784 2544 unquam
3817 2458 4132 2545 fatigeris.
4205 2459 4281 2527 Si
4321 2460 4443 2526 tibi
4482 2480 4614 2526 cum

2687 2546 3150 2614 iureconsultis
3214 2544 3601 2612 certandum
3664 2555 3793 2628 est,
3861 2548 4029 2612 scias
4099 2546 4223 2613 hoc
4287 2546 4615 2612 hominum

2688 2656 2899 2719 genus
2959 2631 3200 2717 ubique
3263 2633 3400 2698 fere
3464 2653 3606 2699 esse
3662 2631 3918 2698 Ohristi
3980 2633 4188 2700 servis
4248 2632 4611 2698 adversum:

2688 2720 2845 2804 quia
2887 2741 3023 2786 non
3068 2717 3449 2785 existimant
3500 2739 3570 2784 se
3627 2716 3915 2804 gradum
3948 2739 4144 2784 suum
4195 2738 4392 2803 posse
4447 2717 4613 2795 tueri,

2689 2807 2748 2874 si
2790 2826 2917 2889 qua
2954 2806 3180 2890 vigeat
3219 2803 3528 2872 ecclesiae
3571 2805 3899 2871 autoritas.
3971 2803 4375 2871 constanter
4416 2811 4614 2869 tamen

2687 2891 3117 2977 pergendum,
3162 2890 3334 2974 quod
3366 2911 3443 2957 eo
3478 2889 3600 2958 tibi
3632 2890 3886 2957 facilius
3920 2891 4066 2970 erit,
4111 2891 4263 2976 quia
4307 2890 4616 2956 adiutores

2688 2987 2922 3045 nactus
2980 3000 3053 3045 es
3111 2996 3245 3042 non
3288 2974 3452 3042 fidos
3493 2974 3705 3054 modo,
3760 2976 3875 3043 sed
3932 2975 4132 3042 etiam
4183 2976 4507 3042 animosos
4558 2983 4614 3039 et

2689 3072 3012 3131 strenuos.
3082 3062 3270 3143 Vale,
3337 3062 3575 3129 eximie
3632 3063 3736 3130 vir
3801 3070 3867 3128 et
3929 3063 4133 3129 frater
4194 3062 4334 3129 inte
4417 3062 4612 3126 rrime.

2686 3151 2772 3217 D.
2801 3151 3000 3216 Petro
3028 3148 3352 3232 Bocquino
3393 3148 3671 3215 multam
3717 3149 3999 3215 salutem
4031 3169 4278 3232 precor,
4385 3198 4401 3213 .
4438 3147 4615 3214 etiam

2687 3236 2934 3317 Dilero,
2979 3235 3197 3301 Mario
3227 3236 3282 3318 ³)
3347 3243 3412 3300 et
3470 3234 3737 3320 reliquis
3799 3235 4042 3301 amicis,
4132 3233 4462 3300 Dominus
4511 3251 4614 3298 vos

2687 3343 2914 3389 omnes
2957 3328 3178 3390 servet
3216 3320 3593 3402 incolumes,
3652 3327 4043 3405 sanctosque
4086 3327 4342 3388 vestros
4385 3319 4616 3386 labores

2687 3408 3045 3476 benedicat.
3118 3406 3433 3475 Genevae
3477 3411 3558 3471 27
3566 3458 3579 3473 .
3627 3405 3931 3475 Octobris
3981 3410 4165 3472 1562.

3610 3578 3895 3646 Ioannes
3940 3577 4261 3646 Calvinus
4305 3584 4474 3644 tuus.

3571 4292 3764 4364 8870.

3120 4466 3592 4537 GALVINUS
3645 4464 4215 4536 TREMELLIO.

2786 4729 2799 4743 α
2862 4640 3187 4795 gemell&
3230 4640 3706 4707 commentarius
3747 4639 3818 4704 in
3866 4636 4145 4705 Hoseam
4193 4635 4469 4703 Gemma
4504 4633 4607 4698 im·

2680 4749 2861 4813 prim
2957 4750 3012 4795 r.

2688 4901 3107 5024 {Anthenticum
3142 4913 3248 4951 11011
3285 4899 3483 4949 exstat.
3552 4896 3772 4950 Habent
3805 4894 4131 4949 Turretinus
4174 4894 4233 4948 in
4268 4892 4387 4949 cod.
4420 4890 4600 4946 Genev.

2725 4970 2811 5039 08,
2858 4971 2950 5026 fol.
2988 4967 3107 5033 142,
3142 4964 3301 5022 Arch.
3338 4965 3503 5021 Bern.
3546 4964 3635 5018 VI.
3671 4982 3726 5035 p.
3768 4962 3904 5017 1102
3949 4969 4008 5017 et
4041 4963 4304 5018 Simlerus
4335 4960 4447 5015 Vol.
4481 4953 4603 5022 105.)

2893 5241 2957 5380 ’ἐξ
2985 5237 3656 5382 effluet-22³
3667 5237 4117 5379 ,amm
4146 5236 4434 5309 m...
