4850 6117
617 412 756 478 483

625 599 999 685 opprimere
1031 598 1276 664 frustra
1308 596 1525 664 conati
1557 601 1733 662 sunt.
1804 594 1951 661 Iam
1986 612 2146 679 ergo
2181 592 2402 672 miras,
2444 590 2579 658 imo

623 684 1035 773 prodigiosas
1076 690 1308 749 contra
1327 681 1665 750 Danielem
1706 681 2043 748 consulem
2075 685 2143 746 et
2182 680 2361 747 cives
2394 696 2578 762 spar-

719 780 797 837 nt
837 770 1218 836 calumnias.
1289 768 1586 835 Tandem
1630 766 1828 833 etiam
1872 788 1913 833 a
1954 785 2214 833 camera
2255 763 2581 850 imperiali

681 858 862 941 pirae
904 855 1250 940 proscripti
1292 862 1470 921 sunt.
1540 854 1868 920 Dominus
1901 852 2132 918 liberet
2166 871 2276 918 eos
2311 872 2350 916 a
2383 849 2578 915 malo.

624 942 880 1027 Scripsi
922 941 1312 1008 festinanter
1354 961 1476 1008 nec
1507 939 1731 1025 relegi.
1787 938 1958 1005 Vale
1992 938 2257 1023 optime.
2328 938 2387 1002 7.
2423 935 2578 1002 16111

630 1033 815 1095 1562.
898 1026 1134 1095 Saluta
1190 1027 1433 1094 amicos
1490 1034 1560 1092 et
1610 1026 1863 1093 fratres.
1949 1024 2176 1090 Nostri
2232 1043 2458 1089 omnes
2513 1029 2579 1087 te

622 1115 938 1181 salutant.

1875 1248 2057 1314 'lluus
2097 1245 2212 1313 ille
2252 1245 2404 1312 ΗΒ.

1496 1792 1696 1865 3824.

1090 1948 1622 2017 ZERKIN'PES
1668 1948 2106 2018 OALVINO.

757 2196 764 2203 ,
793 2124 1247 2192 Genevensium
1288 2124 1356 2187 in
1400 2121 1841 2188 succum-endis
1868 2121 2083 2189 Gallis
2120 2121 2435 2205 fratribus
2476 2142 2575 2188 so-

610 2211 894 2278 cordiam
932 2215 1111 2276 taxat
1152 2214 1212 2275 et
1254 2208 1550 2293 explodit.
1580 2213 1632 2289 1)

927 2380 1035 2447 (Ex
1071 2378 1411 2450 autographo
1445 2379 1579 2434 Ood.
1616 2380 1823 2435 Genev.
1840 2377 1961 2449 114,
1993 2379 2085 2434 fol.
2123 2378 2268 2448 116.)

612 2551 1034 2619 Geneveusis
1097 2551 1408 2619 ecclesiae
1470 2551 1717 2636 pastori
1780 2551 2281 2635 vigilantissimo
2334 2552 2571 2618 Ioanni

715 2637 998 2704 Oalvino
1040 2639 1214 2723 patri
1258 2659 1333 2705 ac
1377 2638 1568 2703 fratri
1610 2637 1685 2702 in
1720 2637 1988 2704 Ohristo
2031 2637 2301 2705 colendo
2346 2659 2482 2705 666.

788 2808 1001 2875 Ν61116
1058 2828 1355 2893 unquam
1414 2816 1684 2874 senatus
1741 2810 1945 2875 vestri
1999 2809 2209 2876 literis
2271 2810 2367 2875 ita
2423 2831 2570 2876 sum

611 2904 980 2963 commotus
1012 2902 1094 2961 ut
1135 2895 1220 2959 iis
1254 2914 1413 2978 quas
1451 2893 1645 2961 hodie
1678 2895 1748 2960 iu
1785 2900 2021 2961 senatu
2053 2894 2380 2979 frequenti
2418 2896 2569 2981 legi,

612 2981 852 3066 quibus
896 2981 979 3047 de
1023 2987 1394 3046 commeatu
1437 2982 1637 3046 66166
1681 2979 1812 3047 (1161
1854 2981 1927 3047 16
1971 2983 2099 3047 tria
2149 2982 2407 3048 circiter
2451 2983 2569 3047 ho-

612 3067 873 3134 minum
927 3066 1132 3132 millia
1186 3088 1264 3132 ea
1320 3066 1626 3149 desperat
1679 3067 1856 3145 urbs,
1912 3088 2110 3150 quam
2166 3066 2571 3133 obsidionem

612 3153 860 3238 integri
904 3152 1063 3218 anni
1104 3151 1387 3218 laturam
1433 3152 1620 3221 facile
1655 3173 1885 3219 omnes
1918 3152 2383 3230 iudicabamus,
2427 3155 2571 3221 sine

611 3237 837 3321 inopia
869 3238 1104 3304 victus.
1175 3237 1363 3319 Quae
1407 3239 1465 3303 si
1499 3246 1684 3304 tanta
1717 3259 1899 3304 nuuc
1934 3248 2052 3318 est,
2097 3239 2570 3307 dissimulanda

611 3331 841 3390 tamen
885 3332 1043 3402 erat,
1102 3331 1171 3388 et
1227 3323 1485 3406 quidvis
1542 3326 1761 3408 potius
1820 3324 2210 3391 tentandum
2252 3347 2450 3409 quam
2494 3336 2569 3393 ut

611 3409 722 3478 vel
780 3409 1177 3476 simularetis
1219 3409 1326 3475 vel
1371 3409 1540 3477 serio
1583 3410 1948 3495 proderetis
2003 3411 2312 3495 inopiam.
2384 3412 2569 3478 Proh

609 3495 829 3562 Deus!
899 3494 1008 3578 qui
1076 3493 1379 3561 cachinni
1443 3504 1598 3562 sunt
1660 3497 1871 3563 oborti
1932 3500 2261 3580 permixto
2324 3503 2424 3576 (ut
2466 3500 2568 3577 fit)

612 3579 1029 3666 quorundam
1072 3581 1342 3664 gemitu,
1382 3580 1656 3648 Geneva
1699 3583 2121 3649 ecclesiarum
2165 3585 2367 3650 totius
2404 3583 2568 3651 Gal-

610 3666 740 3733 liae
793 3676 1015 3753 segete
1076 3687 1262 3732 suam
1324 3666 1903 3734 infoecunditatem
1968 3670 2352 3734 confitente!
2423 3671 2569 3753 Ego

609 3753 736 3820 tibi
777 3752 981 3820 libere
1018 3751 1165 3820 dico
1208 3774 1315 3819 me
1360 3752 1871 3821 detrectaturum
1917 3755 2148 3821 tributi
2187 3756 2569 3838 pensionem

609 3847 832 3907 vestro
875 3846 1109 3905 senatu
1155 3839 1462 3923 exigente
1505 3860 1638 3906 666
1696 3841 1918 3919 fuisse,
1977 3840 2130 3906 licet
2190 3841 2385 3907 alieni
2444 3843 2565 3909 sim

609 3924 890 4010 imperii,
937 3933 1197 3990 tautum
1233 3945 1316 3990 66
1353 3926 1632 3992 Geneva
1673 3947 1861 3993 suam
1897 3926 2278 4010 parcitatem
2323 3929 2393 3993 in
2439 3950 2567 4009 666,

608 4013 724 4095 661
767 4011 884 4079 vix
919 4011 1181 4095 magnis
1225 4012 1768 4092 contentionibuS,
1813 4021 1890 4078 ut
1912 4012 2167 4079 Galliae
2202 4034 2391 4097 opem
2437 4015 2567 4080 fer·

607 4107 779 4177 rent,
846 4098 1222 4163 missionem
1290 4097 1645 4182 impetrare
1701 4107 2073 4182 potuerunt,
2141 4101 2315 4166 fassa
2372 4108 2563 4166 esset.

606 4181 842 4266 Neque
878 4183 1169 4248 nummis
1204 4204 1416 4266 neque
1459 4184 1665 4250 labori
1701 4183 2096 4268 parcendum
2136 4197 2278 4251 erat
2313 4208 2397 4251 66
2438 4188 2566 4252 ista

606 4269 997 4352 significatio
1038 4269 1505 4336 contractionis
1548 4272 1887 4353 erupisset,
1945 4273 2339 4355 praesertim
2383 4272 2566 4337 nullo

606 4355 716 4421 vel
759 4352 998 4420 damno
1042 4354 1153 4421 vel
1198 4355 1591 4421 detrimento
1631 4357 1840 4421 vitam
1883 4378 2072 4423 suam
2115 4377 2235 4441 pro
2279 4358 2565 4424 ecclesiis

608 4441 1087 4521 exponentibus
1122 4461 1454 4506 annonam
1476 4442 1683 4524 pretio
1727 4443 2066 4525 empturis.
2128 4441 2379 4509 Omnes
2424 4465 2564 4509 om-

606 4525 794 4590 nium
847 4546 1040 4592 voces
1105 4527 1445 4593 clamitant
1501 4527 1926 4595 Geueveuses
1990 4528 2057 4594 id
2112 4549 2323 4593 unum
2388 4551 2566 4596 6666

607 4610 916 4693 cogitare,
959 4624 1036 4676 ut
1076 4616 1218 4679 sine
1262 4634 1381 4678 suo
1423 4612 1834 4680 incommodo
1876 4614 2109 4679 alienis
2155 4616 2357 4681 armis
2398 4637 2565 4700 quae

606 4694 735 4779 ipsi
780 4697 1191 4762 concitarunt
1230 4700 1357 4764 tuti
1402 4699 1654 4765 vivant.
1735 4700 2008 4766 Utinam
2056 4702 2177 4766 hoc
2222 4701 2411 4768 nobis
2455 4699 2566 4767 diu

605 4781 820 4858 liceat,
887 4789 956 4847 et
1019 4802 1201 4847 arma
1263 4785 1535 4850 silerent
1599 4785 1816 4869 potius
1872 4806 2065 4869 quam
2132 4793 2262 4852 tam
2328 4787 2565 4872 frigide

605 4866 1006 4933 foverentur.
1085 4867 1406 4935 Prudenti
1449 4871 1612 4938 haec
1655 4873 1865 4939 scribo
1909 4881 1976 4936 et
2017 4873 2123 4939 cui
2167 4894 2299 4939 666
2345 4874 2567 4939 omnia

606 4953 885 5020 consilia
926 4953 1189 5037 probari
1231 4957 1380 5021 scio.
1460 4954 1537 5021 Si
1581 4959 1693 5040 661
1735 4978 2034 5024 6666666
2074 4958 2366 5044 inopiam
2410 4980 2563 5025 cau-

606 5048 829 5105 santes
862 5038 1134 5104 insidias
1157 5041 1351 5105 veriti
1386 5050 1558 5120 suut,
1594 5044 1912 5111 falluntur
1932 5054 2001 5109 et
2033 5045 2288 5111 fallunt.
2351 5044 2566 5130 Signa

608 5126 786 5191 enim
850 5126 978 5191 ista
1031 5122 1375 5192 Geuevam
1433 5147 1567 5192 666
1631 5139 1868 5212 petunt
1930 5131 2046 5197 sed
2111 5131 2335 5200 hostes
2401 5133 2561 5199 6166.

602 5327 800 5383 8824.
816 5328 876 5397 1)
917 5327 1133 5386 Utiliter
1163 5329 1255 5386 laic
1285 5329 1532 5399 mafora
1568 5331 1701 5402 1209.
1734 5333 1814 5390 da
1832 5334 2048 5391 Comes!
2078 5351 2118 5391 a
2149 5337 2199 5391 5.
2234 5335 2314 5391 ad
2344 5334 2431 5393 15.
2449 5336 2563 5392 Iul.

2137 400 2662 472 EPISTOLAE
2709 403 3130 468 3823—3827

4481 406 4582 469 484

2682 590 3040 659 Oontiuere
3079 611 3205 672 me,
3249 590 3413 676 quin
3453 591 3583 658 ista
3623 596 3842 658 tecum
3875 589 4319 658 stomacharer
4350 610 4586 677 occupa-

2681 678 2953 759 tissimo,
3018 697 3153 744 666
3196 678 3397 762 potui.
3469 678 3641 744 Vale
3683 684 3750 744 et
3801 697 3907 744 me
3950 696 4130 743 ama:
4198 698 4318 762 ego
4359 676 4586 763 quidem

2681 772 2747 831 te
2803 765 3229 832 vehementer
3283 763 3482 850 diligo
3541 771 3608 831 et
3662 764 3951 832 observo.
4034 763 4297 830 Bernac
4351 768 4411 830 8.
4456 764 4589 831 16111

2687 854 2869 918 1562.
3824 935 4009 1004 'Puus
4050 936 4447 1004 Zerchintes.

3549 1448 3749 1521 8825.

3163 1604 3662 1673 FARELLUS
3708 1603 4141 1672 GALVINO.

2849 1776 3003 1861 Aqit
3064 1777 3141 1843 de
3202 1777 3487 1843 ministro
3547 1777 3748 1843 nescio
3788 1796 3909 1858 quo
3971 1777 4278 1857 mittenda,
4345 1779 4487 1844 item
4534 1780 4602 1844 de

2564 1836 2573 1841 ’
2676 1861 2940 1929 ammas
2983 1863 3068 1928 aa
3119 1863 3237 1928 iter
3288 1883 3355 1928 se
3395 1862 3845 1948 ammantibus
3898 1864 4008 1929 saa
4047 1865 4249 1930 nescio
4290 1870 4603 1948 quopaaeo

2678 1949 3012 2031 mpeditis.
3094 1948 3468 2015 Farelliana
3509 1948 3822 2015 luciditas.

2677 2120 2790 2189 (Ex
2824 2120 3163 2190 autographo
3197 2119 3329 2176 cod.
3377 2120 3579 2176 Geuev.
3635 2118 3751 2188 115,
3800 2120 3890 2175 fol.
3940 2119 4059 2186 145,
4102 2122 4220 2178 coll.
4255 2138 4302 2178 6.
4337 2121 4469 2177 Ood.
4503 2120 4604 2189 116,

2812 2190 2904 2244 fol.
2941 2189 3027 2258 69,
3063 2190 3200 2260 Epp.
3238 2191 3402 2244 Bern.
3439 2189 3533 2245 VI.
3567 2206 3622 2259 p.
3651 2188 3802 2256 1020,
3839 2195 3898 2243 et
3930 2191 4149 2245 Simleri
4182 2192 4301 2246 Vol.
4334 2191 4484 2258 105.)

2848 2361 3101 2427 Christi
3158 2382 3346 2427 servo
3387 2361 3481 2427 Io.
3529 2360 3808 2429 Calvino
3865 2361 4173 2428 ecclesiae
4217 2362 4608 2429 Genevensis

2677 2448 2940 2600 pastgri,
2998 2448 3188 2513 fratri
3234 2454 3308 2513 ‘et
3360 2456 3767 2533 symmystae
3819 2468 4016 2532 quam
4059 2449 4349 2515 maxime
4405 2451 4602 2515 obser·

2678 2554 2801 2599 van
2850 2555 2906 2599 Ο·
4121 2619 4451 2688 Genevae.

2847 2789 2918 2857 S.
2991 2792 3340 2877 Rogarunt
3382 2812 3501 2858 666
3543 2789 3591 2856 11
3628 2792 3739 2875 661
3782 2791 4190 2878 collegerunt
4222 2792 4464 2858 milites
4504 2813 4609 2876 pro

2674 2878 2996 2943 ministro.
3026 2883 3077 2955 ¹)
3148 2878 3374 2943 Alium
3418 2899 3549 2943 non
3595 2877 3925 2961 potuimus
3969 2876 4124 2944 dare
4167 2898 4365 2961 quam
4402 2877 4607 2944 Saira-

2674 2965 2953 3028 riensem
3001 2984 3223 3029 senem
3270 2972 3614 3048 expertum
3658 2983 3899 3043 rerum,
3958 2963 4074 3029 sed
4118 2986 4250 3029 666
4306 2973 4446 3029 tam
4497 2965 4606 3030 hu-

2674 3050 2889 3116 manis
2932 3049 3137 3115 literis
3182 3050 3475 3130 tinctum,
3528 3050 3601 3114 iu
3655 3050 3915 3134 pietatis
3971 3047 4265 3115 doctrina
4308 3071 4445 3115 666
4497 3051 4607 3119 im-

2674 3156 2933 3219 purum,
2980 3135 3182 3219 etqui
3221 3157 3351 3201 non
3396 3144 3496 3202 est
3536 3136 3802 3219 ineptus
3834 3134 3917 3201 ad
3951 3133 4398 3202 admonendos
4440 3137 4610 3202 iuve-

2674 3243 2808 3287 nes.
2890 3220 2967 3288 Si
3023 3229 3322 3289 senectus
3381 3230 3610 3307 gravet
3662 3223 3898 3300 virum,
3958 3229 4036 3287 ut
4086 3222 4260 3287 ultra
4314 3220 4609 3306 progredi

2673 3327 2806 3373 non
2850 3309 3075 3391 possit,
3132 3316 3201 3373 et
3253 3309 3365 3374 ubi
3409 3309 3586 3374 vires
3640 3308 4034 3385 suffecerint,
4089 3315 4166 3372 ut
4218 3306 4607 3385 sublevetur,

2671 3401 2740 3459 et
2781 3392 2839 3458 si
2881 3394 3295 3479 scribendum
3340 3395 3426 3458 sit
3468 3403 3582 3458 aut
3624 3414 3774 3459 cum
3811 3393 4225 3477 peritioribus
4268 3393 4606 3478 agendum,

2671 3481 2909 3545 fratres
2966 3488 3034 3546 te
3089 3486 3330 3565 rogant
3386 3487 3454 3546 et
3507 3480 3808 3564 collegas,
3876 3487 3954 3543 ut
4000 3477 4321 3545 chalem„
4365 3478 4607 3545 addatis

2671 3567 2749 3645 ei,
2794 3566 2851 3631 si
2884 3565 3070 3631 vobis
3105 3565 3417 3649 probetur
3458 3586 3590 3631 666
3633 3568 3894 3649 ineptus
3939 3563 4021 3630 ad
4063 3565 4187 3631 hoc
4228 3585 4490 3644 munus,
4533 3584 4606 3628 66

2670 3652 2814 3718 6166
2856 3653 3156 3717 ministro
3214 3653 3348 3717 sint
3403 3659 3714 3717 manente
3768 3652 3971 3717 fratre
4029 3660 4146 3716 aut
4200 3651 4342 3716 6166
4387 3672 4464 3717 66
4502 3648 4605 3733 661

2670 3737 3009 3805 scribendo
3053 3737 3275 3803 valeat
3316 3744 3383 3803 et
3427 3737 3583 3803 latio
3611 3741 3667 3819 ²)
3713 3757 4011 3803 sermone
4045 3737 4283 3821 quique
4318 3735 4605 3804 doctiori-

2670 3824 2791 3891 bus
2835 3823 3207 3890 satisfacere
3237 3826 3289 3901 ³)
3334 3824 3570 3890 valeat.

2839 3911 3090 3995 Magna
3124 3909 3461 3977 alacritate
3496 3908 3691 3976 duces
3725 3909 4161 3976 incubuerunt
4203 3909 4278 3974 in
4318 3906 4604 3993 legendis

2668 3994 2984 4061 militibus
3027 4002 3094 4062 et
3125 3996 3195 4061 iu
3235 3996 3474 4062 itinere
3509 3995 3897 4078 arripienda
3955 3994 4104 4061 Una
4140 4002 4404 4060 tantum
4438 4013 4607 4059 mora

2667 4081 2943 4148 molesta
2987 4082 3091 4147 his
3132 4082 3275 4162 fuit,
3319 4102 3512 4166 quam
3557 4082 3924 4147 iniecerunt
3965 4080 4065 4146 illi
4088 4102 4204 4165 per
4225 4101 4388 4164 quos
4413 4080 4605 4145 multa

2666 4166 3132 4251 impediuntur,
3192 4188 3358 4251 quae
3412 4173 3744 4252 oporteret
3799 4167 4149 4252 diligenter
4201 4187 4452 4234 curare.
4535 4164 4603 4230 Si

2633 4254 2788 4326 *hos
2829 4253 3027 4319 officii
3073 4253 3506 4331 admonueris,
3552 4254 3796 4319 frustra
3838 4275 3971 4318 666
4013 4254 4275 4320 feceris:
4332 4261 4397 4318 te
4440 4251 4604 4319 enim

2667 4339 3018 4407 observant
3060 4347 3128 4405 et
3168 4361 3583 4423 summopere
3625 4340 3958 4425 petierunt
4001 4345 4078 4406 ut
4121 4339 4205 4405 ad
4246 4347 4315 4405 te
4372 4337 4600 4404 scribe-

2665 4447 2828 4505 rem,
2886 4434 2965 4492 ut
3014 4426 3084 4491 in
3141 4426 3287 4493 albo
3383 4427 3593 4492 iorum
3652 4426 3895 4492 habeas
3939 4433 4007 4492 ct
4062 4445 4289 4490 eorum
4329 4425 4439 4509 qui
4494 4420 4601 4488 tibi

2667 4532 2916 4577 morem
2954 4532 3183 4597 gerere
3225 4521 3331 4579 stu
3380 4520 3495 4578 ent
3529 4535 3611 4578 ex
3648 4513 3887 4578 animo.
3946 4511 4115 4578 Vale
4149 4511 4332 4578 bene.
4387 4508 4603 4575 Chris-

2667 4605 2774 4664 tus
2835 4595 2949 4686 [te]
3016 4607 3236 4665 servet
3289 4606 3356 4664 et
3420 4598 3705 4684 collegas
3753 4619 4003 4680 omnes,
4070 4619 4219 4664 cum
4263 4597 4407 4681 piis,
4472 4602 4601 4660 tum

2665 4683 2973 4768 syndicis,
3012 4686 3436 4761 senatoribus,
3475 4694 3616 4751 tum
3652 4693 3784 4751 toto
3814 4693 4037 4751 sancto
4072 4692 4279 4751 coetu.
4342 4681 4603 4747 Fratres

2666 4781 2732 4834 te
2775 4779 2842 4835 et
2886 4770 3166 4856 collegas
3211 4771 3503 4837 salutant
3536 4780 3836 4838 amanter
3869 4779 3937 4835 et
3971 4776 4368 4845 reverenter,
4406 4786 4599 4851 quan·

2666 4864 2805 4921 tum
2848 4866 3124 4940 possunt
3167 4854 3472 4923 maxime.
3544 4857 3854 4924 Neocomi
3901 4862 3958 4922 9.
4003 4855 4160 4922 Iulii
4209 4857 4389 4921 1562.

3897 4995 4082 5060 Tuus
4121 4992 4437 5059 Farellus.

2662 5198 2846 5253 8825.
2869 5198 2927 5264 1)
2968 5197 3363 5269 Feldprcdiqer.

2866 5266 2929 5332 2)
2962 5269 3098 5337 leye:
3134 5268 3320 5336 latino,
3354 5274 3417 5323 ut
3449 5268 3607 5325 habet
3647 5265 3775 5325 cod.
3813 5266 3929 5323 116.

2866 5335 2927 5404 3)
2959 5337 3206 5392 sufficere
3238 5341 3445 5408 Apoyr.
