4850 6117
252 431 387 491 349

252 617 419 703 qu'il
478 637 566 683 na
627 640 748 705 pas
811 618 1023 705 perdu
1090 639 1209 686 son
1275 625 1489 703 temps
1552 617 1790 686 d’estre
1853 616 1914 683 ic
2010 633 2210 694 venu,

251 724 515 772 comme
572 704 634 772 le
689 705 888 773 fruict
917 705 973 789 ⁹)
1029 705 1091 772 le
1143 715 1533 772 monstrera.
1624 702 1721 771 Ge
1765 706 1866 769 22.
1956 722 1992 767 e
2035 719 2215 765 mars

260 794 452 858 1562.

1236 1090 1456 1098 -0—-0—

1143 1338 1342 1409 874⁹.

878 1493 1120 1561 BEzA
1167 1491 1598 1561 OALVINO.

432 1664 1017 1750 Bellumparatur.

244 1837 367 1908 (Ex
425 1836 765 1959 autographo
820 1836 951 1892 God.
1000 1837 1206 1892 Genev.
1243 1834 1361 1904 117,
1407 1836 1500 1891 fol.
1538 1833 1624 1904 76,
1675 1836 1795 1892 coll.
1843 1852 1889 1892 c.
1924 1835 2056 1890 Ood.
2093 1833 2213 1898 119,

530 1907 621 1962 fol.
696 1908 741 1963 l.
808 1906 1002 1961 Ed1d1t
1035 1907 1207 1961 Baum
1245 1905 1402 1963 Tom.
1435 1904 1506 1959 Π.
1545 1907 1684 1976 App.
1719 1921 1775 1974 p.
1811 1902 1959 1974 171.)

435 2082 495 2145 Α
539 2079 778 2146 Monsr.
822 2079 1057 2145 Mons‘.
1102 2076 1481 2163 Despeville

1488 2184 1528 2231 a
1570 2161 2036 2230 villefranche.

434 2334 506 2403 S.
586 2335 670 2401 Mi
715 2345 920 2422 pater,
978 2357 1061 2401 ex
1103 2337 1455 2420 postremis
1507 2334 1717 2403 literis
1761 2334 1927 2401 meis
1970 2353 2209 2421 cogno-

249 2424 413 2489 visti
513 2444 596 2488 uo
652 2424 719 2488 in
780 2429 958 2488 statu
1013 2441 1326 2489 essemus.
1414 2421 1694 2490 Caetera
1748 2442 1924 2487 nunc
1967 2421 2206 2506 accipe.

247 2508 409 2592 Quo
447 2508 555 2575 dle
594 2507 956 2576 Guisianus
998 2529 1147 2575 cum
1190 2508 1328 2575 suis
1371 2508 1599 2575 urbem
1645 2514 1751 2574 est
1795 2508 1809 2522 ‘

376 2604 404 2659 t
445 2595 634 2662 varia
689 2593 977 2674 consilia,
1035 2592 1299 2660 tandem

244 2682 379 2783 ipsi
436 2700 588 2749 cum
644 2681 887 2748 nostris
940 2680 1144 2766 cdpiis
1196 2681 1266 2745 in
1383 2688 1527 2747 tera
1583 2680 1766 2746 urbis
1821 2687 2009 2763 parte
2052 2700 2206 2747 con-

245 2788 509 2836 monem
550 2766 962 2848 haberemus,
1016 2765 1188 2851 quod
1239 2767 1582 2835 consilium
1629 2764 1894 2833 virtutis
1946 2773 2013 2832 et
2055 2788 2207 2833 con·

246 2854 538 2922 stantiae
572 2852 840 2938 plenum
876 2853 971 2918 ita
1006 2851 1336 2933 successit,
1374 2863 1450 2919 ut
1468 2852 1710 2933 hostes,
1752 2851 1866 2936 qui
1885 2853 2207 2935 putabant

246 2960 374 3007 nos
431 2940 517 3006 ad
574 2940 861 3025 primum
916 2939 1022 3005 sui
1075 2945 1496 3022 conspectum
1551 2938 1773 3005 omnia
1814 2935 2204 3021 deserturos,

245 3024 1276 3196 ffiffiflmmffiffioeffipegnpgge
1321 3022 2203 3179 ffssbffi‘ffbaeffiwnffiz?

247 3218 442 3284 quam
493 3200 639 3265 ausi
692 3198 1041 3266 fuissemus
1084 3217 1367 3281 sperare.
1454 3197 1554 3263 Ab
1596 3217 1675 3263 eo
1719 3204 2013 3283 tempore
2053 3162 2202 3282 per-⁹

248 3285 548 3350 reximus
581 3291 807 3351 nostro
842 3304 1040 3362 more,
1075 3284 1218 3350 sine
1250 3283 1381 3350 insi
1428 3282 1499 3349 ni
1532 3282 1842 3350 tumultu.
1899 3285 2205 3368 Augetur

290 3369 541 3436 uotidie
595 3369 854 3436 illorum
908 3390 1238 3449 numerus,
1295 3389 1365 3435 se
1452 3378 1677 3437 noster
1718 3369 1928 3436 multo
1971 3370 2202 3454 magis.

321 3457 334 3470 ‘
397 3458 491 3523 'es
548 3452 919 3536 occidimus,
978 3455 1216 3523 millies
1269 3455 1769 3522 resurreximus.
1843 3455 2204 3540 Exspecta-

248 3561 403 3608 mus
458 3562 624 3626 opus
676 3538 954 3608 Domini
1009 3547 1094 3617 et,
1161 3550 1240 3606 ut
1291 3562 1467 3608 nunc
1531 3540 1794 3625 quidem
1858 3562 1964 3608 res
2030 3547 2206 3620 sunt,

252 3629 417 3695 bene
458 3648 815 3713 speramus.
887 3627 1260 3693 Prooemini
1306 3628 1364 3693 si
1409 3648 1695 3711 unquam
1740 3627 1918 3694 alias.
2007 3627 2205 3712 Oogi-

255 3714 574 3781 tationem
633 3713 715 3779 de
772 3734 920 3779 meo
973 3712 1188 3792 reditu
1245 3712 1374 3780 ista
1412 3713 1878 3793 interturbant,
1922 3712 2037 3779 sed
2081 3713 2205 3780 sci-

1400 2594 1603 2664 lacuit
1649 2592 1959 2660 condoma·
2009 2601 2085 2659 ut
2140 2598 2210 2659 et

259 3807 395 3866 tote
454 3821 560 3866 me
625 3820 748 3866 nec
814 3808 1062 3867 temere
1126 3820 1247 3865 nec
1312 3800 1560 3866 frustra
1624 3796 1989 3899 ὖπερρμσρον
2048 3800 2205 3865 fore.
2306 3807 2351 3871 g

264 3882 562 3955 condens.
608 3884 825 3954 posia.
884 3884 1139 3952 Iuliani
1190 3905 1359 3952 uxor
1389 3885 1443 3969 ⁸)
1500 3906 1643 3952 sese
1707 3893 1841 3950 tu1s
1906 3884 2208 3970 precibus

259 3971 739 4050 commendant,
784 3992 1010 4039 omnes
1032 3971 1162 4037 Dei
1200 3972 1417 4056 gratia
1457 3971 1663 4037 fortes
1705 3980 1775 4037 et
1815 3980 2206 4039 constantes.

260 4057 441 4125 Bene
476 4058 643 4139 vale,
688 4059 779 4125 mi
823 4066 1029 4144 pater.
1101 4056 1428 4124 Dominus
1472 4056 1660 4123 Iesus
1702 4064 1769 4122 te
1813 4057 2209 4124 incolumem

260 4154 495 4225 servet,
541 4155 608 4211 et
649 4145 722 4210 in
762 4144 913 4211 istis
954 4142 1237 4228 publicis
1281 4164 1357 4209 ac
1402 4142 1773 4209 domesticis
1807 4143 2000 4211 malis
2042 4143 2209 4208 sole-

264 4239 387 4295 tur.
473 4230 900 4315 Amplissimo
957 4230 1212 4296 senatui
1282 4227 1683 4313 respondebo
1750 4229 1945 4295 simul
2015 4236 2211 4312 atque

263 4537 438 4597 8749.
462 4471 523 4609 ⁵1³3
548 4470 825 4609 ἴσιξειηξξε
857 4540 1002 4595 Idm
1021 4538 1238 4594 Martii.
1291 4537 1579 4608 (Ζήνωνα
1603 4554 1661 4607 p.
1697 4536 1816 4592 212.
1864 4537 1934 4605 cf.
1955 4536 2037 4593 N.
2055 4534 2210 4594 3⁷81.

264 4607 525 4747 hug
552 4607 924 4747 I'Bgoell‘agtap.
973 4675 1071 4732 76.-
1118 4677 1199 4732 Lc
1239 4676 1431 4747 prince
1475 4675 1547 4731 de
1581 4675 1767 4732 Oonde
1813 4675 2112 4731 favorisant
2157 4676 2209 4729 le

264 4748 586 4887 faulxbtgiessg
597 4747 923 4887 {?ff:g‹11133
957 4747 1051 4868 diis
1060 4763 1278 4869 uffiffia
1312 4761 1399 4869 {lint
1424 4744 2211 4895 filrznrzsoessmlaetpsszffoqvss

264 4885 360 4955 luy
393 4887 593 4955 grande
627 4886 941 4955 compaguie
965 4884 1034 4938 de
1068 4883 1323 4938 chevaux.
1381 4882 1530 4939 Geux
1560 4885 1821 4954 pourtant
1843 4898 1938 4950 qm
1974 4886 2210 4935 estoicnt

270 4953 451 5010 demus
480 4956 774 5011 n’estoient
806 4969 913 5023 que
956 4953 1054 5008 des
1097 4954 1352 5007 bclistres
1386 4963 1448 5006 se
1481 4952 1693 5008 disants
1739 4952 1902 5007 soubs
1936 4967 2035 5005 son
2069 4966 2209 5004 που

374 5023 717 5081 tilshommes.
786 5023 938 5094 Vray
974 5030 1061 5079 est
1093 5022 1226 5092 qu’il
1260 5041 1295 5092 y
1332 5022 1485 5076 avoit
1525 5038 1659 5075 avec
1702 5021 1759 5076 lu
1828 5020 1971 5073 deux
2015 5018 2207 5073 cheva-

300 5091 398 5144 ἐι-8
442 5093 510 5146 de
558 5092 773 5148 l'Ordre
822 5092 994 5146 Ianlis
1046 5096 1107 5147 et
1154 5092 1347 5146 Iarnac
1396 5088 1560 5159 [Fre.
1608 5089 1678 5146 de
1780 5094 1970 5159 anqeet
2017 5086 2106 5142 ΒΥ.
2140 5086 2210 5143 de

279 5158 460 5217 Geniis
490 5165 541 5218 et
578 5161 709 5244 Gay
746 5160 955 5218 Chabot
986 5162 1160 5243 baron
1193 5159 1262 5215 de
1285 5158 1545 5242 Jamacj.
1615 5159 1661 5214 11
1700 5174 1766 5240 ne
1814 5161 1999 5212 recent
2030 5155 2208 5225 grand

276 5227 514 5312 honneur
538 5230 577 5285 a
606 5230 745 5285 faire
780 5235 896 5285 cest
929 5235 1048 5284 acte
1083 5231 1138 5283 la
1172 5235 1228 5284 et
1263 5234 1387 5283 eust
1421 5244 1601 5283 mieux
1649 5227 1781 5282 salet
1813 5227 1884 5281 de
1917 5242 1984 5282 nc
2020 5240 2078 5280 se
2113 5224 2209 5279 de·

274 5296 439 5352 m
469 5316 528 5436 gi)
547 5300 780 5440 ‘gaman‘
813 5367 1129 5425 Navarra«.

2020 426 2195 534 1562·
2226 423 2511 490 MART.

2014 2528 2144 2587 sus,
2157 2511 2210 2586 ¹)
2248 2583 2251 2590 ¹

4133 435 4260 501 350

2315 611 2424 677 vel
2488 612 2838 680 minimum
2900 613 3018 681 otii
3081 622 3311 680 nactus
3372 617 3576 684 fuero.
3662 617 3764 686 Ne
3828 621 4087 688 mireris
4150 642 4258 690 me

2312 696 2660 765 Dialectici
2683 702 2742 777 ⁴)
2809 698 3104 780 oblitum,
3169 720 3325 767 nam
3387 703 3601 788 ipsum
3665 714 4003 789 parentem
4061 729 4259 795 cogor

2314 782 2652 870 negligere
2708 784 2782 851 in
2837 783 3081 853 lectulo
3140 785 3650 870 decumbentem,
3672 791 3730 870 ὗ)
3819 791 3949 858 uod
4006 813 4113 860 me
4167 796 4258 860 ita

2315 870 2506 955 angit
2560 881 2634 935 ut
2684 869 2879 955 plene
2933 872 3252 940 conficiat.
3344 874 3667 958 Lutetiae,
3725 898 3807 944 ve
3888 900 3971 945 ex
4027 879 4259 947 mediis

2316 956 2547 1024 castris
2588 958 2805 1041 potius
2850 960 2946 1022 22.
2996 958 3242 1025 Martii.

3671 1100 3856 1168 Tuus
3898 1101 4089 1169 Besa.

3188 1696 3386 1768 375⁰.

2774 1852 3258 1921 HAGENIUS
3304 1853 3800 1921 GALLASIO.

2487 2023 2700 2091 Habes
2751 2024 2851 2092 hic
2904 2025 4257 2110 rao-amavem,nempee8uevommcas-

2631 2370 2742 2436 §Ex
2776 2370 3112 2439 autographo
3147 2369 3276 2424 Cod.
3312 2370 3513 2425 Genev.
3552 2369 3669 2436 112,
3703 2369 3795 2425 fol.
3831 2371 3944 2440 68.)

2485 2557 2926 2626 ornatissimo
2991 2560 3233 2643 pietate
3297 2570 3496 2644 atque
3567 2559 3860 2627 doctrina
3927 2561 4256 2645 praeclaro

2311 2646 2458 2711 viro
2500 2645 2584 2711 D.
2631 2646 2695 2711 Ν
2695 2645 2902 2711 icolao
2948 2645 3260 2718 Gallasio‚
3310 2646 3511 2712 divini
3567 2646 3751 2713 verbi
3795 2649 3864 2711 in
3909 2647 4259 2714 Geneven-

2310 2731 2487 2797 sium
2548 2730 2824 2798 ecclesia
2878 2732 3178 2816 praeconi
3245 2730 3623 2798 fidelissimo
3686 2734 3872 2799 fratri
3940 2755 4014 2800 ac
4079 2755 4259 2819 sym-

2309 2826 2565 2903 mystae
2610 2817 2932 2903 singulari
2974 2818 3392 2884 observantia
3432 2817 3721 2884 colendo.

2805 2903 2883 2969 In
2933 2903 3136 2986 ipsius
3180 2904 3477 3055 αδεθῑιὲει
3522 2903 3627 3057 Πὸ
3648 2905 3931 2971 Iohanni
3975 2905 4254 2972 Calvino

3337 3012 3375 3057 o
3430 3009 3584 3056 eren
3634 3012 3727 3057 ae.

2479 3179 2552 3247 S.
2617 3179 2769 3246 Non
2835 3179 3061 3246 dubito
3123 3181 3284 3264 quin
3347 3180 3572 3246 literas
3636 3180 3865 3264 pridie,
3922 3183 3992 3247 ni
4047 3181 4256 3263 fallor,

2306 3265 2577 3335 Oalend.
2635 3264 3041 3350 Septembris
3107 3264 3191 3331 ad
3248 3273 3316 3332 te
3368 3265 3556 3332 datas
3620 3267 3965 3352 acceperis,
4024 3267 4258 3354 iisque,
4311 3345 4321 3354 ,

2305 3354 2364 3419 si
2406 3354 2552 3419 fieri
2593 3353 2854 3437 poterit,
2908 3350 3224 3417 nundinis
3281 3351 3461 3419 hisce
3503 3372 3622 3437 per
3656 3352 3960 3420 librarios
4003 3361 4259 3422 vestros

2304 3461 2739 3525 responsurus
2796 3440 2916 3516 sis,
2975 3439 3082 3504 vir
3139 3438 3498 3505 clarissime
3553 3438 3887 3525 fraterque
3936 3440 4258 3527 singulari

2303 3526 2472 3592 mihi
2535 3524 2956 3593 observantia
3029 3523 3317 3591 colende.
3428 3525 3578 3591 Iam
3644 3527 3799 3591 olim
3864 3535 4256 3609 conquestus

2306 3634 2472 3691 sum,
2540 3632 2647 3678 me
2701 3612 2770 3676 in
2838 3611 3124 3677 amicitia
3187 3620 3412 3677 nostra
3465 3612 3776 3696 utrinque
3834 3611 4009 3678 haud
4063 3611 4257 3678 dubie

2305 3698 2626 3765 divinitus
2661 3706 3010 3776 contracta,
3047 3696 3216 3762 nihil
3259 3712 3394 3762 tam
3429 3698 3599 3763 male
3635 3697 3848 3765 odisse
3880 3718 4076 3781 quam
4113 3697 4254 3764 lon·

2352 3806 2460 3851 am
2526 3784 2709 3850 illam
2765 3792 2834 3850 et
2899 3783 3229 3849 difficilem
3284 3784 3574 3849 locorum
3628 3784 4026 3859 distantiam,
4090 3803 4256 3867 quae

2305 3870 2415 3938 vel
2458 3871 2596 3936 sola
2631 3868 2907 3954 impedit
2965 3881 3040 3934 ut
3081 3878 3343 3953 praeter
3389 3871 3592 3935 animi
3636 3869 4047 3936 voluntatem
4093 3871 4254 3958 ami-

2307 3958 2503 4026 citiae
2546 3977 2790 4022 munus
2838 3963 2904 4021 et
2959 3955 3248 4022 officium
3294 3957 3508 4021 rarius
3552 3956 3877 4039 complere
3922 3976 4254 4039 queamus,

2308 4044 2415 4111 cui
2457 4045 2659 4109 ctiam
2703 4041 3195 4109 tabellariorum
3238 4042 3515 4126 penuria
3557 4053 3624 4106 et
3667 4042 3942 4125 perfidia
3988 4040 4253 4108 accedit.

2310 4129 2479 4214 Quis
2544 4130 2719 4195 enim
2784 4128 3152 4195 miserrimo
3213 4129 3336 4195 hoc
3392 4127 3650 4194 saeculo
3706 4148 3784 4193 ea
3839 4148 4005 4211 quae
4061 4147 4257 4193 verae

2309 4215 2635 4282 amicitiae
2668 4215 2931 4300 propria
2975 4224 3131 4281 sunt
3163 4215 3371 4280 literis
3414 4212 3818 4280 committat?
3882 4212 4100 4278 Divus
4137 4211 4258 4278 ali-

2310 4302 2460 4369 cubi
2503 4302 2894 4369 Ambrosius
2935 4307 3232 4376 testatur,
3269 4298 3509 4365 habere
3552 4299 3832 4383 aliquem
3877 4300 3984 4365 cui
4029 4306 4260 4383 pectus

2309 4396 2610 4455 nostrum
2663 4389 3054 4472 aperiamus,
3112 4386 3218 4452 cui
3262 4405 3500 4452 arcana
3548 4386 4117 4465 communicemus,
4153 4385 4260 4451 cui

2311 4484 2562 4543 secreta
2638 4472 2854 4540 cordis
2920 4473 3125 4540 nostri
3190 4472 3693 4550 committamus,
3759 4471 3997 4556 ingens
4059 4470 4259 4538 huius

2309 4561 2489 4628 vitae
2533 4560 2839 4627 solatium
2882 4580 3042 4625 esse.
3111 4557 3264 4624 Ideo
3298 4556 3484 4623 illum
3527 4557 3946 4640 Augustinus
3991 4558 4058 4621 in
4095 4560 4258 4622 ami-

2310 4648 2534 4713 citiam
2576 4644 3020 4729 recipiendum
3066 4650 3380 4722 autumat,
3426 4644 3536 4711 cui
3578 4645 3799 4710 omnia
3843 4653 4070 4709 nostra
4104 4663 4258 4709 con-

2310 4734 2458 4800 silia
2513 4730 2862 4797 refundere
2922 4729 3296 4798 audeamus.
3386 4729 3534 4795 Etsi
3584 4737 3801 4796 autem
3859 4729 3984 4797 hoc
4040 4729 4257 4814 ipsum

2309 4819 2630 4904 singulari
2673 4817 2816 4883 Deo
2859 4815 3175 4883 beneficio
3222 4816 3292 4881 in
3343 4823 3408 4882 te
3469 4824 3539 4881 et
3579 4814 3940 4882 reverendo
3984 4819 4258 4900 parente

2308 4913 2535 4971 nostro
2582 4901 2843 4970 Calvino
2893 4901 3059 4968 mihi
3101 4900 3398 4969 oblatum
3440 4900 3532 4968 sit
3574 4909 3602 4974 (
3605 4921 3743 4967 non
3785 4902 3962 4968 enim
4012 4901 4255 4976 dubito,

2306 4992 2362 5055 si
2401 4989 2593 5056 nobis
2649 5010 2791 5056 esse
2834 4987 3404 5073 propinquioribus
3445 4988 3690 5067 liceret,
3740 4987 3901 5071 quin
3945 4986 4076 5053 illis
4119 5005 4255 5050 om-

2512 5281 2573 5346 4)
2613 5281 2874 5338 Baduelli
2904 5279 3271 5339 successori-⁹?

2515 5351 2577 5408 5)
2612 5361 2660 5405 eff
2693 5354 2862 5406 morti
2889 5353 3216 5422 prozimum,
