4850 6117
567 2027 579 2038 ·
670 1994 737 2052 et
791 2006 865 2050 re
920 1987 1063 2069 ipsa

669 342 794 420 603

669 527 890 596 oblata
931 545 1107 591 nunc
1142 534 1246 592 est
1278 523 1754 608 opportunitas,
1795 523 1947 607 quia
1987 523 2275 588 ministri
2309 522 2419 607 qui
2465 530 2625 588 sunt

667 613 792 682 sub
827 611 1070 678 ditione
1105 611 1436 677 Comitum
1481 609 2046 693 Mansfeldensium
2086 608 2368 692 insipido
2399 607 2622 675 libello

670 699 902 769 Gallos
957 697 1036 762 ad
1093 698 1608 781 resipiscentiam
1665 695 1907 761 hortati
1961 703 2136 774 sunt,
2182 716 2343 778 quos
2384 696 2621 762 fratres

669 791 1032 872 agnoscunt
1073 793 1141 849 et
1183 784 1545 861 nominant,
1589 791 1859 865 excepto
1902 780 2027 847 hoc
2069 802 2201 847 uno
2240 781 2470 863 capite.
2542 780 2620 849 Si

667 870 1010 956 paululum
1068 869 1151 936 ab
1214 869 1360 935 aliis
1418 867 1944 952 occupationibus
1998 866 2257 934 levatus
2308 867 2496 933 fuero
2551 875 2621 936 et

667 957 879 1023 morbi
937 956 1135 1021 etiam
1205 956 1677 1020 relaxationem
1730 952 2049 1031 dederint,
2115 953 2357 1037 aliquid
2421 974 2618 1038 expe-

668 1044 822 1109 riar.
920 1041 1176 1107 Brentii
1250 1040 1678 1107 hallucinatio
1750 1039 2038 1105 breviter
2109 1038 2319 1105 refelli
2383 1048 2617 1123 potest,

668 1130 822 1213 quia
872 1127 1268 1213 principium
1311 1127 1484 1211 quod
1524 1126 1726 1192 sumit
1767 1124 1847 1189 de
1887 1125 2331 1192 immensitate
2370 1126 2619 1210 gloriae

668 1222 739 1280 et
788 1215 1117 1298 potentiae
1159 1213 1413 1280 Christi
1469 1233 1808 1296 perperam
1865 1211 1948 1276 ad
2004 1213 2354 1277 essentiam
2397 1212 2618 1279 carnis

667 1299 1132 1367 accommodat.
1220 1298 1419 1366 Certe
1461 1300 1527 1362 in
1574 1298 1696 1363 hoc
1730 1297 2014 1364 vertitur
2047 1296 2271 1363 cardo:
2316 1300 2619 1382 quamvis

668 1388 743 1451 in
797 1386 976 1451 coelo
1030 1386 1115 1450 sit
1167 1404 1317 1450 caro
1360 1383 1628 1462 Christi,
1676 1404 1752 1449 ea
1812 1393 2030 1449 tamen
2071 1403 2194 1449 nos
2236 1405 2394 1450 vere
2437 1384 2618 1469 pasci

669 1472 741 1537 in
806 1479 1004 1551 terra,
1070 1472 1222 1554 quia
1265 1469 1570 1536 Christus
1633 1491 1753 1553 pro
1814 1469 2137 1535 immensa
2188 1470 2461 1553 spiritus
2516 1471 2619 1537 sui

668 1558 921 1624 virtute
963 1564 1031 1622 et
1068 1557 1304 1640 ubique
1340 1554 1579 1622 diffusa
1612 1577 1683 1621 se
1724 1557 1817 1621 ita
1857 1565 2154 1622 nostrum
2197 1555 2369 1636 facit,
2411 1566 2490 1622 ut
2521 1555 2619 1622 lo·

670 1664 822 1709 cum
880 1664 1014 1708 non
1068 1641 1383 1708 mutando
1426 1643 1499 1706 in
1542 1641 1731 1708 nobis
1775 1641 2049 1708 habitet.
2127 1639 2209 1706 In
2253 1640 2378 1707 hac
2420 1663 2618 1725 quae-

670 1729 883 1795 stione
922 1728 1086 1793 mihi
1119 1748 1376 1811 semper
1418 1729 1581 1794 satis
1613 1728 1742 1792 fuit
1782 1727 2129 1794 excludere
2162 1741 2298 1793 tam
2343 1729 2617 1793 immen-

672 1815 931 1880 sitatem
988 1835 1185 1897 quam
1242 1812 1627 1879 descensum
1683 1814 1953 1882 localem
2006 1812 2114 1878 vel
2157 1816 2615 1896 praesentiam.

669 1899 857 1965 Nihil
899 1899 1074 1966 enim
1124 1898 1542 1966 absurditatis
1599 1899 1790 1965 video
1831 1901 1889 1965 si
1932 1898 2240 1978 dicamus,
2300 1920 2455 1970 vere
2497 1920 2618 1964 nos

1160 1987 1449 2071 ercipere
1492 2006 1757 2051 carnem
1801 1995 1869 2050 et
1911 1985 2299 2070 sanguinem
2344 1985 2614 2065 Christi,

669 2070 958 2155 adeoque
1037 2093 1115 2138 su
1159 2072 1554 2138 stantialiter
1628 2070 1815 2137 nobis
1878 2092 2021 2137 esse
2075 2071 2145 2135 in
2210 2070 2614 2150 alimentum,

666 2157 860 2223 modo
902 2158 1247 2225 conveniat
1268 2156 1606 2225 Christum
1640 2179 1771 2223 non
1805 2157 2097 2223 externis
2130 2164 2392 2223 tantum
2434 2178 2615 2241 sym·

666 2243 833 2310 bolis
876 2242 991 2309 sed
1047 2264 1285 2310 arcana
1337 2263 1591 2327 quoque
1649 2245 1918 2327 spiritus
1964 2245 2065 2310 sui
2109 2244 2487 2326 operatione
2531 2243 2614 2309 ad

665 2349 789 2395 nos
833 2327 1242 2410 descendere,
1286 2337 1361 2395 ut
1403 2329 1486 2396 ad
1527 2330 1748 2414 ipsum
1789 2328 1918 2395 fide
1960 2327 2489 2396 conscendamus.

1582 2465 1865 2534 Ioannes
1907 2466 2228 2534 Calvinus
2269 2471 2439 2534 tuus.

1536 3030 1740 3102 3887.

1288 3187 1522 3253 BEZA
1556 3186 1987 3255 CALVINO.

751 3355 758 3360 ’
847 3355 1094 3424 Proelio
1150 3357 1503 3426 adDreux
1566 3360 1638 3424 in
1699 3359 1959 3441 episto&
2020 3360 2238 3444 aliqua
2290 3362 2611 3446 deperdita

668 3443 865 3532 relato
904 3464 1070 3511 nunc
1111 3448 1499 3513 accuratiora
1539 3446 1747 3528 refert.

670 3614 864 3680 (Plura
905 3614 975 3669 ad
1018 3633 1209 3670 manus
1250 3616 1536 3670 habuimus
1582 3618 1929 3687 exemplaria,
1970 3624 2098 3675 auto
2197 3621 2344 3690 phou
2386 3621 2445 3674 in
2479 3621 2609 3676 Cod.

670 3682 875 3738 Geuev.
923 3684 1040 3750 117,
1084 3684 1177 3739 fol.
1211 3684 1296 3751 82,
1334 3685 1615 3739 lonvillaei
1658 3686 1789 3741 ibid.
1831 3687 1926 3743 fol.
1957 3686 2041 3756 84,
2092 3637 2200 3744 ,gg
2233 3690 2290 3743 in
2325 3688 2455 3744 Cod.
2494 3689 2612 3759 119,

668 3752 761 3808 fol.
794 3751 866 3807 55
900 3759 958 3807 et
988 3752 1058 3807 67
1091 3758 1409 3820 recentiora,
1497 3755 1705 3809 uiutum
1738 3755 1922 3810 Turiei
1956 3758 2014 3811 in
2041 3758 2190 3812 Bibl,
2226 3759 2395 3814 civica
2427 3759 2489 3812 F.
2523 3758 2609 3827 80,

667 3822 801 3876 olim
834 3822 974 3945 Enpp.
1010 3823 1160 3877 Tom.
1194 3822 1279 3890 45,
1313 3824 1406 3880 fol.
1545 3830 1603 3877 et
1634 3824 1739 3877 hoe
1772 3825 2072 3893 Ionvillaei,
2107 3832 2321 3883 sextum
2353 3831 2412 3881 et
2443 3829 2610 3898 septi·

667 3908 815 3945 mum
909 3908 1072 3947 ernae
1121 3893 1178 3946 in
1214 3892 1345 3947 Cod.
1383 3892 1448 3948 F.
1490 3893 1581 3947 fol.
1625 3891 1695 3947 65
1746 3901 1803 3947 et
1836 3893 1921 3966 68,
1964 3897 2089 3950 deni
2130 3914 2198 3951 ue
2233 3896 2608 3952 Simlerianum

1053 3962 1173 4016 Vol.
1210 3959 1328 4016 106.
1380 3961 1572 4015 Edidit
1604 3962 1778 4016 Baum
1809 3961 1881 4017 Π.
1918 3963 2057 4035 App.
2091 3915 2239 4031 302.)

841 4134 901 4197 A
942 4132 1194 4199 Monsr.
1240 4133 1490 4198 Monsr.
1535 4134 1959 4218 D’Espeville

2020 4242 2060 4287 a
2095 4223 2435 4292 Villedieu.

838 4386 908 4454 S.
974 4388 1076 4454 Mi
1137 4396 1341 4472 pater,
1405 4410 1535 4454 non
1593 4398 1884 4473 repetam
1936 4413 2103 4476 quae
2150 4417 2360 4480 nuper
2415 4396 2499 4463 ad
2543 4406 2606 4465 te

711 4471 962 4539 Iuribus
1015 4475 1265 4557 scripsi,
1314 4477 1620 4558 quoniam
1664 4484 1911 4542 certam
1954 4499 2137 4562 spem
2180 4482 2386 4549 habeo
2424 4505 2607 4550 meas

698 4558 894 4623 'teras
948 4558 1058 4625 vel
1109 4559 1241 4625 iam
1300 4561 1422 4626 tibi
1463 4560 1753 4627 redditas
1791 4562 1900 4629 vel
1941 4584 2096 4629 mox
2138 4565 2518 4636 reddendas.
2557 4571 2606 4655 ¹)

667 4641 908 4708 Noster
967 4645 1296 4727 equitatus
1350 4654 1450 4712 est
1490 4648 1761 4731 integer,
1805 4652 2094 4733 exceptis
2148 4654 2474 4736 equitibus
2523 4656 2607 4722 ad

667 4747 995 4794 summum
1029 4741 1292 4796 centum
1326 4734 1814 4818 quinquaginta,
1848 4738 2089 4819 partim
2131 4741 2421 4823 captivis,
2457 4763 2604 4826 par-

668 4814 791 4878 tim
871 4815 1246 4882 interfectis.
1369 4818 1706 4903 Roynacas
1786 4828 1857 4885 et
1893 4820 2387 4898 ,Saniermiems
2484 4848 2605 4912 pro

664 5037 846 5093 8887.
867 5037 926 5105 1)
959 5038 1236 5093 Proelium
1265 5040 1472 5104 factum
1505 5050 1587 5096 est
1618 5043 1674 5100 d.
1710 5043 1789 5097 19.
1808 5042 1943 5098 Dec.

664 5108 855 5162 Adeas
898 5107 1082 5162 Baum
1124 5108 1197 5162 11.
1242 5106 1344 5162 687
1387 5123 1481 5174 ss„
1527 5110 1736 5168 Soldcm
1779 5113 1852 5167 Π.
1886 5112 1970 5179 87,
2066 5116 2156 5171 ist.
2200 5120 2321 5174 ecel.
2367 5119 2436 5173 11.
2482 5119 2602 5189 230,

672 5175 965 5231 Gamzo-au
1005 5176 1087 5232 ed.
1134 5175 1217 5230 Le
1252 5176 1577 5233 Latona-eur
1621 5181 1664 5236 1.
1709 5180 1823 5236 119.
1890 5182 2036 5240 Αᾱᾱ.
2071 5202 2133 5253 p.
2168 5185 2265 5253 66,·
2318 5186 2484 5243 Mim-
2537 5191 2605 5247 de

672 5242 857 5302 oon-ad
886 5245 971 5299 IV
973 5286 985 5299 .
1023 5243 1123 5299 178
1154 5251 1294 5313 (am.
1334 5245 1606 5317 Goliam),
1634 5255 1687 5305 et
1716 5250 1808 5305 1v.
1842 5249 1948 5306 685
1981 5256 2119 5320 (aut.
2158 5254 2367 5326 Gaiae).

2088 5047 2100 5061 ⁰
2144 5049 2234 5103 ola
2266 5066 2380 5105 non
2412 5055 2606 5109 exuat.

2172 332 2690 400 EPISTOLAE
2733 338 3160 426 asse-sess

4532 349 4640 413 604

2723 524 3005 590 mortuis
3084 522 3430 592 habentur.
3539 525 3646 592 De
3723 523 4012 599 Chandeo
4073 534 4139 594 et
4205 527 4488 598 Maliane
4543 535 4641 600 ad-

2722 606 2855 673 huc
2950 607 3329 676 dubitamus
3347 660 3364 691 ,
3467 609 3584 678 sed
3666 622 3887 678 tamen
3995 623 4368 699 peremptos
4450 621 4641 701 potius

2723 693 3125 760 arbitramur
3176 717 3373 779 quam
3429 705 3670 783 captos.
3689 698 3746 783 ²)
3844 700 4043 781 Apud
4097 700 4319 767 hostes
4376 724 4525 769 vero
4560 707 4643 771 in·

2723 779 2912 846 finita
2966 790 3125 846 sunt
3176 782 3455 850 vulnera
3489 792 3557 850 et
3598 782 3828 851 caedes
3868 785 4064 870 longe
4104 788 4412 855 maxima.
4493 790 4643 875 Cap-

2723 866 2899 933 tivos
2955 867 3249 952 insignes
3304 868 3618 936 habemus
3660 869 3743 935 ad
3787 880 4048 935 centum
4092 872 4393 939 sedecim.
4476 875 4645 944 Caesi

2723 961 2878 1018 sunt
2937 954 3073 1019 fere
3140 952 3223 1018 ad
3291 954 3802 1022 internecionem
3866 956 4197 1038 Helvetii,
4230 958 4285 1044 8)
4364 961 4644 1028 trucidati

2720 1059 2930 1189 ἔξω
2969 1043 4072 1194 ἕὶἓὲἒέῶὲἓθὲᾛὲῗὲιέὛηὲἱὲΐ
4087 1044 4646 1214 ιῗιιῖιῖἒηῗὶοῗὲξ

2720 1174 2898 1275 filius
2955 1211 3408 1293 Conestabilis,
3467 1212 3797 1293 Givraeus,
3858 1178 4161 1294 Lister’tes,
4216 1216 4643 1302 Desbordams,

2721 1294 3097 1377 Brea-saeua,
3142 1317 3369 1364 omnes
3410 1298 3834 1365 infensissimi
3877 1301 4178 1366 veritatis
4220 1300 4461 1369 hostes.
4539 1307 4644 1372 Ni·

2719 1384 3035 1448 vernensis
3058 1432 3075 1461 ,
3141 1383 3339 1449 miser
3403 1391 3698 1468 apostata
3720 1437 3735 1462 ‚
3800 1385 4073 1469 languet
4135 1386 4571 1457 moribundus.
4596 1393 4642 1477 ⁰)

2719 1465 3321 1548 Maeropozitanuso
3376 1470 3621 1554 proelio
3664 1493 3799 1536 non
3836 1471 4152 1549 interfuit,
4202 1473 4524 1562 Pharaoss)
4562 1485 4644 1543 ta-

2718 1574 2869 1618 men
2927 1556 3091 1655 ipse·
3121 1554 3351 1635 evasit,
3409 1566 3486 1621 ut
3538 1556 3651 1640 qui
3692 1557 4071 1623 certaminis
4113 1556 4445 1626 duntaxat
4484 1584 4642 1646 spec-

2718 1641 3237 1791 tatorcomabafuent.
3238 1727 3299 1792 is
3329 1726 3715 1794 vulneratus
3755 1728 3826 1792 in
3859 1725 4167 1795 inferiore
4210 1731 4498 1810 maxilla,
4532 1734 4641 1800 iam

2718 1816 2940 1875 noster
2961 1820 3061 1876 est
3081 1812 3262 1879 civis.
3275 1812 3328 1896 ⁹)
3364 1811 3551 1878 Nihil
3574 1812 3754 1879 aliud
3776 1813 3975 1880 habet
3997 1814 4069 1879 in
4090 1836 4204 1881 ore
4223 1836 4423 1899 quam
4445 1839 4641 1902 pacem

2717 1897 3452 2050 quamssmoefflngffi
3467 1900 4373 2053 p22⁸52⁸0¹¹¹f⁰u⁸¹³ssississi1i¹ii¹i³33⁸
4393 1904 4638 2056 ¹⁰3⁶?

2716 2001 3043 2133 ξ’ἓξιῖιτιιὲιῖ
3094 2068 3168 2132 in
3221 2034 3509 2134 {ricinum
3555 2007 3882 2155 oppiduglm,
3928 2071 4103 2154 quod
4144 2003 4524 2158 Nogegitldllii
4554 2014 4641 2144 ιζ

2715 2153 2900 2239 gium
2958 2161 3219 2221 vocant.
3249 2157 3332 2232 ¹⁰)
3429 2154 3535 2221 Ibi
3591 2177 3746 2222 mox
3804 2156 4043 2224 detecti
4096 2168 4256 2224 sunt
4313 2170 4384 2226 et
4425 2163 4641 2247 captivi

2921 2375 2974 2438 2)
3012 2376 3160 2431 Hist.
3196 2378 3318 2432 eccl.
3353 2377 3420 2431 11.
3455 2376 3593 2431 242.-
3657 2380 3745 2433 Du
3796 2381 3944 2436 coste
3989 2383 4065 2437 du
4110 2383 4311 2439 Prinos
4355 2389 4644 2439 mom-urent

2715 2446 2796 2498 les
2831 2445 3019 2499 Sieurs
3053 2444 3366 2528 d’Arpaiou,
3401 2446 3469 2500 de
3504 2447 3799 2517 Chandieu‚
3850 2450 3920 2503 de
3956 2451 4266 2520 Lieucourt,
4301 2454 4373 2508 de
4408 2453 4643 2522 Ligueris,

2713 2514 2784 2568 de
2835 2517 2890 2567 la
2924 2513 3314 2579 Fredonmere,
3358 2514 3428 2569 de
3461 2516 3517 2570 la
3551 2516 3806 2585 Carliere,
3857 2518 3926 2572 de
3963 2521 4238 2591 Rougnac‚
4284 2523 4355 2577 de
4403 2523 4645 2590 Muelles,

2715 2582 2771 2638 S.
2806 2581 3054 2638 Germier
3088 2622 3308 2639 .....
3345 2582 3667 2650 (Gkandeus
3700 2590 3822 2642 erat
3848 2588 4027 2654 frater
4060 2591 4152 2646 cel.
4188 2589 4475 2659 ministri.)

2915 2650 2977 2719 3)
3011 2651 3123 2707 Hic
3159 2654 3329 2720 paulo
3370 2655 3586 2709 maiora
3637 2659 3805 2710 canit.
4130 2660 4274 2715 euin
4310 2660 4506 2717 dacum
4539 2659 4643 2714 Hel-

2714 2721 2981 2776 vetiorum
3048 2721 3245 2777 relatio
3295 2720 3373 2777 ad
3421 2737 3551 2777 suos
3598 2726 3959 2792 magistratus
3999 2729 4182 2783 statius
4231 2736 4364 2798 post
4406 2728 4644 2799 proclam

2713 2791 2923 2871 scripta
2952 2787 3163 2871 (Baum
3197 2790 3269 2844 11.
3305 2806 3433 2859 app.
3485 2791 3582 2846 198
3616 2794 3715 2858 ss.)
3732 2795 3850 2916 ἕω·
3878 2808 4067 2852 caesos
4097 2804 4395 2868 recensent,
4423 2811 4643 2868 procem

2712 2861 3048 2922 neumatum,
3083 2859 3320 2929 reliquos
3352 2862 3660 2915 summatim
3694 2878 3730 2916 a
3804 2861 3924 2918 300.

2916 2925 2979 2995 4)
3010 2924 3163 2981 Hist.
3198 2927 3319 2982 ecel.
3354 2929 3433 2982 Π.
3465 2928 3597 2982 24οε
3667 2932 3745 2984 Le
3789 2932 4085 2987 mareschal
4122 2933 4173 2988 S.
4212 2935 4403 2990 Andre'
4449 2934 4565 2989 chef
4587 2934 4642 2987 de

2710 2994 3080 3065 l'avantgarde
3132 3001 3298 3066 ayant
3341 2999 3457 3052 este
3504 2999 3618 3068 pris
3660 3001 3971 3070 prisonnier
4012 3002 4203 3056 advint
4247 3004 4415 3074 qu’un
4456 3002 4642 3058 nomme

2714 3064 3015 3134 Baubigny,
3103 3065 3161 3118 ui
3207 3065 3359 3119 avoit
3403 3068 3662 3124 autrefois
3697 3086 3856 3123 recen
3891 3069 3928 3125 ὶ
3969 3071 4023 3123 la
4057 3088 4192 3127 cour
4226 3074 4465 3142 quelque
4496 3071 4641 3142 grand

2713 3134 4122 3263 235532032..“amttst'teffissa‘'afflati‘'
4142 3140 4642 3265 3333332‘1'1‘1'23

2713 3287 2871 3325 reuse
2912 3286 3124 3340 guerre.
3193 3272 3469 3326 Plusieurs
3513 3280 3697 3327 autres
3732 3277 4011 3345 seigneurs
4054 3278 4129 3331 du
4163 3279 4317 3333 coste'
4353 3280 4428 3334 du
4460 3279 4641 3333 Trium·

2712 3340 2858 3393 virat
2899 3357 2937 3411 y
2982 3346 3322 3420 moururent:
3369 3341 3727 3406 d’Annebaut,
3772 3345 3840 3398 de
3887 3344 4071 3416 Givry,
4120 3348 4200 3401 La
4234 3348 4452 3414 Brosse,
4610 3346 4641 3400 d

2711 3408 2887 3463 favori
2919 3408 2990 3462 de
3024 3408 3205 3476 Came,
3242 3416 3300 3463 et
3332 3410 3425 3479 qui
3461 3413 3611 3465 avoit
3642 3413 3946 3468 commenoe
3980 3416 4033 3468 le
4068 3432 4341 3471 massacre
4374 3418 4445 3472 de
4475 3364 4639 3487 Q,

2713 3496 2747 3549 y
2780 3483 2977 3614 recog
3001 3477 3144 3600 abussi
3180 3478 3509 3602 ρείῃὼοαὲῗίτθ
3543 3497 3677 3534 avec
3708 3499 3785 3535 un
3817 3484 3933 3537 sien
3958 3484 4120 3607 ‘egb
4290 3555 4451 3610 mba-
4567 3555 4578 3567 ·

3066 3547 3219 3602 abrae
3421 3554 3633 3604 ontmor
3768 3589 3782 3614 ,
3924 3569 3956 3605 r
4118 3569 4289 3608 onnes
4426 3570 4475 3609 ts
4504 3554 4639 3619 filu-3,

2712 3615 2797 3669 fut
2829 3614 2922 3668 tue
2955 3632 3057 3684 par
3090 3632 3164 3668 un
3197 3632 3424 3686 escuyer
3456 3617 3531 3672 du
3565 3565 3766 3673 Priiigg
3793 3568 3923 3689 qffia
3934 3621 3985 3675 le
4019 3622 4111 3690 luy
4145 3623 4300 3676 avoit
4334 3625 4535 3693 promis
4564 3623 4639 3675 de-

2713 3691 2845 3739 vant
2878 3684 3035 3737 Paris
3072 3685 3229 3746 (ibid.
3255 3684 3398 3751 234).

2915 3751 2977 3818 6)
3012 3750 3166 3808 Hier.
3200 3755 3322 3809 eccl.
3357 3754 3430 3809 IL
3466 3753 3599 3809 241.-
3668 3756 3749 3809 La
3789 3763 3937 3810 mort
3979 3759 4054 3813 du
4088 3760 4194 3814 duc
4225 3760 4300 3815 de
4336 3761 4542 3815 Nevers
4571 3763 4640 3813 est

2711 3822 3086 3891 remarquable
3139 3828 3295 3877 entre
3338 3830 3522 3877 autres
3566 3823 3756 3878 choses
3796 3826 4067 3880 advenues
4113 3844 4182 3882 en
4227 3838 4383 3885 ceste
4427 3828 4637 3883 bataille.

2712 3893 2896 3962 Ayant
2929 3890 3045 3945 este
3080 3908 3141 3944 ce
3168 3892 3333 3961 jeune
3366 3893 3618 3962 seigneur
3636 3894 3917 3948 tellement
3950 3896 4183 3951 suborne
4200 3914 4306 3967 par
4341 3900 4481 3953 deux
4513 3898 4637 3951 siens

2710 3966 2824 4013 tres
2859 3960 3099 4013 mauvais
3146 3961 3459 4027 serviteurs,
3503 3960 3538 4015 a
3591 3962 3771 4016 savoir
3805 3964 4110 4018 Desbordes
4155 3969 4541 4034 gentilhomme
4580 3965 4636 4017 de

2711 4029 3002 4083 Nivernois
3036 4036 3095 4083 et
3127 4028 3251 4083 d'un
3292 4030 3412 4082 sien
3444 4032 3739 4084 secretaire
3764 4032 4071 4101 Vigeuaire‚
4108 4034 4448 4103 qu'oubliant
4480 4038 4530 4090 le
4560 4035 4634 4087 ds·

2709 4097 2830 4152 voir
2876 4097 3006 4167 qu’il
3052 4098 3200 4151 avoit
3247 4099 3284 4152 a
3328 4099 3382 4151 la
3416 4099 3518 4152 reli
3558 4100 3645 4152 'on
3681 4099 3818 4153 dont
3851 4102 3892 4154 il
3929 4103 4078 4156 avoit
4127 4103 4229 4157 fait
4265 4105 4559 4173 profession
4589 4105 4635 4155 et

2708 4167 2790 4219 les
2824 4182 3128 4232 promesses
3162 4167 3293 4235 qu’il
3328 4168 3480 4221 avoit
3546 4168 3683 4221 aites
3718 4186 3787 4222 au
3821 4170 4017 4224 Prince
4051 4188 4148 4226 son
4183 4174 4359 4242 oncle,
4392 4181 4543 4228 outre
4571 4170 4634 4224 les

2706 4234 2940 4304 grandes
2995 4235 3245 4289 ornantes
3305 4251 3557 4291 exerceas
3602 4253 3670 4290 eu
3713 4253 3812 4291 son
3864 4248 4293 4309 gouvernement
4340 4243 4409 4296 de
4468 4241 4634 4296 Cham-

2706 4319 2885 4373 pagne
2921 4340 3138 4357 .....
3174 4304 3212 4357 il
3249 4310 3438 4358 monta
3476 4321 3539 4359 ce
3573 4305 3696 4359 iour
3742 4307 3797 4361 la
3831 4304 3864 4359 a
3894 4307 4102 4378 cheul,
4149 4311 4288 4364 mais
4324 4312 4462 4365 ainsi
4495 4306 4631 4379 qu’on

2707 4372 2875 4425 estoit
2906 4388 3001 4425 sur
3033 4372 3086 4426 le
3119 4374 3307 4442 poinet
3339 4373 3408 4426 de
3442 4373 3497 4427 la
3511 4374 3779 4442 premiere
3804 4374 4003 4446 charge
4036 4393 4098 4432 ee
4120 4394 4327 4433 mesme
4351 4377 4632 4434 Desbordes

2705 4440 2951 4494 muniant
2983 4441 3090 4495 mal
3123 4457 3231 4495 une
3263 4442 3463 4511 pistole
3496 4443 3548 4495 le
3582 4442 3764 4497 blessa
3779 4459 3848 4497 en
3868 4461 3975 4499 une
4009 4448 4184 4501 cuisse
4220 4487 4233 4501 .
4270 4488 4286 4504 .
4324 4489 4338 4501 .
4374 4447 4632 4502 tellement

2708 4508 2841 4578 qu'il
2874 4509 3337 4646 ιιῆιιὶεὲἰιαιιιιοὲθιι
3366 4527 3563 4633 ῗὲιέοιι
3597 4511 3668 4565 de
3701 4512 3754 4567 le
3787 4514 4032 4583 garentir
4063 4515 4132 4569 de
4167 4516 4222 4570 la
4254 4522 4417 4572 mort.

3159 4595 3229 4632 ae
3491 4580 3730 4648 querius.

2911 4644 2974 4710 8)
3010 4645 3094 4700 Le
3126 4647 3234 4703 dac
3266 4646 3334 4700 de
3372 4647 3556 4702 Gaiae.

2910 4713 2970 4782 9)
3004 4715 3180 4780 (Hice.
3214 4717 3334 4770 eccl.
3369 4715 3439 4771 11.
3471 4713 3605 4768 235.-
3675 4717 3855 4782 Quant
3896 4735 3966 4772 au
4000 4718 4359 4774 Counestable
4393 4736 4488 4774 son
4519 4717 4625 4773 che-

2706 4783 2795 4837 val
2829 4784 2925 4854 luy
2958 4783 3043 4836 fut
3076 4783 3169 4838 tue
3214 4790 3272 4838 et
3304 4785 3358 4838 le
3392 4785 3475 4839 Sr.
3511 4784 3794 4839 d'Oraisou
3829 4802 3889 4840 se
3932 4795 4192 4842 trouvant
4222 4790 4277 4845 la
4311 4790 4425 4843 fort
4454 4787 4491 4843 ὶ
4518 4803 4623 4856 pro·

2745 4869 2806 4908 os
2840 4852 2893 4906 le
2927 4860 3177 4907 remouta
3217 4869 3312 4906 sur
3357 4853 3408 4906 le
3451 4853 3585 4907 sien.
3656 4854 3794 4908 Mais
3830 4861 3942 4910 tost
3987 4874 4020 4909 a
4058 4873 4146 4910 res
4180 4858 4220 4910 il
4253 4858 4340 4911 fut
4371 4859 4623 4911 tellement

2738 4921 2878 4976 lesse
2912 4920 3036 4974 d’uu
3070 4938 3208 4992 coup
3244 4921 3312 4975 de
3340 4922 3536 4991 pistole
3571 4923 3604 4974 a
3624 4922 3679 4975 la
3710 4922 3980 4978 machoire
4051 4924 4249 4980 ’embas
4284 4927 4419 4981 dont
4450 4927 4487 4979 il
4519 4940 4620 4993 per·

2703 4990 2785 5044 dit
2816 5006 2923 5045 une
2956 4990 3091 5044 deut
3124 4996 3183 5043 et
3213 4991 3494 5044 tellement
3538 4992 3838 5073 enveloppe
3873 4992 4001 5061 qu'il
4035 5010 4095 5048 se
4139 4995 4320 5049 rendit
4352 5013 4421 5049 au
4455 4995 4531 5049 St.
4560 4991 4618 5043 de

2707 5058 2955 5125 Veziues,
3012 5060 3208 5129 auquel
3250 5060 3533 5115 toutesfois
3567 5059 3648 5112 les
3682 5060 3900 5115 Re1tres
3935 5078 4232 5118 surveuans
4264 5063 4617 5119 l'arrscherent

2704 5128 2796 5197 ¹¹¹¹
2829 5133 3155 5259 ⁰⁸1t33²⁸13ffi
3181 5145 3317 5250 9222.-
3377 5136 3738 5251 ‘'T‘roommfflz
3759 5130 3957 5268 ⁸2³3?
3970 5200 4351 5256 ambassadeur
4391 5198 4614 5268 ‹iu-2310-

2702 5269 2852 5319 terre
2886 5270 2946 5319 st
2967 5264 3192 5321 Perueel
3224 5267 3473 5321 ministre
3506 5266 3580 5320 du
3601 5266 3798 5322 Princo
3825 5284 4058 5339 pensans
4075 5285 4183 5341 que
4215 5275 4335 5326 tout
4364 5270 4446 5324 fut
4463 5265 4609 5339 perdu
