4850 6117
635 412 761 476 ua

631 595 943 680 parabilis
996 595 1110 661 ille
1166 593 1515 660 thesaurus
1571 611 1766 676 quem
1809 592 1995 658 Deus
2041 590 2217 676 apud
2259 599 2330 658 te
2373 589 2571 676 depo-

632 689 878 762 suerat,
922 682 1179 746 utinam
1221 678 1437 764 potius
1480 678 1572 745 sis
1613 678 1755 762 ipse
1794 676 2012 757 iudex,
2059 697 2257 760 quam
2301 695 2572 761 exspec-

631 776 739 833 tes
804 766 964 833 dum
1025 784 1242 833 coram
1313 764 1575 832 coelesti
1639 762 1853 831 iudice
1915 760 2252 829 reddenda
2313 763 2402 828 sit
2455 761 2572 828 otii

631 852 817 919 ratio.
907 850 1084 934 Quid
1143 851 1285 918 dico
1342 852 1546 918 otium
1562 848 1595 913 ⁸?
1681 849 1913 934 Neque
1955 849 2128 915 enim
2170 849 2314 915 siue
2355 848 2573 915 fructu

632 937 847 1004 solum
887 937 1234 1004 iacuerunt
1272 943 1372 1002 tot
1413 935 1787 1020 praeclarae
1829 933 2030 1015 dotes,
2090 932 2208 1000 sed
2248 934 2320 999 in
2364 932 2573 999 sordi-

631 1023 759 1089 bus
806 1022 1143 1090 demersae
1185 1023 1259 1087 in
1303 1022 1610 1105 probrum
1656 1028 1723 1086 et
1766 1019 2045 1087 dedecus
2087 1022 2377 1087 sincerae
2419 1018 2575 1085 fidei

630 1106 1106 1192 quodammodo
1147 1113 1503 1175 cessarunt.
1574 1102 1902 1189 Quamvis
1935 1108 2108 1172 enim
2145 1106 2340 1172 laude
2375 1105 2577 1190 digna

632 1194 830 1261 1118111
891 1195 1067 1260 vitae
1128 1195 1469 1278 integritas
1535 1205 1603 1258 et
1659 1194 1951 1259 castitas:
2019 1192 2146 1259 scis
2211 1199 2450 1270 tamen,
2508 1199 2576 1257 81

631 1300 763 1345 11811
807 1281 951 1347 siue
991 1279 1279 1345 maximo
1322 1277 1542 1344 dolore
1582 1278 1893 1345 viderunt
1933 1278 2027 1362 pii
2060 1285 2129 1344 et
2170 1276 2417 1343 cordati
2453 1276 2571 1342 ho·

629 1366 863 1446 mines,
906 1366 1141 1449 impios
1183 1372 1250 1431 et
1291 1364 1637 1431 sceleratos
1682 1363 1762 1429 de
1804 1373 1873 1430 te
1913 1363 2323 1448 triumphum
2358 1383 2572 1447 agere,

628 1472 831 1535 quum
865 1459 1046 1516 metu
1080 1451 1477 1518 constrictus
1511 1451 2009 1518 obmutesceres.
2077 1448 2431 1515 Praeteriit
2471 1447 2574 1513 ni-

629 1536 757 1602 mis
809 1535 1079 1620 longum
1136 1543 1411 1621 tempus,
1490 1557 1617 1620 quo
1681 1536 1921 1602 misera
1980 1534 2096 1600 illa
2158 1555 2291 1600 non
2354 1535 2575 1601 minus

672 1641 824 1686 uam
870 1623 1082 1706 turpis
1125 1624 1410 1689 servitus
1451 1622 1693 1688 mentis
1728 1629 1879 1688 tua'e
1914 1622 2211 1705 vigorem
2232 1620 2572 1703 oppressit.

628 1643 849 1773 1381111
902 1708 1100 1774 venia
1154 1708 1486 1776 communi
1528 1708 1730 1773 malo:
1778 1708 1932 1791 quia
1973 1707 2241 1774 obiectis
2285 1705 2576 1789 undique

634 1792 997 1859 terroribus
1038 1795 1229 1876 pauci
1273 1794 1342 1858 in
1390 1814 1561 1859 enue
1604 1792 1855 1859 Christi
1900 1813 1970 1859 se
2028 1792 2378 1875 discipulos
2422 1813 2573 1876 pro-

629 1878 803 1944 fiteri
868 1878 1215 1946 audebant.
1371 1901 1502 1946 unc
1543 1898 1704 1946 vero
1749 1900 1830 1944 ex
1875 1899 2003 1962 quo
2046 1878 2280 1944 melior
2323 1878 2576 1943 affulsit

627 1963 910 2031 conditio
952 1964 1108 2032 filiis
1151 1966 1298 2044 Dei,
1341 1973 1417 2031 ut
1458 1985 1500 2030 a
1541 1965 1828 2048 periculo
1870 1965 2182 2029 immunis
2224 1964 2312 2030 sit
2346 1984 2575 2029 eorum

628 2048 914 2127 libertas,
957 2072 1303 2135 erumpere
1346 2053 1413 2116 in
1459 2070 1683 2117 vocem
1726 2070 1955 2136 cogor:
2028 2048 2384 2133 Quousque
2428 2058 2573 2113 tan-

628 2135 778 2203 dem
820 2145 1061 2220 sponte
1101 2137 1328 2204 libebit
1370 2137 1868 2221 tergiversando
1903 2134 2245 2202 Christum
2278 2136 2421 2200 iure
2458 2156 2575 2200 suo

627 2221 979 2289 fraudare?
1057 2223 1398 2290 Hactenus
1436 2221 1856 2307 indulgenter
1889 2221 2009 2287 tibi
2045 2222 2229 2287 Deus
2265 2221 2574 2305 pepercit,

632 2307 787 2374 dum
840 2319 1057 2374 rectae
1115 2309 1590 2393 intelligentiae
1630 2310 1875 2388 lumen,
1942 2306 2116 2391 quod
2158 2308 2574 2373 cunctatione

630 2402 743 2459 tua
806 2394 1158 2473 suffocasti,
1234 2415 1506 2478 prorsus
1565 2394 1901 2478 exstingui
1970 2414 2203 2477 passus
2265 2414 2399 2459 non
2455 2402 2572 2458 881.

626 2477 763 2546 Sed
806 2480 1072 2545 obsecro
1106 2500 1225 2564 per
1265 2480 1437 2546 hanc
1471 2480 1967 2565 indulgentiam,
2011 2501 2141 2564 qua
2177 2486 2243 2544 te
2279 2478 2361 2544 ad
2396 2478 2573 2544 hunc

625 2585 830 2647 usque
889 2565 1061 2631 diem
1127 2567 1457 2643 sustinuit,
1503 2587 1629 2650 quo
1674 2574 1769 2632 tot
1811 2564 2153 2631 hominum
2198 2564 2408 2630 millia
2451 2563 2571 2629 sub

624 2650 945 2718 vexillum
988 2672 1059 2717 se
1102 2651 1465 2737 colligendo
1510 2661 1577 2717 te
1621 2650 1705 2717 ad
1759 2650 2032 2716 eandem
2084 2650 2285 2716 studii
2339 2650 2571 2715 alacri-

628 2743 827 2801 tatem
889 2737 1193 2817 invitant,
1259 2746 1337 2804 ut
1392 2736 1741 2822 diligenter
1796 2745 2016 2803 tecum
2071 2745 2332 2820 reputes
2376 2756 2573 2819 quam

631 2823 991 2906 pretiosum
1034 2822 1179 2889 Deo
1236 2824 1634 2890 sacrificium
1676 2824 1764 2889 sit
1825 2844 1993 2907 pura
2033 2823 2165 2888 Dei
2219 2821 2571 2890 confessio:

625 2915 702 2975 ut
744 2907 915 2993 quod
958 2906 1294 2976 residuum
1337 2918 1438 2976 est
1481 2910 1673 2986 vitae,
1719 2909 1833 2975 ubi
1875 2908 2258 2992 simpliciter
2301 2907 2572 2974 Christo

625 2992 914 3060 dicatum
934 2995 1151 3075 fuerit,
1189 2994 1563 3061 tarditatem
1599 2995 1880 3061 anteacti
1916 2994 2229 3078 temporis
2266 3013 2572 3076 compen-

629 3087 749 3146 set.
836 3079 1023 3146 Nihil
1087 3089 1263 3148 certe
1323 3079 1672 3149 iucundius
1735 3081 1902 3146 mihi
1968 3080 2259 3148 accidere
2313 3078 2573 3165 poterit,

627 3186 826 3249 quam
869 3167 926 3231 si
969 3166 1259 3247 audiero,
1317 3173 1386 3233 18
1443 3187 1718 3234 excussa
1770 3165 2043 3233 mollitie
2097 3174 2165 3233 et
2221 3164 2572 3231 timiditate

630 3251 803 3317 victa
860 3250 1127 3318 Christo
1172 3251 1389 3336 palam
1433 3261 1502 3318 et
1543 3274 1629 3319 ex
1671 3254 1964 3338 professo
2008 3274 2248 3319 nomen
2293 3250 2567 3317 dedisse.

631 3335 1026 3419 Quanquam
1084 3346 1159 3403 ut
1213 3337 1336 3404 hoc
1391 3338 1559 3404 mihi
1602 3339 1912 3422 privatim
1955 3337 2068 3404 des
2110 3359 2245 3403 non
2289 3335 2569 3420 postulo,

629 3421 746 3489 sed
811 3430 887 3487 81
950 3423 1255 3490 ecclesias
1317 3445 1547 3491 omnes
1603 3446 1765 3507 quas
1817 3423 2205 3490 mirabiliter
2261 3423 2448 3488 Deus
2500 3424 2573 3487 in

633 3507 857 3576 Gallia
913 3510 1127 3574 erexit
1182 3510 1539 3576 exhilares:
1606 3531 1770 3593 quae
1813 3514 2113 3576 certatim
2166 3509 2290 3574 sibi
2343 3518 2411 3573 et
2451 3506 2574 3573 tibi

630 3593 1156 3678 gratulabuntur,
1191 3597 1246 3663 si
1281 3596 1526 3662 relictis
1563 3596 1851 3662 hostium
1887 3597 2118 3662 castris
2139 3602 2205 3660 te
2225 3596 2299 3660 in
2320 3593 2574 3661 Christi

632 3680 801 3745 ovile
844 3680 1214 3747 contuleris.
1293 3682 1431 3748 Nec
1474 3702 1721 3766 parvus
1761 3702 1987 3747 eorum
2030 3681 2143 3765 qui
2184 3681 2398 3747 adhuc
2455 3700 2572 3746 va-

632 3765 860 3831 cillant
915 3787 1229 3833 numerus
1286 3788 1357 3833 se
1402 3766 1484 3832 ad
1525 3768 1960 3833 imitationem
2005 3767 2304 3850 protinus
2360 3766 2574 3832 accin-

632 3858 759 3934 get.
840 3849 940 3917 Ac
980 3851 1037 3916 si
1078 3853 1433 3934 prudenter
1487 3853 1820 3937 expendas
1869 3874 2065 3936 quam
2106 3851 2301 3920 multi
2353 3853 2468 3918 abs
2507 3860 2576 3917 te

632 3934 980 4019 pendeant,
1046 3947 1116 4002 et
1170 3960 1364 4022 quam
1421 3940 1782 4005 multorum
1835 3940 1908 4005 in
1965 3947 2032 4004 te
2088 3938 2384 4006 conversi
2442 3938 2576 4002 sint

633 4021 821 4101 oculi,
887 4022 1075 4089 facile
1130 4045 1497 4109 cognosces,
1575 4034 1651 4090 ut
1708 4024 2096 4092 excusabilis
2152 4025 2240 4089 811
2292 4024 2575 4089 aliorum

632 4117 871 4190 torpor,
938 4111 1283 4176 cessationi
1349 4120 1499 4176 tuae
1564 4110 1746 4176 nullo
1800 4110 1989 4177 modo
2055 4131 2242 4194 posse
2303 4109 2572 4194 ignosci.

631 4192 834 4259 Forte
898 4195 1029 4260 iam
1087 4196 1246 4262 88118
1302 4204 1368 4261 18
1411 4196 1773 4261 animatum
1815 4195 2145 4280 reperient
2196 4216 2380 4261 meae
2429 4194 2573 4259 lite·

630 4298 761 4358 rae,
827 4289 905 4343 81
947 4301 1349 4364 supervacua
1390 4283 1479 4348 sit
1522 4282 1909 4348 exhortatio.
1996 4281 2308 4347 Partibus
2353 4290 2574 4346 tamen

630 4366 793 4430 meis
859 4363 1082 4431 deesse
1148 4365 1345 4433 nolui.
1454 4366 1642 4446 Vale,
1720 4367 2280 4450 praestantissime
2341 4367 2445 4432 vir
2510 4373 2577 4431 et

630 4449 794 4515 mihi
837 4471 922 4516 ex
976 4453 1192 4518 auimo
1257 4451 1539 4519 colende.
1634 4452 1963 4519 Dominus
2022 4463 2087 4518 te
2150 4452 2387 4538 spiritu
2455 4473 2572 4517 suo

631 4536 969 4620 gubernet,
1004 4537 1385 4604 fortitudine
1420 4540 1709 4605 instruat
1743 4547 1811 4605 et
1854 4537 2246 4607 incolumem
2289 4545 2570 4605 tueatur.

639 4625 732 4686 13.
779 4619 1106 4689 Calendas
1149 4623 1550 4705 Decembris,
1604 4629 1784 4690 1561.

1546 4762 1827 4828 Ioannes
1869 4761 2185 4828 Calvinus
2230 4768 2398 4826 tuus.

1396 5111 1409 5114 -
1428 5109 1795 5120 ψῃ*-

2130 401 2656 472 EPIS‘I'OLAB
2700 406 3122 470 solo—3618

4492 413 4596 478 120

3553 589 3752 663 8818.

2867 745 3224 813 oALvm
3267 746 3330 812 A
3372 730 3804 815 L’Eemsn
3853 746 3983 815 DE
4027 747 4416 817 11101118.

2850 915 4023 1003 Βέροπεεὰῖαῃαεεύἰοηᾶοεαυοίν
4076 922 4139 987 si
4192 921 4599 1006 memoa-

2676 1002 2931 1070 raceioli
2963 1003 3566 1091 decettevillepmt
3600 1007 3725 1072 &tre
3756 1006 4599 1076 admisauministeredam

2679 1088 2910 1173 Phylise
2939 1094 3320 1171 protestante
3359 1111 3587 1158 comme
3625 1091 3677 1157 il
3717 1090 3774 1158 le
3807 1092 4120 1159 demands.

2680 1259 2858 1325 (Nous
2892 1277 3060 1316 avons
3094 1261 3271 1316 donne
3304 1261 3358 1316 18
3392 1267 3545 1317 texte
3580 1263 3782 1318 authen
3811 1264 3825 1277 ⁶
3866 1281 3934 1318 ue
3969 1264 4038 1319 de
4073 1281 4136 1319 ce
4168 1265 4456 1321 document
4478 1266 4601 1321 dm

2676 1328 2759 1384 les
2797 1327 3061 1394 Genaua,
3096 1331 3264 1386 Tome
3297 1330 3370 1387 X.
3404 1332 3482 1387 Ite
3516 1332 3704 1386 Partis
3737 1350 3789 1403 p.
3860 1332 3944 1387 84.
4015 1334 4138 1389 Eue
4171 1341 4260 1390 eat
4289 1335 4366 1390 du
4391 1333 4457 1417 15?
4474 1335 4601 1390 Nov.

2678 1403 3238 1522 ῗὸέἑοῗῗὲἓῗῖὲέἓῖ.
3280 1405 3652 1540 131..ῗῖῗρ
3666 1400 3877 1525 Ρῖῗῗ
3903 1402 4097 1527 ἕᾞ
4129 1402 4439 1528 &mon
4472 1410 4603 1527 „32²1

2677 1551 2865 1590 mence
2899 1553 3000 1605 par
3035 1551 3124 1591 ces
3158 1543 3334 1592 mets:
3392 1537 3647 1661 Roqfficte
3679 1541 3998 1674 ⁸53oean
4017 1547 4119 1597 ete.
4173 1541 4357 1613 comp.
4377 1542 4447 1598 N.
4463 1539 4601 1609 3602,

3433 1885 3734 1898 Γ-ψ--η
3747 1886 3846 1892 ---

3552 2134 3741 2206 8⁶17.

3219 2288 3692 2360 CALVINUS
3737 2290 4061 2358 BEZAE.

2854 2461 3254 2528 Transmidit
3319 2464 3378 2526 ei
3442 2463 3658 2528 literas
3720 2464 3805 2529 ad
3873 2461 4268 2530 Saliniacum
4329 2468 4388 2527 et
4428 2463 4608 2528 oonsi-

2677 2548 2835 2615 lium
2854 2548 2929 2614 de
2961 2549 3269 2630 episcopis
3294 2548 3686 2630 recipiendis.
3761 2548 3925 2614 Tum
3957 2550 4276 2632 respondit
4312 2548 4403 2615 ad
4424 2548 4608 2631 plura

2676 2635 2811 2701 alia
2854 2636 2925 2699 in
2958 2632 3170 2701 Bezae
3209 2635 3471 2717 nuperis
3508 2634 3783 2716 epistolis
3821 2636 4275 2718 comprehensa.

2678 2804 2854 2872 (Anto
2953 2805 3100 2874 phou
3136 2821 3242 2859 uon
3279 2810 3471 2859 exstat.
3541 2805 3909 2860 Describimus
3957 2823 4025 2860 ex
4070 2806 4198 2861 Cod.
4235 2806 4440 2861 Genev.
4474 2803 4606 2871 107„

2674 2873 2766 2929 fol.
2910 2911 2923 2924 .
2991 2875 3317 2930 Recentiora
3350 2889 3505 2928 exem
3544 2874 3682 2927 laria
3713 2875 3881 2930 habes
3914 2875 3972 2929 iu
4007 2875 4135 2931 Cod.
4177 2873 4317 2943 111⁸,
4371 2875 4464 2930 fol.
4497 2873 4606 2941 206,

2675 2942 2732 2997 in
2769 2941 2902 2999 Cod.
2938 2943 3102 2998 Beru.
3138 2944 3277 3013 Epp.
3303 2942 3395 2997 VI.
3421 2942 3628 3066 Γ.12.
3664 2960 3752 3013 ap.
3779 2944 3993 3000 Simler.
4028 2945 4155 2998 Vol.
4177 2942 4291 2997 102.
4328 2973 4397 2984 —-
4431 2944 4608 2998 Edidit

2834 3013 3006 3066 Baum
3040 3012 3107 3065 Π.
3145 3013 3291 3080 App.
3327 3027 3382 3079 p.
3455 3011 3538 3066 29.
3611 3012 3806 3069 Versio
3842 3013 4051 3083 anglica
4088 3012 4149 3067 T.
4187 3013 4283 3067 IV.
4321 3011 4470 3081 237.)

2909 3186 2973 3250 A
3014 3184 3354 3251 Monsieur
3397 3193 3464 3250 81
3506 3184 3676 3250 aime
3716 3185 3889 3249 frere
3930 3184 4030 3249 Mt
4072 3182 4153 3249 de
4201 3184 4395 3251 Beze.

2845 3355 3013 3421 Heri
3071 3377 3235 3440 equo
3291 3362 3522 3422 vectus
3576 3354 3658 3420 ad
3715 3375 3983 3421 coenam
4027 3357 4242 3440 reperi
4284 3357 4606 3443 hypocau-

2674 3449 2849 3507 stum
2894 3441 3311 3508 calefactum:
3357 3441 3492 3506 illic
3535 3441 3747 3526 primo
3791 3441 4093 3524 ingressu
4126 3442 4291 3507 mihi
4323 3443 4610 3509 redditae

2673 3528 2941 3594 fuerunt
2980 3528 3231 3611 priores
3273 3534 3426 3593 1888
3469 3527 3714 3606 1118188,
3747 3526 3796 3612 ¹)
3840 3528 4075 3610 quibus
4120 3528 4418 3612 legendis
4462 3529 4607 3594 dum

2672 3615 2971 3679 intentus
3001 3635 3147 3680 sum
3183 3635 3392 3698 vapor
3426 3612 3761 3679 cerebrum
3799 3614 4137 3695 percussit.
4208 3615 4359 3681 Etsi
4396 3623 4607 3682 autem

2673 3700 2856 3767 cibus
2908 3700 3451 3766 sternutationem
3504 3699 3914 3782 compescuit,
3993 3699 4257 3765 domum
4312 3720 4609 3768 reversus

2674 3786 2850 3851 sensi
2890 3785 3137 3851 malum
3180 3786 3652 3869 ingravescere.
3741 3784 3954 3851 Paulo
3998 3794 4146 3869 post
4189 3786 4431 3854 alteras
4473 3796 4610 3851 tuas

2676 3871 2911 3955 accepi.
2931 3874 2989 3948 ²)
3077 3869 3362 3949 Videbis,
3404 3871 3563 3954 quid
3622 3869 3954 3955 Saliynaoe
4006 3872 4395 3956 scripserim.
4484 3870 4605 3939 Ubi

2675 3957 3019 4042 epistolam
3082 3956 3339 4042 legeris,
3417 3966 3532 4022 tuo
3608 3957 3879 4023 arbitrio
3941 3956 4052 4022 vel
4115 3960 4451 4042 supprime
4508 3954 4608 4022 vel

2675 4041 3074 4109 reddendam
3128 4062 3302 4109 cura.
3390 4043 3544 4108 Non
3596 4043 3824 4126 putavi
3880 4041 4095 4109 lenius
4149 4065 4300 4109 cum
4355 4044 4608 4109 homine

2676 4129 3022 4212 agendum,
3089 4129 3272 4196 cuius
3329 4136 3553 4213 torpor
3600 4127 3797 4213 longo
3855 4129 4167 4212 temporis
4225 4137 4443 4197 tractu
4483 4128 4608 4194 fere

2675 4213 2758 4278 ad
2816 4223 3159 4282 veternum
3203 4235 3405 4299 usque
3447 4213 3772 4281 obduruit.
3852 4214 4123 4280 Utinam
4168 4237 4343 4283 nunc
4385 4216 4606 4283 saltem

2675 4301 3094 4385 expergefiat,
3130 4321 3206 4367 ae
3248 4301 3661 4367 festinatione
3703 4299 3963 4366 studeat
3998 4309 4221 4366 notam
4265 4299 4608 4386 superioris

2675 4387 2981 4470 ignaviae
3024 4388 3416 4471 abstergere.
3502 4386 3790 4454 Causam
3840 4387 4160 4453 Trecensis
4214 4389 4496 4472 episcopi
4543 4386 4605 4449 in

2677 4492 2933 4556 genere,
2970 4479 3048 4537 ut
3078 4473 3369 4556 optabas,
3412 4473 3707 4539 tractavi.
3780 4472 4107 4537 Brevitati
4140 4481 4366 4539 tamen
4399 4474 4608 4557 ignos-

2675 4577 2801 4637 ces,
2846 4557 2928 4622 ad
2972 4580 3167 4641 quam
3201 4580 3307 4624 me
3341 4580 3517 4624 nunc
3553 4556 3770 4642 adegit
3803 4559 4173 4638 necessitas,
4221 4580 4424 4643 quum
4458 4558 4607 4625 alio-

2673 4645 2785 4727 qui
2820 4644 2983 4708 mihi
3019 4644 3107 4710 sit
3140 4644 3452 4728 ingenita.
3525 4642 3715 4709 Adde
3750 4643 3921 4726 quod
3963 4644 4035 4708 in
4073 4644 4196 4712 hoc
4232 4651 4608 4730 argumento

2674 4729 2838 4829 mihi
2882 4729 3160 4796 libenter
3206 4739 3517 4812 tempero,
3579 4749 3662 4796 ne
3706 4728 3934 4795 videar
3975 4729 4157 4815 leges
4201 4731 4389 4814 quasi
4430 4729 4607 4797 victis

2672 4836 2762 4880 1m
2809 4836 3022 4881 onere.

2766 4837 2807 4899 p
2846 4898 3041 4982 Quod
3086 4900 3166 4965 de
3208 4909 3630 4984 praepostero
3673 4909 4047 4967 nostrorum
4090 4902 4346 4969 fervore
4390 4899 4606 4968 scribis

2674 4988 3091 5053 verissimum
3147 4995 3266 5064 est,
3332 5006 3540 5071 neque
3595 4993 3818 5054 tamen
3875 4987 4009 5053 ulla
4065 4990 4349 5055 occurrit
4397 4985 4602 5054 mode-

2671 5240 2846 5296 8617.
2865 5241 2935 5373 lg)
2960 5242 3036 5363 115
3069 5239 3223 5365 ἓξὲξ.
