4850 6117
432 398 566 461 165

1314 584 1506 657 8⁸4⁶.

888 718 1451 791 SALINIAOUS
1497 721 1936 791 OALVINO.

615 859 2385 962 &maamabevanyezioaziemmoeoeutoazbi-

429 981 562 1029 m
614 962 977 1028 wistinmre
1028 962 1290 1038 videtur,
1345 964 1603 1046 eiusque
1642 965 1865 1031 mentis
1902 963 2165 1046 publica
2205 965 2386 1032 docta-

429 1052 642 1116 matta
682 1048 971 1128 edidisse,
1013 1048 1315 1131 conceptis
1355 1048 1559 1116 verbis
1601 1050 1903 1134 affimat.

424 1217 630 1288 (Manu
660 1220 866 1289 scripta
898 1235 1007 1273 non
1044 1222 1239 1274 exstat.
1307 1219 1497 1275 Edidit
1541 1221 1687 1275 Besa
1721 1221 1924 1276 Genev.
1959 1237 2014 1291 p.
2047 1219 2151 1275 261
2220 1221 2382 1275 Inus.

557 1305 614 1358 p.
654 1286 778 1358 541,
811 1287 1019 1342 Hanov.
1063 1305 1119 1357 p.
1153 1286 1273 1356 608,
1309 1288 1522 1344 Ghouet
1563 1307 1616 1361 p.
1651 1287 1772 1358 358,
1807 1290 1981 1346 Amet.
2025 1306 2080 1360 p.
2116 1263 2265 1358 1333.)

609 1443 852 1510 Merito
897 1452 963 1508 te
1006 1464 1174 1523 amo,
1218 1445 1322 1511 vir
1364 1445 1740 1524 clarissime,
1785 1443 1868 1511 de
1909 1445 2036 1511 ista
2077 1452 2194 1511 tua
2226 1465 2384 1531 erga

431 1548 547 1595 me
603 1529 1033 1607 humanitate,
1098 1530 1211 1615 qui
1253 1551 1378 1612 me,
1444 1540 1520 1596 ut
1561 1532 1741 1615 pium
1783 1550 1859 1597 ac
1899 1529 2240 1597 cordatum
2278 1532 2383 1598 vi-

429 1635 589 1681 rum
646 1613 848 1693 decet,
891 1613 1092 1682 officii
1133 1616 1265 1682 mei
1307 1616 1438 1683 tuis
1481 1614 1565 1681 ad
1606 1637 1714 1683 me
1756 1616 1969 1683 literis
2010 1617 2379 1685 admoneas.

430 1699 630 1784 Quae
681 1702 811 1767 ista
861 1709 980 1766 tua
1036 1721 1196 1786 erga
1249 1723 1356 1767 me
1410 1702 1720 1769 voluntas
1773 1722 1911 1768 non
1966 1702 2190 1769 minus
2231 1723 2382 1787 pro-

427 1787 608 1854 fecto
661 1787 828 1853 mihi
885 1792 1076 1872 grata
1132 1808 1275 1854 esse
1329 1786 1523 1854 debet
1569 1798 1764 1873 atque
1815 1788 2120 1868 iucunda,
2185 1809 2380 1872 quam

426 1893 478 1938 a
530 1893 789 1939 summa
844 1881 963 1939 tna
1019 1894 1179 1958 erga
1218 1895 1327 1940 me
1368 1874 1827 1941 benevolentia
1867 1875 2007 1958 (qui
2041 1874 2221 1940 enim
2259 1869 2381 1959 ego

430 1956 632 2025 aliter
690 1958 771 2025 de
812 1967 883 2025 te
925 1958 1292 2026 existimem
1310 1958 1376 2046 ⁶2)
1421 1980 1566 2025 eam
1624 1982 1766 2026 esse
1807 1960 2163 2044 profectam
2203 1970 2380 2027 certo

419 2044 585 2111 scio.
676 2043 812 2112 Sed
896 2044 1060 2112 illud
1167 2046 1408 2112 refecto
1469 2046 1827 2130 permirum
1891 2044 2058 2111 mihi
2124 2046 2379 2126 accidit,

423 2130 605 2215 quod
657 2152 791 2197 non
848 2152 1038 2198 secus
1141 2153 1178 2197 e
1234 2151 1343 2197 me
1396 2131 1640 2198 sentire
1696 2130 1980 2212 videare,
2035 2151 2112 2198 ac
2166 2130 2246 2198 de
2304 2154 2381 2198 eo

424 2223 683 2282 statuas
724 2217 839 2300 qui
881 2217 1148 2282 omnino
1190 2237 1235 2288 a
1271 2216 1536 2284 Christo
1579 2217 1667 2283 sit
1705 2217 1977 2297 alienus,
2039 2225 2108 2282 et
2147 2238 2381 2302 perpe-

422 2309 618 2367 tuam
679 2303 1273 2387 propugnationem
1328 2324 1446 2386 pro
1487 2304 1767 2369 veritate
1810 2305 2138 2389 suscipere
2180 2304 2377 2370 nolit:

420 2407 637 2471 quum
700 2408 896 2454 nemo
961 2387 1177 2455 adhuc
1238 2410 1345 2454 me
1415 2389 1489 2455 in
1556 2390 2084 2456 adversariorum
2148 2390 2381 2456 castris

423 2474 624 2557 signa
665 2481 1046 2557 sequentem
1085 2475 1340 2540 videat:
1384 2496 1596 2558 neque
1637 2476 1996 2559 promissis,
2038 2496 2208 2558 qnae
2252 2476 2379 2541 mi-

419 2562 683 2625 nimum
738 2559 913 2643 apud
968 2580 1075 2634 me
1125 2560 1370 2641 valent,
1437 2562 1552 2628 sed
1608 2583 1691 2627 ne
1746 2561 2053 2645 periculis
2114 2560 2377 2644 quidem

422 2643 604 2724 ullis,
648 2645 884 2729 quibus
926 2654 1151 2713 tamen
1186 2656 1535 2713 moventur
1582 2647 1919 2713 fortissimi
1953 2646 2099 2726 viri,
2144 2645 2380 2714 adduci

421 2750 722 2814 unquam
756 2732 1079 2816 potuerim
1114 2739 1190 2797 ιιι
1226 2732 1365 2816 ipse
1401 2754 1441 2798 a
1473 2753 1580 2799 me
1614 2732 1977 2812 deficerem,
2017 2740 2084 2798 et
2123 2732 2380 2800 deserto

416 2816 828 2900 imperatore
869 2817 1156 2898 Christo,
1217 2839 1297 2884 ac
1332 2820 1407 2885 in
1451 2820 1590 2886 acie
1632 2818 1860 2885 ordine
1901 2839 2066 2900 meo,
2131 2818 2217 2884 ad
2258 2819 2378 2884 ho-

418 2902 633 2968 stium
668 2911 885 2970 castra
920 2903 1300 2988 turpissime
1335 2914 1530 2988 atque
1564 2903 2072 2989 flagitiosissime
2094 2905 2379 2971 transfu-

419 3009 675 3073 gerem.
742 2987 936 3070 Quod
975 2990 1034 3057 si
1076 2996 1153 3054 tu
1191 3009 1270 3055 eo
1311 2991 1585 3057 fortasse
1629 3011 1755 3074 me⁸
1776 2990 2044 3057 nomine
2086 2991 2234 3056 iure
2274 3011 2376 3056 re-

414 3072 2058 3246 ξᾚέᾃῖᾶξέηῗέἓνὲἒῗωὲἓῖθςὲἓῗωίἓῗῗ
2085 3075 2377 3228 :23:⁶⁰3

416 3265 542 3312 me
575 3244 699 3313 dici
735 3267 924 3331 posse
957 3255 1143 3330 puto)
1177 3246 1293 3313 sed
1327 3268 1474 3314 eam
1494 3269 1696 3331 quum
1717 3267 1973 3332 possem
1995 3267 2132 3312 non
2154 3246 2377 3314 defen·

414 3328 661 3411 derim,
703 3332 1003 3416 equidem
1042 3331 1114 3398 id
1154 3332 1278 3399 hoc
1320 3333 1459 3400 loco
1502 3333 1673 3418 quod
1714 3354 1823 3399 res
1865 3340 1966 3398 est
2005 3334 2232 3416 paucis
2270 3355 2375 3400 re-

418 3417 797 3499 spondebo:
840 3438 946 3484 me
986 3418 1062 3483 in
1104 3427 1291 3483 tanta
1334 3418 1697 3485 animorum
1743 3419 1825 3485 de
1866 3418 2182 3503 religione
2224 3440 2377 3485 con-

419 3504 722 3570 tentione
773 3511 841 3570 et
894 3503 1277 3589 opinionum
1332 3504 1752 3585 dissensione,
1816 3504 1927 3572 cni
1993 3505 2376 3592 simpliciter

415 3608 538 3654 me
594 3588 898 3655 dederem
952 3588 1169 3656 adhuc
1224 3592 1618 3657 constituere
1661 3612 1798 3655 non
1926 3590 2146 3657 tuisse.
2237 3591 2374 3657 Ou-

410 3672 602 3760 piam
644 3696 766 3761 ego
807 3675 1232 3743 vehementer
1273 3697 1419 3743 eam
1460 3698 1583 3743 nos
1621 3674 1852 3759 reipub
1881 3677 2013 3743 'cae
2069 3677 2374 3744 christia-

411 3779 553 3826 nae
593 3761 871 3826 formam
905 3761 1148 3828 habere
1181 3783 1382 3846 quam
1423 3769 1498 3827 tu
1536 3764 1679 3846 ipse
1713 3763 1922 3845 spiras
1956 3770 2026 3828 et
2066 3763 2373 3847 apostoli-

406 3863 571 3911 cam
612 3846 813 3921 fnisse
854 3846 1151 3933 legimus.
1224 3846 1361 3914 Sed
1396 3858 1677 3932 quantae
1719 3849 1909 3914 molis
1953 3850 2039 3914 sit
2071 3849 2372 3916 christia-

410 3950 580 3997 nam
637 3932 851 3998 denuo
915 3932 1197 4001 condere
1236 3941 1521 4018 gentem,
1585 3941 1702 4000 aut
1756 3935 1978 4017 potius
2038 3934 2371 4015 recudere,

465 4038 591 4085 uae
632 4025 733 4083 tot
770 4018 907 4085 iam
949 4038 1155 4086 annos
1196 4038 1237 4083 a
1277 4029 1461 4091 recta
1501 4020 1766 4086 virtutis
1809 4031 1876 4086 et
1918 4020 2218 4086 veritatis
2259 4021 2370 4087 via

471 4105 797 4171 eflexerit:
843 4111 912 4171 et
952 4104 1339 4189 praesertim
1381 4105 1558 4188 apud
1600 4113 1878 4183 nostros,
1924 4106 2039 4189 qui
2077 4104 2209 4170 οὐδὲ
2243 4104 2371 4170 κατ’

408 4185 570 4275 ὄναρ
624 4190 697 4256 id
739 4190 911 4274 quod
952 4197 1209 4256 rectum
1253 4198 1354 4257 est
1395 4199 1464 4257 et
1503 4212 1738 4258 verum
1777 4189 2092 4258 viderint:
2139 4199 2216 4257 tu
2258 4193 2370 4259 vel

411 4295 532 4342 me
570 4284 849 4358 tacente,
914 4276 1026 4361 qui
1067 4277 1243 4361 apud
1283 4298 1405 4344 nos
1448 4278 1539 4343 sis
1580 4284 1779 4343 natus
1819 4285 1886 4342 et
1928 4277 2257 4360 educatus,
2302 4285 2370 4345 et

408 4360 491 4426 in
556 4360 782 4429 Gallia
835 4369 1063 4429 nostra
1124 4363 1340 4447 prima
1402 4363 1668 4430 virtutis
1722 4370 1877 4429 tuae
1939 4363 2368 4432 fundamenta

411 4445 670 4527 iecoris,
714 4449 957 4532 quique
990 4455 1061 4515 et
1099 4449 1306 4533 polito
1338 4456 1407 4515 et
1439 4449 1651 4515 literis
1684 4449 1946 4516 exculto
1978 4451 2068 4516 sis
2100 4450 2368 4534 ingenio

412 4542 492 4600 et
543 4536 679 4601 acri
733 4534 975 4601 iudicio
1030 4534 1387 4620 praeditus,
1439 4535 1684 4619 optime
1737 4543 1923 4620 potes
1973 4535 2362 4621 intelligere.

410 4619 936 4704 Expeditissima
974 4621 1179 4706 igitur
1220 4620 1386 4686 mihi
1428 4620 1691 4707 quidem
1733 4619 1817 4686 ad
1858 4618 2030 4687 hanc
2070 4643 2211 4687 rem
2254 4622 2366 4691 via

412 4726 568 4773 esse
608 4704 889 4788 videtur,
933 4708 991 4773 si
1032 4726 1168 4773 non
1206 4707 1570 4791 scripturae
1609 4712 1886 4772 tantum.
1951 4727 2116 4790 qnae
2156 4706 2364 4795 pluri·

409 4812 607 4858 mum
660 4792 836 4879 apud
884 4793 1025 4877 pios
1082 4792 1302 4861 valere
1353 4793 1587 4859 debeat
1658 4791 1775 4858 sed
1830 4794 2364 4870 veterumntiam

413 4877 790 4959 autoritate,
846 4899 1014 4962 quae
1068 4878 1341 4945 maximi
1392 4879 1474 4946 ab
1527 4844 1922 4945 adversariis
1974 4879 2070 4960 fit,
2124 4881 2364 4963 quibus

412 4963 653 5049 opibus
709 4965 1000 5030 maxime
1052 4966 1183 5031 tuti
1238 4987 1383 5032 esse
1435 4964 1663 5044 velint,
1720 4984 1802 5031 ea
1853 4963 2182 5050 praesidia
2231 4987 2365 5033 non

413 5051 582 5118 satis
623 5052 817 5117 firma
858 5071 1001 5119 esse
1042 5050 1415 5118 doceamus:
1463 5070 1757 5135 quaeque
1798 5049 1993 5117 hodie
2030 5051 2101 5117 in
2151 5052 2365 5137 pretio

412 5135 769 5218 habentur,
806 5145 874 5204 et
907 5137 1108 5223 vulgo
1142 5159 1183 5204 a
1216 5136 1387 5203 male
1421 5137 1598 5203 sanis
1630 5136 2008 5204 hominibus
2031 5136 2364 5219 docentur,

460 5231 742 5289 uantum
776 5244 820 5289 a
850 5223 1129 5291 veritate
1160 5223 1308 5309 ipsa
1339 5221 1712 5302 dissideant,
1734 5222 2006 5307 planum
2029 5223 2364 5293 faciamus.

413 5243 574 5391 aaa
616 5328 774 5375 sane
814 5308 884 5376 in
927 5330 1001 5376 re
1044 5311 1150 5393 (ut
1189 5308 1308 5375 otii
1349 5308 1545 5375 etiam
1588 5307 1802 5375 nostri
1844 5310 2015 5375 ratio
2057 5307 2175 5376 tibi
2209 5327 2365 5378 con·

2141 403 2299 467 1561
2348 399 2755 469 Dssomffl.

4320 411 4450 475 16ss

2493 596 2650 671 stet)
2696 589 3042 659 subcisivis
3083 590 3350 674 quidem
3384 592 3566 659 horis
3608 599 3795 670 (nam
3831 593 4190 673 meliorem,
4231 599 4310 660 ιιί
4339 612 4454 660 ae-

2490 696 2692 759 quum
2756 683 2871 756 est,
2941 676 3074 742 diei
3136 686 3394 760 partem
3456 677 3797 747 literarum
3840 699 4176 747 sacrarum
4218 677 4444 746 studio

2489 761 2868 839 tribuimus)
2923 760 3205 829 libenter
3246 784 3372 844 me,
3438 771 3759 849 quantum
3814 785 3934 850 per
3976 764 4443 849 occupationes

2489 846 2654 915 alias
2705 855 2773 913 et
2826 846 3272 914 valetudinem
3326 848 3500 930 licet,
3554 870 3841 917 exerceo.
3931 847 4126 932 Quod
4180 857 4257 915 ιιι
4314 850 4442 916 ali·

2488 932 2746 1017 quando
2802 953 2840 998 e
2891 953 2965 999 re
3015 934 3326 1001 ecclesiae
3366 943 3629 1002 nostrae
3671 956 3815 1002 esse
3853 936 4079 1022 possit,
4134 935 4440 1003 Psalmos

2487 1017 2843 1085 Davidicos
2886 1017 3207 1101 hebraice,
3251 1029 3319 1086 et
3360 1020 3645 1106 reliquos
3678 1021 3985 1107 deinceps
4018 1021 4266 1088 veteris
4299 1021 4438 1087 foe·

2487 1102 2659 1170 deris
2719 1104 2937 1183 libros,
2981 1104 3363 1173 Kimhianis
3419 1107 3503 1173 ad
3558 1107 3819 1174 eosdem
3872 1106 4200 1174 adiunctis
4255 1127 4435 1174 com-

2485 1191 2841 1270 mentariis,
2883 1192 3151 1257 ineunte
3193 1191 3522 1272 Ianuario,
3565 1193 3639 1258 in
3682 1199 3908 1260 nostra
3946 1193 4069 1261 hac
4102 1191 4440 1259 academia

2484 1275 2740 1359 publice
2775 1276 3194 1361 explicandos
3230 1278 3316 1357 (si
3349 1277 3536 1345 Deus
3571 1278 3728 1363 Opt.
3765 1279 3948 1345 Max.
3973 1300 4097 1358 me,
4123 1284 4200 1344 ut
4220 1298 4436 1361 spero,

2485 1364 2852 1429 servaverit
2893 1384 2970 1429 ac
3011 1363 3283 1443 iuverit)
3325 1365 3614 1448 suscepi:
3659 1374 3737 1432 ut
3770 1362 3931 1430 dum
3963 1364 4203 1432 caeteri
4237 1364 4438 1431 Sata·

2487 1468 2640 1514 nam
2682 1448 2753 1515 vi
2794 1455 2864 1513 et
2919 1450 3351 1532 impressione
3394 1459 3687 1516 evertere
3741 1450 3931 1517 bonis
3974 1450 4274 1516 omnibus
4318 1471 4439 1534 ap·

2484 1532 2904 1617 probantibus
2943 1543 3280 1615 conantur,
3324 1556 3446 1621 ego
3489 1555 3610 1619 pro
3647 1535 3846 1614 virili,
3893 1546 3968 1603 ut
4010 1535 4178 1603 levis
4219 1556 4439 1602 arma-

2483 1627 2673 1685 turae
2729 1619 2950 1699 miles,
3001 1619 3292 1688 subsidio
3348 1622 3626 1687 veniam.
3716 1620 3914 1688 Miles
3970 1643 4126 1688 vero
4182 1619 4436 1688 Christi

2483 1706 4434 1878 3³:¹¹3&ssss⁸pt¹55333²320³zz11322³325240&32:⁰53

2482 1876 2756 1943 fundere
2818 1888 2950 1943 non
3017 1877 3328 1957 dubitem,
3408 1877 3604 1962 idque
3668 1898 3967 1945 summae
4029 1879 4194 1945 mihi
4254 1878 4437 1945 laudi

2484 1983 2626 2028 esse
2671 1962 2923 2041 ducam,
2989 1972 3183 2047 atque
3239 1964 3535 2030 omnium
3591 1964 3946 2050 triumphis
3989 1963 4434 2049 anteponam?

2483 2048 2629 2133 Ego
2673 2069 2908 2133 nempe
2948 2057 3103 2114 ante
3137 2070 3397 2116 menses
3431 2058 3593 2130 octo,
3640 2059 3751 2115 aut
3787 2071 3863 2116 eo
3897 2050 4095 2115 etiam
4132 2051 4436 2135 amplius,

2481 2132 2849 2218 Prophetas
2893 2134 3137 2218 aliquot
3177 2156 3327 2201 cum
3359 2135 3739 2203 Kimhianis
3783 2135 4266 2202 commentariis
4309 2157 4436 2220 pu-

2481 2217 2647 2286 blice
2712 2240 2860 2286 sum
2923 2219 3414 2322 interpretatus,
3481 2220 3836 2304 eademque
3899 2221 4014 2287 illa
4080 2242 4246 2305 quae
4311 2240 4434 2321 vos

2481 2325 2601 2457 1¹3}ss
2602 2305 3390 2476 Ρέἒῗεῖθῗίῗιξίῧιὲἕῗὲ·
3416 2304 4096 2476 ἓέἴῗέἒῖἓιῑῖῑίοέωἶῗ
4130 2314 4430 2460 ⁰5:⁰33

2482 2497 2617 2541 uno
2684 2497 2801 2561 per
2863 2497 3058 2561 quem
3125 2498 3467 2544 servemur
3529 2480 3882 2563 proposito,
3959 2477 4282 2558 revocavi,
4361 2485 4432 2544 et

2482 2561 2694 2646 quoad
2736 2563 2879 2629 eius
2920 2562 3064 2628 fieri
3105 2563 3336 2646 potuit,
3381 2561 3466 2629 ad
3511 2565 3824 2648 pietatem
3857 2584 4116 2647 semper
4148 2562 4434 2631 erudivi.

2482 2648 2727 2714 Fateor
2760 2647 3060 2733 equidem
3096 2652 3247 2728 (nec
3281 2669 3478 2716 causa
3512 2657 3614 2715 est
3645 2672 3762 2715 cur
3794 2649 3862 2715 id
3894 2656 4161 2735 negem)
4196 2649 4433 2716 falsam

2480 2735 2677 2801 istam
2721 2733 3085 2801 doctrinam
3127 2754 3264 2800 non
3306 2743 3444 2801 tam
3478 2736 3754 2801 fortasse
3788 2745 4029 2819 aperte,
4076 2748 4270 2818 quam
4303 2734 4433 2819 ipsi

2479 2821 2694 2886 facere
2758 2819 2997 2899 soletis,
3063 2821 3461 2888 confutasse:
3540 2820 3950 2906 Babylonem
4003 2829 4226 2887 tamen
4284 2828 4432 2886 tum

2482 2904 2821 2986 cuniculis,
2867 2914 3015 2971 tum
3048 2913 3274 2989 aperto
3308 2906 3511 2972 etiam
3543 2907 3779 2988 Marte,
3816 2915 3892 2974 ut
3923 2928 4031 2973 res
4066 2919 4134 2972 et
4166 2914 4432 2991 tempus

2479 2989 2746 3069 ferebat,
2810 2991 2907 3057 ita
2947 3011 3206 3076 semper
3248 2993 3639 3078 oppugnavi,
3684 3002 3760 3059 ut
3802 3002 4026 3059 noster
4067 2992 4193 3058 iste
4236 2992 4311 3058 in
4329 3027 4338 3038 ·
4353 3014 4433 3060 eo

2479 3097 2721 3161 genere
2785 3085 3054 3144 conatus
3120 3077 3368 3161 optimo
3424 3078 3657 3162 cuique
3711 3099 3972 3162 semper
4025 3079 4435 3163 probaretur.

2478 3162 2687 3229 Plura
2727 3163 2796 3228 in
2839 3163 3015 3229 hauc
3058 3164 3453 3230 sententiam
3495 3184 3630 3230 non
3675 3164 3974 3232 scribam.
4053 3163 4209 3247 Quo
4251 3164 4431 3230 enim

2479 3268 2602 3333 ego
2636 3249 2762 3314 sim
2796 3269 3183 3332 semperque
3216 3250 3452 3315 fuerim
3488 3250 3725 3330 animo,
3804 3250 3920 3316 uid
3952 3250 4115 3315 item
4139 3257 4433 3336 spectem

2478 3334 2773 3418 mihique
2805 3355 3185 3419 proponam,
3220 3344 3288 3401 et
3319 3356 3518 3420 quam
3550 3334 3747 3421 longe
3847 3345 4039 3420 teque
4068 3337 4430 3402 Dominum

2477 3441 2755 3504 regnare
2798 3423 3075 3504 cupiam,
3127 3420 3274 3505 ipsa
3316 3421 3455 3487 dies
3499 3424 3605 3506 (ιιι
3646 3444 3761 3507 spe
3804 3443 3953 3488 sum
3994 3422 4270 3506 optima)
4314 3421 4432 3487 do-

2476 3507 2667 3573 cebit.
2753 3506 2986 3590 Neque
3049 3527 3126 3572 eo
3192 3514 3367 3573 certe
3422 3508 3691 3574 oonsilio
3750 3507 3913 3575 haec
3970 3527 4430 3587 commemoro,

2477 3600 2670 3676 atque
2715 3591 2798 3658 ad
2836 3601 2902 3658 te
2937 3591 3165 3673 scribo,
3209 3613 3339 3676 quo
3374 3592 3539 3658 mihi
3588 3592 3942 3678 quidquam
3979 3591 4190 3661 laudis
4224 3593 4428 3660 tribui

2475 3678 2830 3762 postulem:
2878 3678 2990 3744 sed
3035 3687 3111 3743 ιιι
3149 3700 3275 3758 me,
3318 3676 3450 3744 Dei
3491 3678 3826 3758 beneficio,
3868 3701 4003 3745 non
4047 3680 4314 3744 omnino
4353 3678 4426 3744 in

2474 3764 2916 3848 propagandis
2985 3764 3164 3830 illius
3226 3766 3412 3850 regni
3479 3763 3721 3830 finibus
3777 3773 4167 3831 cessatorem
4222 3764 4428 3831 fuisse

2473 3849 2824 3934 intelligas.
2912 3850 3081 3916 Vale
3125 3857 3195 3915 et
3234 3871 3361 3926 me,
3405 3858 3482 3916 ut
3523 3868 3590 3916 te
3627 3850 3699 3915 in
3743 3850 4010 3916 Christo
4044 3870 4322 3916 veneror
4353 3860 4426 3914 et

2475 3955 2639 4015 amo,
2684 3934 2969 4002 redama.
3059 3936 3386 4018 Lutetiae,
3430 3934 3658 4003 Idibus
3702 3933 4084 4001 Decembris
4134 3938 4318 4000 1561.

3643 4072 3925 4137 Ioannes
3964 4069 4035 4137 S.
4074 4079 4250 4158 tuus.

3227 4366 3633 4379 ——u———·

3342 4600 3541 4671 8647.

3017 4739 3372 4808 POLONI
3414 4735 3854 4806 OALVINO.

2640 4910 2932 4980 Min-imi
3002 4911 3274 4978 seniores
3334 4910 3629 4993 plemam
3677 4909 4033 4978 diooeeseon
4096 4911 4423 4978 vindicant

2465 4995 4424 5081 seasmpioioneheterodooeiaeinartiadodemnitateet

2462 5086 2654 5170 fidem
2698 5084 3051 5151 Nicamm
3081 5087 3140 5148 st
3180 5082 3698 5150 Athanasianam
3729 5081 3999 5150 candide
4023 5083 4419 5166 profitentur.

2494 5253 3567 5394 fflffsffi‘issfflffifffflr‘&
3580 5249 4288 5392 soeffpsszffiffi
4321 5252 4419 5378 :z

3901 5403 4010 5460 11⁸
