4850 6117
244 402 346 469 389

242 598 360 655 tatu
411 586 481 651 in
526 588 896 653 concionem
959 588 1046 652 sit
1102 606 1502 671 progressus.
1529 590 1583 662 ⁸)
1669 586 1772 652 Ab
1816 606 1892 653 eo
1936 584 2040 651 die
2080 587 2152 651 in

240 674 375 741 urbe
432 673 658 738 omnia
722 672 952 739 castris
1027 672 1242 756 potius
1323 691 1518 757 quam
1587 671 1836 739 civitati
1914 670 2156 738 similia

241 762 497 826 fuerunt.
585 757 877 825 Tandem
944 757 1125 824 venit
1190 757 1624 836 Navem-enus,
1692 760 1806 844 qui
1875 757 2156 843 Reqime

240 848 397 913 iussu
433 844 688 910 iuberet
727 846 1035 928 utrinque
1077 864 1262 910 arma
1304 842 1557 927 deponi.
1628 842 1961 924 Quorsum
1996 843 2158 908 haec

241 929 588 1007 tenderent,
646 951 838 998 nemo
884 939 1027 996 erat
1081 930 1186 996 hic
1243 931 1357 1012 qui
1411 930 1759 1014 ignoraret.
1852 927 2159 997 Condenm‘

238 1017 405 1083 certis
451 1016 532 1081 de
575 1016 789 1084 causis
833 1036 963 1082 non
1006 1016 1254 1101 placuit
1296 1016 1419 1083 hoc
1461 1023 1842 1098 exspectare
1883 1014 2157 1080 manda-

239 1112 378 1180 tum,
424 1102 648 1184 itaque
690 1124 774 1167 ex
816 1100 978 1168 urbe
1021 1101 1421 1168 excessimus
1465 1102 1549 1166 ad
1593 1103 1792 1167 unius
1837 1100 1968 1167 diei
2009 1100 2155 1166 iter.

236 1188 323 1254 Ibi
364 1207 507 1253 sese
549 1187 886 1253 nobiscum
930 1187 1267 1255 coniunxit
1309 1186 1708 1253 Amaldus.
1794 1187 1955 1253 Mox
2000 1206 2158 1270 quo-

237 1292 348 1358 qne
399 1272 569 1338 aliae
625 1282 1038 1340 accesserunt
1079 1274 1333 1356 copiae,
1389 1272 1550 1338 dum
1591 1280 2042 1356 exspectamus
2085 1279 2161 1338 ut

240 1358 580 1426 manus
620 1368 689 1424 et
727 1360 869 1444 ipse
913 1357 1290 1425 discederet.
1380 1361 1479 1425 Ac
1520 1359 1818 1425 discessit
1857 1359 1971 1425 ille
2014 1358 2161 1443 qui·

238 1445 383 1522 dem,
422 1443 541 1511 sed
584 1457 878 1511 armatus
920 1452 1102 1511 recta
1142 1443 1222 1509 ad
1263 1443 1488 1529 Regem
1530 1454 1600 1509 et
1638 1444 1963 1529 Βερίπαηι,
2007 1464 2161 1510 con-

235 1538 325 1596 tra
362 1551 587 1597 eorum
629 1529 1029 1597 mandatum.
1117 1531 1208 1595 Et
1239 1529 1504 1613 quidem
1540 1529 1863 1615 praesidio
1895 1531 1963 1595 in
1999 1530 2163 1595 urbe

236 1617 340 1683 sub
373 1618 639 1682 nomine
674 1616 1046 1683 Oardinalis
1080 1615 1385 1693 Borbowii
1403 1620 1457 1695 ⁷)
1493 1613 1951 1701 gubernatoris
1986 1637 2162 1682 com-

235 1714 467 1786 parato.
570 1702 714 1769 Hoe
779 1704 1104 1769 facturum
1166 1700 1558 1768 Guisianwn
1621 1700 1821 1786 (quod
1888 1702 2163 1767 maximi

235 1799 361 1853 erat
418 1789 769 1866 momenti)
845 1787 1107 1855 difficile
1177 1808 1308 1853 non
1374 1795 1517 1853 erat
1579 1789 1978 1872 prospicere,
2042 1808 2164 1853 nec

236 1874 414 1940 etiam
478 1893 703 1939 cavere
716 1925 731 1953 ,
799 1893 998 1958 quum
1052 1873 1260 1939 nihilo
1315 1892 1608 1940 essemus
1663 1894 1740 1939 ec
1801 1873 2162 1953 inferiores,

234 1959 336 2025 md
375 1960 592 2026 ausim
636 1959 850 2027 dicero
890 1959 1089 2025 fatale
1122 1958 1231 2026 hic
1263 1958 1573 2042 quiddam
1606 1958 1935 2039 accidisse,
1977 1960 2164 2026 cuius

234 2045 428 2112 adhuc
477 2045 731 2117 exitum
775 2054 1095 2129 exspecto.
1183 2044 1319 2111 Nos
1363 2052 1627 2128 accepto
1683 2045 1928 2130 captivi
1972 2044 2167 2130 Reyis

232 2133 460 2197 nuncio
507 2136 741 2214 (neque
799 2130 974 2196 enim
1016 2131 1139 2196 hoc
1193 2130 1370 2195 aliud
1407 2141 1507 2195 est
1545 2152 1741 2214 quam
1797 2130 2167 2197 miserrima

233 2217 568 2300 captivitas
619 2237 817 2300 quam
873 2218 1069 2282 etiam
1122 2215 1264 2281 Rex
1319 2237 1471 2282 cum
1528 2217 1837 2301 lacrymis
1887 2224 2165 2283 testatus

232 2302 365 2387 est),
416 2300 650 2368 urbem
693 2322 928 2369 versus
972 2302 1254 2385 regressi
1296 2308 1374 2366 ut
1416 2300 1793 2385 Sequanam
1839 2302 2165 2369 traiicere·

233 2409 384 2466 mus,
452 2388 537 2453 ad
604 2386 914 2472 oppidum
981 2386 1150 2471 quod
1193 2386 1532 2454 Olodcaldi
1597 2396 1862 2472 pontem
1905 2396 2163 2469 vocant,

229 2474 576 2539 maximam
618 2474 691 2538 in
733 2472 898 2540 urbe
941 2472 1444 2558 trepidationem
1488 2474 1940 2553 excitavimus,
2004 2494 2161 2558 quo-

231 2559 397 2625 niam
455 2558 537 2625 ad
599 2558 727 2625 dno
782 2560 1071 2644 equitum
1129 2558 1336 2624 millia
1384 2560 1453 2624 in
1498 2560 1698 2627 armis
1742 2559 2161 2639 habebamus,

232 2666 341 2711 nec
371 2645 807 2729 trepidantem
848 2644 1075 2711 urbem
1097 2665 1412 2729 occupare
1438 2645 1702 2713 difficile
1722 2646 2086 2712 videbatur.
2110 2644 2163 2731 Β)

232 2729 355 2797 Sed
397 2730 576 2797 aliud
622 2730 861 2797 ducum
902 2731 1246 2797 eonsilium
1291 2738 1450 2795 erat.
1526 2731 1590 2797 N
1591 2753 1697 2797 am
1741 2752 1780 2796 a
1822 2730 2164 2797 Olodoaldi

231 2826 416 2899 ponte
455 2825 732 2902 repente
795 2818 1101 2882 maximis
1153 2816 1496 2883 itineribus
1553 2816 1895 2884 Aureliam
1939 2838 2163 2900 perve-

228 2903 455 2981 nimus,
515 2904 610 2967 ita
652 2903 909 2987 quidem
968 2909 1354 2988 opportune,
1413 2912 1489 2968 ut
1530 2901 1821 2969 nondum
1865 2904 2161 2989 ingresso

227 2987 502 3054 bostium
557 2987 904 3072 praesidio,
958 2985 1130 3072 quod
1190 3008 1266 3053 eo
1322 2987 1722 3068 mittebatur,
1778 2989 1922 3054 sine
1964 2989 2161 3055 caede

225 3080 285 3137 et
343 3073 481 3140 ullo
541 3073 827 3140 tumultu
902 3074 1220 3140 fuerimus
1283 3092 1324 3137 a
1384 3074 1726 3155 fratribus,
1803 3094 1940 3140 non
2019 3075 2163 3140 sine

227 3179 457 3243 magna
502 3159 944 3245 gratulatione
988 3168 1057 3225 et
1099 3159 1457 3225 clarissimo
1499 3159 1914 3226 Psalmorum
1955 3159 2159 3226 iubilo

226 3244 607 3311 intromissi:
667 3247 776 3311 ubi
835 3267 1011 3312 nnnc
1066 3264 1320 3329 quoque
1370 3243 1713 3312 haeremus
1755 3254 1822 3312 et
1864 3247 2158 3330 equitum

225 3329 637 3414 peditumque
690 3332 906 3415 copias
964 3330 1144 3395 omni
1186 3351 1270 3396 ex
1313 3339 1497 3414 parte
1540 3332 1848 3417 cogimus.
1939 3332 2160 3397 Hosti·

225 3415 338 3481 bns
379 3418 635 3482 interea
675 3416 841 3482 nihil
880 3417 1100 3501 potius
1141 3416 1284 3495 fuit,
1328 3437 1524 3499 quam
1568 3418 2007 3484 Parisiensem
2054 3439 2159 3485 ec-

420 3671 484 3741 6)
516 3672 780 3727 Bruclart
823 3673 865 3727 1.
899 3671 968 3726 76
1014 3673 1165 3737 (vide
1208 3673 1283 3727 ad
1328 3672 1394 3726 N.
1430 3670 1594 3735 3⁷49)
1631 3672 1884 3742 Lanquet
1925 3671 1994 3728 IL
2027 3671 2160 3726 212.-

226 3739 513 3806 Gondaeus,
598 3742 657 3795 ui
690 3741 780 3795 bic
814 3749 945 3797 tnnc
976 3742 1188 3811 agebat,
1231 3742 1414 3811 coepit
1445 3758 1506 3796 se
1538 3741 1750 3796 munire
1783 3741 2069 3811 praesidiis
2103 3747 2163 3795 et

226 3809 452 3877 stipatus
487 3758 598 3864 203
626 3817 723 3864 ant
754 3808 860 3863 300
893 3811 1168 3880 equitibus
1202 3827 1270 3866 ex
1304 3809 1590 3864 nobilitate
1624 3811 1709 3864 bis
1744 3827 1865 3865 cum
1898 3827 2070 3864 uxore
2104 3816 2163 3865 et

224 3876 327 3931 filio
358 3895 536 3947 puero
572 3879 799 3932 accessit
830 3879 899 3932 ad
935 3880 1261 3946 concionem,
1348 3895 1478 3932 uum
1521 3884 1705 3932 tamen
1755 3881 2010 3933 abessent
2043 3880 2161 3933 eius

226 3945 376 4000 aedes
412 3964 447 3999 a
483 3947 601 4001 leco
637 3948 910 4003 concionis
944 3948 1166 4002 dimidio
1201 3948 1420 4001 milliari
1491 3948 1778 4001 ermanico.
1830 3946 1895 4002 D.
1919 3946 1991 4002 20
2013 3947 2066 4002 b.
2087 3966 2157 4002 m.

225 4015 552 4083 trepidatum
588 4023 674 4069 est
718 4017 819 4069 sub
854 4026 1067 4070 noctem
1113 4017 1172 4070 in
1207 4017 1427 4071 aedibus
1513 4017 1638 4069 uisii
1674 4021 1731 4069 et
1765 4017 2160 4072 connestabilis

225 4090 277 4134 et
307 4090 699 4152 pernoctarunt
731 4101 915 4139 omnes
960 4085 1171 4138 armati.
1243 4085 1523 4139 Condaens
1556 4085 1765 4139 veritus
1799 4101 1867 4139 ne
1899 4091 1904 4097 “
1939 4085 2034 4139 uid
2066 4085 2164 4141 isti

226 4151 479 4206 adversus
517 4169 577 4207 se
611 4153 934 4207 molirentur
967 4155 1274 4207 introduxit
1308 4156 1363 4207 in
1397 4170 1521 4206 snas
1557 4154 1719 4208 aedes
1752 4155 1824 4207 ad
1983 4169 2160 4208 arma·

223 4224 332 4301 tos..
354 4220 706 4304 Vagabantur
740 4228 919 4276 autem
956 4228 1074 4276 tots
1109 4230 1266 4276 nocte
1311 4225 1367 4275 in
1403 4223 1594 4276 vicinis
1628 4223 1824 4291 plateis
1858 4221 1929 4275 50
1962 4227 2058 4277 aut
2090 4221 2160 4277 60

224 4303 286 4340 ⁰¹
318 4305 492 4427 mag?
520 4292 857 4440 fflmmdtibus.2·
894 4362 956 4413 L.-
1011 4361 1270 4441 Remotns
1323 4366 1407 4411 est
1457 4360 1527 4412 ab
1585 4359 1731 4413 urbis
1767 4358 2157 4441 gubernatione

223 4425 668 4510 Hommorantzns
701 4428 843 4510 filius
877 4427 1291 4510 ponnestabilrs‚
1326 4433 1652 4496 procurante
1686 4434 1846 4509 patre
1881 4444 1996 4481 eius
2031 4444 2160 4510 quia

222 4500 640 4646 „waui'ffl
667 4496 1312 4646 &tutatast
1328 4497 2162 4634 ·.·.....¹.¹:.5{².‘;;¹3.5i?*.2¹3

219 4632 445 4687 urbanos
481 4634 866 4688 Mareschalloe
901 4636 1202 4688 anacium
1237 4640 1294 4687 et
1327 4634 1682 4688 Ther-meeum
1717 4640 1810 4688 stc.

413 4700 478 4769 8)
515 4703 672 4758 ibid„-
708 4702 990 4757 Ocndaeus
1024 4703 1354 4756 confirmatis
1387 4704 1594 4757 viribus
1626 4704 1787 4757 bodie
1808 4701 1917 4769 (30.
1938 4703 2160 4770 Mara).

219 4766 395 4823 Melda
410 4771 667 4825 discessit
689 4780 747 4826 et
768 4774 995 4826 accessit
1011 4772 1080 4825 ad
1097 4772 1307 4825 Urbem
1324 4787 1444 4825 cum
1464 4770 1600 4826 1800
1616 4772 1907 4841 equitibus,
1934 4776 1992 4826 et
2009 4773 2160 4841 eqni-

219 4844 336 4890 tans
370 4840 667 4894 secundum
704 4842 854 4894 urbis
888 4842 1090 4895 fossam
1124 4840 1323 4895 dicitnr
1346 4847 1536 4910 petere
1570 4846 1790 4909 pontem
1809 4840 1863 4894 S.
1883 4840 2160 4895 Clcdcaldi

220 4906 308 4958 ubi
331 4908 573 4962 traiieiat
591 4908 914 4978 Sequanam.
966 4911 1079 4963 Sub
1096 4910 1211 4963 eius
1242 4924 1515 4963 accessum
1543 4909 1624 4962 ita
1652 4914 1810 4963 erant
1826 4911 2160 4963 consternati

193 4975 356 5029 cives
377 4984 455 5029 -ut
493 4992 552 5031 se
586 4978 696 5031 iam
770 4980 958 5032 eriisse
994 4980 1301 5043 crederent,
1352 4983 1410 5031 et
1519 4994 1642 5031 ursa
1688 4984 1809 5033 erat
1848 4978 1992 5030 fama
2036 4993 2159 5031 eum

217 5041 411 5098 habere
467 5061 649 5101 secum
754 5047 875 5111 ,0oe
920 5048 1091 5101 millia
1139 5047 1384 5101 militum.
1504 5048 1684 5101 uidam
1733 5051 1929 5117 putant
1980 5047 2157 5116 ipsum

218 5118 357 5166 recte
392 5116 727 5170 contendere
775 5117 833 5170 in
879 5117 1072 5183 aulam,
1125 5116 1223 5169 sed
1272 5114 1438 5168 credo
1490 5132 1613 5170 eum
1662 5117 1745 5169 ire
1780 5116 2060 5170 Aureliam
2096 5119 2160 5168 ut

218 5195 328 5235 eam
373 5182 510 5237 belli
553 5200 732 5240 arcem
777 5186 1073 5240 constituat
1115 5189 1174 5238 et
1214 5183 1293 5237 ibi
1341 5189 1622 5253 exspectet
1656 5200 1749 5238 eos
1793 5186 1886 5253 qui
1931 5183 2160 5239 veniunt

219 5263 280 5300 ex
313 5251 670 5320 Nol-mannia,
705 5254 1008 5320 Britannia,
1046 5252 1362 5308 Pictonibus
1396 5258 1453 5306 et
1485 5258 1606 5307 tota
1622 5253 1931 5323 Aquitania.
1981 5253 2155 5319 (Hice.

219 5319 330 5373 eccl.
366 5318 443 5374 112
483 5317 522 5372 6
554 5336 652 5388 ει,-
692 5320 901 5379 Soldan
934 5323 1002 5379 11.
1045 5324 1067 5373 l
1106 5337 1208 5389 εις
1244 5319 1428 5376 Bam
1462 5321 1533 5376 11.
1567 5320 1674 5375 568
1707 5323 1802 5388 ss.)

1957 399 2120 465 1562
2162 397 2469 465 APRIL.

4069 396 4199 471 390

2254 585 2538 666 clesiam,
2584 584 2974 653 conculcatis
3017 586 3217 672 regiis
3261 584 3509 667 edictis,
3562 586 3894 673 dissipare.
3920 593 3974 671 ⁸)
4061 590 4194 659 Ubi

2253 671 2476 737 nullus
2534 669 2673 738 dies
2726 673 3055 757 praeterit,
3115 671 3276 755 quin
3327 672 3511 757 plebs
3565 674 3809 741 furiosa
3860 675 4197 743 inauditae

2255 757 2563 823 saevitiae
2616 757 2932 842 exempla,
2989 765 3343 842 praeeunte
3388 759 3711 843 imprimis
3753 761 4199 845 impurissimo

2565 844 2650 924 Ἡ,
2691 850 3010 910 exerceat.
3076 844 3337 929 Reliqui
3373 865 3527 911 vero
3561 847 3900 929 coniurati,
3945 855 4021 913 nt
4054 869 4199 914 om·-

2253 929 2452 995 nibus
2491 928 2927 1013 persuadeant
2967 930 3297 1014 captivum
3343 929 3571 1014 Reyem
3592 952 3724 998 non
3745 952 3905 1011 esse,
3948 934 4196 1017 passim

2256 1014 2445 1081 illum
2487 1035 2633 1080 cum
2678 1023 2887 1081 matre
2951 1024 3016 1080 et
3076 1016 3280 1081 fratre
3337 1017 3835 1084 circumvehunt
3876 1026 3943 1084 et
3984 1026 4198 1086 osten-

2259 1107 2422 1166 tant.
2513 1101 2603 1166 Et
2657 1101 2755 1167 ita
2805 1108 2961 1168 sunt
3015 1101 3235 1167 miseri
3287 1103 3630 1186 principes,
3692 1112 3767 1169 ut
3808 1123 4028 1170 secum
4072 1104 4194 1172 hoc

2259 1186 2460 1252 etiam
2502 1187 2753 1253 malum
2798 1186 3207 1254 dissimulare
3250 1195 3584 1272 cogantur,
3630 1199 3825 1273 atque
3858 1189 4016 1256 adeo
4053 1211 4196 1257 sae-

2260 1271 2569 1338 vissimae
2611 1281 2984 1339 nostrorum
3026 1272 3489 1358 proscriptioni
3522 1274 3941 1342 subscribere.
4011 1275 4196 1342 Haec

2259 1358 2488 1509 ἓξίὧιιέῦ
2520 1365 2799 1509 nosti-tal,18
2800 1379 2975 1508 nufic
3032 1367 3132 1423 est
3172 1359 3470 1508 {mnium
3514 1359 3810 1426 conditio.
3899 1359 4069 1444 Quis
4111 1362 4197 1427 sit

2489 1464 2522 1508 s
2586 1465 2691 1509 exi
2861 1465 2884 1509 1
2938 1465 2974 1509 e
3039 1464 3192 1510 nov1
3282 1466 3466 1511 cuius
3529 1465 3793 1512 causam
3857 1467 3989 1511 una
4048 1468 4198 1514 cum

2262 1528 2522 1613 publica
2563 1528 2865 1596 libertate
2904 1536 2970 1594 et
3011 1531 3200 1614 regni
3234 1529 3445 1597 salute
3479 1529 3899 1598 defendimus.
3969 1530 4201 1599 Caete-

2261 1636 2414 1681 rum
2455 1635 2662 1699 qnum
2703 1636 2786 1681 ex
2830 1615 3215 1698 quibusdam
3258 1616 3807 1700 cognovissemus,
3851 1618 4021 1683 istnc
4061 1639 4204 1684 esse

2262 1702 2515 1782 missos,
2560 1702 2671 1784 qui
2712 1701 3068 1767 vanissima
3108 1700 3448 1768 mendacia
3488 1710 3887 1786 spargerent,
3932 1713 3999 1769 et
4030 1703 4200 1770 mili-

2261 1797 2399 1852 tem
2457 1786 2804 1852 adversum
2860 1807 2977 1852 nos
3035 1796 3287 1871 cogant,
3345 1787 3676 1853 noluimus
3718 1788 3925 1855 iustae
3969 1809 4202 1856 causae

2264 1881 2331 1938 et
2385 1872 2596 1938 officio
2651 1879 2874 1937 nostro
2927 1872 3167 1939 deesse.
3253 1873 3484 1956 Itaque
3527 1894 3645 1939 vos
3688 1873 4090 1940 obtestamur
4129 1877 4203 1941 in

2263 1958 2530 2025 nomine
2574 1957 2845 2024 Domini
2860 2009 2876 2036 ,
2920 1966 2998 2024 ut
3040 1958 3246 2036 nobis,
3304 1956 3385 2024 de
3442 1958 3678 2042 quibus
3731 1960 3966 2026 merito
4017 1960 4206 2027 dubi-

2265 2050 2407 2109 tare
2450 2064 2582 2110 non
2625 2044 2913 2128 potestis,
2957 2043 3154 2109 fidem
3197 2043 3412 2128 potius
3448 2043 3765 2126 habeatis,
3808 2066 4002 2129 quam
4043 2047 4206 2112 istc-

2263 2151 2413 2195 rum
2450 2128 2811 2196 calumniis.
2882 2130 3112 2213 Neque
3148 2137 3248 2195 est
3281 2150 3399 2196 cur
3430 2151 3548 2196 vos
3582 2138 3986 2197 commoveat
4158 2134 4171 2147 '

2265 2220 2331 2282 et
2377 2214 2657 2301 Reyinae
2696 2235 2934 2282 nomen
2976 2224 3091 2281 aut
3134 2213 3440 2300 sigillum.
3467 2214 3553 2302 ¹⁰)
3631 2214 3806 2297 Quid
3849 2238 3983 2283 non
4026 2237 4206 2283 enim

2262 2300 2364 2366 illi
2408 2322 2449 2365 a
2482 2303 2741 2385 captivo
2774 2321 2999 2386 puero,
3043 2308 3112 2366 et
3143 2308 3356 2367 matre
3398 2301 3641 2367 femina
3673 2302 4203 2386 extorquebunt?

2266 2384 2400 2453 Sed
2477 2388 2651 2453 vivit
2713 2388 3037 2453 Dominus
3115 2394 3376 2453 nostrae
3450 2387 3860 2454 innocentiae
3937 2387 4201 2454 vindex.

2266 2471 2448 2554 Quid
2493 2479 2714 2538 autem
2757 2481 3074 2556 petamus,
3119 2492 3202 2537 ex
3244 2493 3322 2537 ec
3364 2472 3746 2559 intelligetis
3809 2474 3920 2557 qui
3971 2473 4054 2540 ad
4089 2494 4205 2541 vos

2268 2557 2438 2624 hanc
2492 2560 2701 2643 ipsam
2759 2559 2841 2627 ob
2899 2578 3163 2626 causam
3204 2558 3658 2641 proficiscitur.
3738 2558 3823 2624 Si
3867 2578 3996 2643 qua
4048 2567 4209 2625 sunt

2269 2645 2525 2710 viscera
2587 2644 3096 2724 misericordiae,
3171 2643 3412 2709 fratres
3426 2695 3443 2723 ,
3510 2644 3819 2711 adiuvate
3880 2644 4205 2711 infinitam

2266 2730 2545 2795 fratrum
2587 2728 3090 2808 multitudinem,
3134 2730 3624 2814 quibuscunque
3666 2729 3879 2794 modis
3916 2732 4205 2814 potestis,

2267 2824 2337 2881 et
2396 2815 2709 2898 impedite
2770 2836 2857 2881 ne
2920 2814 3194 2901 perditis
3254 2814 3441 2881 nobis
3506 2816 3615 2881 via
3677 2814 3759 2880 ad
3815 2834 3935 2882 vos
4000 2836 4206 2901 usque

2266 2900 2734 2968 crudelissimis
2765 2901 3125 2967 latronibus
3148 2902 3436 2985 patefiat.
3494 2901 3680 2966 Bene
3702 2900 3932 2981 valete,
3966 2903 4205 2968 fratres

2265 2987 2629 3071 plurimum
2670 2985 3078 3068 observandi,
3125 2995 3191 3053 et
3229 3007 3349 3071 pro
3368 3010 3376 3029 ν
3392 2986 3578 3053 nobis
3621 2986 3882 3054 assidue
3922 2986 4204 3054 clemen-

2264 3073 2590 3139 tissimum
2629 3079 2884 3156 patrem
2928 3071 3357 3157 interpellate.
3445 3072 3753 3139 Aureliae
3797 3073 3909 3138 xii.
3954 3073 4207 3158 Aprilis

3133 3294 3373 3361 Vester
3416 3294 3795 3363 Theodorus
3838 3297 4032 3364 Beza.

2433 3499 2803 3567 Omiseram
2859 3500 3206 3586 indignum
3265 3499 3538 3567 facinus.
3629 3500 3968 3568 Condat-sie
4021 3502 4202 3586 prin-

2261 3586 2424 3670 cipis
2482 3606 2653 3652 uxor
2684 3591 2706 3627 ¹
2720 3588 2769 3664 ¹)
2824 3604 3214 3672 praegnans,
3274 3584 3433 3652 dum
3488 3588 3777 3671 profecto
3829 3587 4064 3654 marito
4119 3586 4203 3651 ad

2261 3692 2414 3739 suos
2478 3674 2857 3751 revertitur,
2926 3691 3074 3739 ecee
3137 3672 3530 3739 rusticorum
3594 3693 3832 3739 manus
3893 3672 4203 3756 principis

2260 3758 2471 3824 filium
2529 3758 2791 3825 circiter
2838 3778 3077 3824 novem
3136 3778 3342 3824 annos
3401 3766 3628 3825 natum
3684 3759 3755 3823 in
3809 3778 3972 3856 equo
4027 3758 4204 3823 inse·

2262 3843 2525 3910 dentem
2567 3843 2892 3927 lapidibus
2935 3843 3335 3929 adgreditur,
3382 3852 3449 3909 et
3489 3844 3650 3910 duos
3694 3865 3777 3909 ex
3820 3864 3962 3909 eius
4003 3844 4201 3908 comi·

2465 4150 2525 4212 9)
2564 4150 2820 4221 Σουμᾶ
2858 4150 2937 4205 19.
2978 4152 3111 4221 Apr.
3149 4152 3246 4216 (11.
3278 4149 3435 4220 215).·
3482 4150 3877 4205 contrectabilis
3911 4150 4064 4203 venit
4096 4148 4202 4202 huc

2259 4219 2309 4273 3.
2337 4219 2391 4275 b.
2415 4237 2486 4273 m.
2522 4220 2750 4289 stipatus
2784 4220 3007 4274 armatis
3042 4220 3368 4275 cohortibus.
3438 4219 3580 4273 Dum
3614 4235 3825 4272 murum
3860 4219 4049 4273 circuit
4083 4218 4202 4287 qui-

2261 4288 2384 4342 dam
2420 4305 2491 4342 ex
2523 4288 2696 4358 ipsius
2726 4289 2990 4342 militibus
3033 4294 3356 4343 exusserunt
3400 4292 3711 4357 suggestum
3758 4303 3827 4340 ex
3871 4303 3979 4356 qno
4025 4286 4201 4342 nostri

2259 4357 2719 4411 concionabantur
2763 4362 2822 4410 et
2865 4373 3083 4412 scamna
3126 4358 3184 4411 in
3231 4357 3427 4426 qm‘bus
3461 4356 3726 4410 sedebant
3759 4355 4040 4409 audientes
4075 4370 4203 4410 con*

2259 4427 2486 4480 cionem.
2557 4427 2797 4496 Populus
2842 4427 2939 4480 illa
2971 4443 3031 4480 re
3079 4425 3253 4479 factus
3297 4426 3528 4479 ferocior
3570 4424 3760 4478 eodem
3803 4424 3893 4477 die
3939 4424 4101 4479 irruit
4144 4425 4204 4478 iu

2259 4495 2447 4550 villam
2499 4496 2632 4548 satis
2683 4495 3022 4564 splendidam
3077 4495 3132 4548 in
3169 4511 3276 4564 qna
3311 4496 3379 4549 ab
3424 4495 3599 4548 altera
3641 4493 3794 4548 urbis
3878 4500 3996 4547 arte
4030 4494 4204 4548 nostri

2258 4564 2538 4618 habebant
2580 4580 2705 4616 snas
2747 4564 3032 4618 conciones
3078 4569 3137 4616 et
3168 4579 3287 4617 eam
3334 4562 3591 4616 incendit.
3628 4599 3640 4612 .
3678 4601 3693 4616 .
3731 4602 3743 4614 .
3853 4561 3955 4615 ulti
4004 4567 4135 4616 sunt
4170 4579 4204 4615 a

2259 4633 2539 4686 saeviente
2574 4632 2784 4753 ἕρπω
2834 4632 3108 4686 interfecti
3153 4638 3211 4685 et
3258 4630 3527 4685 vulnerati
3577 4635 3636 4684 et
3677 4631 3968 4685 nonnullae
4011 4630 4203 4685 domus

2648 4716 2813 4755 rarun

2259 4701 2521 4770 direptae,
2815 4705 2947 4769 tque
2990 4701 3128 4754 istae
3171 4700 3363 4754 turbae
3410 4716 3510 4770 per
3544 4699 3833 4753 octiduum.
3902 4697 4019 4767 (Of.
4055 4699 4203 4754 Hier.

2258 4772 2380 4826 m·
2420 4768 2729 4905 albstat&
2777 4838 2921 4890 Ante
2956 4837 3053 4891 has
3087 4838 3274 4891 literas
3309 4838 3497 4891 veniet
3542 4838 3609 4891 ad
3646 4853 3747 4891 vos
3779 4837 3827 4889 is
3864 4838 3957 4906 qni
3993 4836 4202 4906 perfert

2258 4906 2330 4959 ad
2360 4907 2662 4975 principem
2696 4911 2942 4959 nostrum
2978 4906 3213 4961 Ccudaei
3245 4906 3436 4960 literas
3479 4908 3539 4960 in
3575 4907 3771 4976 quibus
3807 4906 4045 4976 explicat
4077 4921 4200 4959 cau-

2257 4991 2344 5028 sas
2381 4990 2522 5043 quae
2555 4976 2732 5043 ipsum
2764 4974 3098 5043 impulerunt
3142 4975 3212 5028 ad
3256 4974 3517 5029 sumenda
3550 4989 3720 5030 arma.
3798 4975 3994 5030 Altera
4037 4974 4201 5029 etiam

2256 5057 2384 5113 pars
2419 5043 2589 5097 mittit
2623 5043 2694 5095 ad
2726 5042 3077 5098 Germanicos
3112 5045 3383 5115 principes
3402 5044 3757 5100 Cortelarium
3794 5045 3998 5115 regium
4033 5042 4200 5095 inter-

2257 5116 2473 5180 pretem
2510 5151 2526 5167 .
2562 5151 2576 5164 .
2612 5151 2625 5165 .
2672 5111 2833 5166 credo
2878 5128 3001 5167 eum
3034 5113 3278 5182 perferre
3314 5114 3551 5168 edictum
3597 5130 3704 5183 qno
3737 5113 3912 5166 nostri
3945 5109 4202 5165 iubentur

2257 5195 2411 5262 arma
2446 5180 2716 5250 deponere
2751 5188 2808 5234 et
2842 5196 2951 5251 qno
2985 5182 3105 5236 Rex
3141 5187 3391 5255 testatur,
3435 5199 3535 5237 nec
3577 5198 3637 5236 se
3681 5198 3781 5236 nec
3812 5185 4042 5235 matrem
4077 5194 4203 5232 esse

2256 5256 2526 5385 oepavffi
2568 5317 2722 5375 1010„-
2756 5327 2995 5376 nas-rm
3030 5320 3285 5392 Lanam·
3318 5322 3352 5375 ι.
3381 5321 3424 5374 ι
3459 5326 3511 5376 a
3543 5318 3690 5374 mot.
3726 5319 3849 5374 ωσι.
3885 5315 3954 5371 11.
3990 5313 4071 5367 11.

3684 5402 3799 5455 25·
