4850 6117
332 423 423 488 85
2080 425 2233 491 1561
2283 417 2611 499 OO'I'OB.
4237 441 4331 510 86

506 607 882 692 Antequam
904 609 1068 676 mihi
1101 609 1355 676 reddita
1375 615 1546 677 esset
1580 608 1821 677 scheda
1848 608 2280 694 christophori

330 692 466 759 iam
510 693 595 760 ad
635 694 765 762 iter
797 697 1126 763 accinctus
1159 706 1302 762 erat
1342 696 1793 763 Thomu-ssime
1822 701 1872 774 1)
1908 697 2017 781 qui
2052 699 2278 780 paucis

333 784 487 864 post
549 778 778 847 diebus
828 781 1098 866 appulit.
1191 782 1368 848 Eum
1428 782 1525 848 ita
1578 783 1926 849 remittunt
1968 784 2278 852 Matisco-

331 882 575 931 nenses
609 872 689 931 ut
719 867 988 951 cupiant
1022 889 1099 935 eo
1142 868 1212 933 in
1256 866 1538 934 solidum
1572 868 1784 951 potiri.
1803 870 1862 951 ²)
1931 868 2011 956 Id
2055 870 2110 934 si
2152 870 2277 936 im-

419 951 582 1016 trari
645 960 929 1037 nequeat
991 961 1056 1020 te
1121 956 1335 1037 ipsum
1415 952 1537 1018 sibi
1600 951 1865 1020 concedi
1921 955 2273 1039 postulant.

447 1035 516 1101 ia
552 1058 706 1105 vero
741 1039 1034 1125 persuasi
1068 1043 1226 1106 sunt
1257 1039 1543 1104 multum
1576 1041 1890 1105 momenti
1934 1041 2005 1105 in
2048 1049 2278 1118 nostra

332 1121 807 1208 suffragatione
849 1123 1025 1210 apud
1069 1145 1188 1193 vos
1241 1126 1397 1203 fore,
1456 1133 1778 1210 rogarunt
1819 1146 1938 1192 nos
1984 1146 2276 1193 commu-

331 1205 530 1274 nibus
571 1208 779 1278 literis
823 1219 893 1277 et
931 1231 1038 1276 me
1081 1211 1409 1295 privatim,
1470 1218 1545 1276 ιιι
1595 1212 1733 1277 suis
1782 1210 2081 1295 precibus
2125 1233 2276 1279 nos-

330 1299 474 1358 tras
517 1316 775 1381 quoque
815 1295 1347 1382 adiungeremus.
1425 1294 1678 1380 Optant
1718 1296 1984 1380 quidem
2039 1298 2276 1365 fratres

332 1377 466 1444 illis
510 1401 654 1447 esse
697 1382 1064 1449 consultum
1123 1381 1239 1449 sed
1281 1404 1413 1449 non
1456 1381 1701 1448 audent
1734 1403 1805 1448 se
1863 1384 2276 1467 interponere

328 1464 402 1530 in
448 1486 521 1532 re
564 1466 779 1535 dubia.
858 1469 973 1534 Me
1016 1488 1270 1553 quoque
1328 1474 1506 1534 tenet
1569 1468 1801 1554 religio
1843 1467 2088 1553 aliquid
2131 1479 2275 1535 ten-

331 1555 477 1617 tare
520 1552 690 1638 quod
734 1553 881 1621 aliis
921 1554 1211 1621 ecclesiis
1253 1552 1668 1638 dispendium
1708 1554 1958 1619 afferat.
2042 1554 2276 1639 Itaque

330 1635 414 1703 de
463 1635 698 1707 Sorello
726 1643 780 1719 8)
816 1648 883 1707 et
937 1640 1205 1725 reliquis
1247 1641 1488 1724 negavi
1531 1660 1638 1706 me
1681 1640 1884 1707 verba
1927 1640 2271 1707 facturum.

326 1721 425 1788 Et
477 1724 796 1793 hactenus
853 1724 938 1791 ab
994 1725 1098 1793 his
1141 1726 1433 1810 partibus
1477 1726 1780 1792 abstinui.
1854 1725 2028 1792 Nam
2071 1747 2273 1811 quum

326 1806 575 1875 durum
616 1812 703 1878 sit
743 1811 1023 1895 spoliare
1070 1812 1402 1891 ecclesias,
1461 1811 1628 1877 mihi
1684 1820 1928 1878 temere
1982 1813 2273 1880 facturus

326 1891 574 1977 videor,
628 1898 686 1963 si
732 1918 954 1964 rerum
999 1905 1371 1965 vestrarum
1413 1897 1684 1982 ignarus
1730 1897 1840 1963 vel
1883 1896 2121 1965 dubius
2165 1918 2272 1965 me

326 1980 647 2067 ingeram.
720 1984 823 2049 De
867 1990 933 2050 te
956 1983 1256 2051 volitavit
1287 1983 1551 2068 quidem
1586 2004 1677 2049 nu
1724 2004 1797 2049 er
1830 2003 2079 2065 rumor,
2122 2004 2270 2067 pro-

326 2066 680 2133 fectionem
720 2068 796 2134 in
834 2070 1114 2153 patriam
1157 2069 1502 2154 suscipere,
1547 2089 1674 2153 quo
1758 2069 1917 2135 mihi
1963 2091 2094 2135 non
2129 2071 2268 2153 pla-

327 2154 535 2219 cebat.
556 2152 612 2240 ⁴)
683 2152 1001 2237 Quemvis
1044 2155 1220 2222 enim
1263 2156 1476 2222 locum
1510 2156 1725 2239 potius
1764 2155 2109 2222 visendum
2150 2155 2269 2222 tibi

325 2256 578 2306 censeo.
652 2239 715 2305 N
717 2262 844 2308 unc
878 2240 1130 2308 videbis
1166 2239 1321 2325 quid
1353 2240 1660 2308 ecclesiae
1696 2248 1952 2308 vestrae
1985 2240 2268 2308 conditio

326 2324 514 2391 ferat.
582 2326 853 2393 Utinam
888 2327 1402 2394 Matisconenses
1435 2333 1746 2410 concepta
1779 2325 1860 2392 de
1896 2326 2082 2393 vobis
2118 2345 2268 2410 spes

327 2431 460 2476 non
504 2410 881 2479 frustretur.
967 2412 1154 2479 Nihil
1198 2420 1417 2479 tamen
1476 2411 1896 2479 scribendum
1939 2412 2266 2496 duximus,

322 2494 533 2562 donec
574 2496 729 2563 facti
771 2517 1064 2565 essemus
1107 2497 1186 2565 de
1227 2505 1401 2565 statu
1447 2506 1662 2565 vestro
1705 2500 2032 2565 certiores.

498 2581 795 2649 Tandem
854 2583 1156 2669 princeps
1200 2591 1420 2651 vester
1461 2601 1579 2651 vos
1632 2584 1898 2651 inviset:
1931 2588 1984 2666 15)
2038 2584 2151 2669 qui
2194 2584 2266 2650 in

323 2667 504 2733 viam
558 2691 630 2736 se
690 2667 965 2736 daturus
1027 2677 1170 2737 erat
1247 2691 1396 2737 oum
1466 2677 1678 2736 matre
1741 2671 2002 2737 circiter
2066 2671 2264 2736 finem

321 2751 525 2819 huius
558 2755 821 2821 mensis.
894 2756 1194 2824 Antehac
1229 2756 1380 2822 misi
1414 2753 1533 2821 tibi
1567 2755 1734 2822 duos
1775 2755 2045 2836 libellos,
2091 2776 2266 2822 nunc

318 2840 590 2905 tertium
619 2842 675 2919 θ)
719 2841 1014 2924 accipies.
1088 2842 1272 2922 Vale,
1317 2841 1556 2908 eximie
1589 2841 1696 2908 vir
1737 2848 1803 2908 et
1843 2842 2266 2927 integerrime

320 2925 558 3005 frater,
617 2946 763 2992 cum
822 2929 957 2996 tuis
1010 2927 1311 2994 omnibus
1366 2927 1648 3012 collegis,
1709 2929 1945 3012 quibus
1988 2927 2263 2993 multam

319 3010 604 3076 salutem
638 3032 758 3097 ego
792 3023 858 3079 et
893 3013 1180 3099 collegae
1213 3014 1341 3079 mei
1382 3033 1610 3079 omnes
1643 3033 2005 3097 precamur.
2076 3011 2263 3079 Deus

319 3115 439 3162 vos
480 3117 707 3164 omnes
748 3100 983 3182 spiritu
1025 3121 1144 3167 suo
1186 3099 1524 3184 gubernet,
1582 3107 1844 3165 tueatur
1889 3098 2263 3182 laboresque

317 3189 577 3249 vestros
608 3183 965 3252 benedicat.
1036 3186 1452 3252 Praefectum
1487 3205 1739 3268 quoque
1781 3192 1849 3251 et
1881 3184 2262 3253 decuriones

315 3277 703 3420 Reverentia
765 3291 911 3336 meo
974 3270 1236 3338 nomine
1301 3271 1532 3337 saluta.
1621 3270 1930 3337 Genevae
1992 3274 2052 3336 4.
2120 3268 2259 3337 Oal.

383 3374 578 3420 ovem
625 3404 641 3421 .
695 3359 874 3422 1561.

1178 3492 1512 3559 Iohannes
1559 3492 1877 3560 Calvinus
1916 3499 2089 3560 tuus.

1188 4006 1387 4079 3592.

454 4159 1040 4244 HOUBRAQUE
1087 4162 1204 4228 ET
1246 4163 1598 4232 ZANOHI
1638 4166 1703 4230 A
1750 4161 2112 4230 OALVIN.

486 4331 539 4396 I
539 4331 597 4397 k
637 4332 738 4399 lm·
778 4333 1052 4399 envoient
1091 4354 1213 4400 une
1254 4355 1481 4401 somme
1515 4336 1795 4420 d'aryent
1833 4333 2142 4401 recueiuie
2181 4355 2259 4402 en

307 4416 625 4484 Lamiae
654 4438 827 4499 pour
866 4418 958 4485 les
1009 4419 1287 4486 Vaudois
1324 4422 1401 4488 de
1438 4420 1743 4488 Piemont.
1772 4425 1822 4501 ¹)

305 4659 487 4715 85⁹1„
513 4657 571 4723 1)
609 4656 699 4713 De
727 4658 996 4781 ffimde
1027 4657 1093 4712 N.
1128 4656 1281 4713 2469.
1313 4657 1469 4715 25⁷⁷.

516 4726 577 4792 2)
619 4727 695 4783 N.
869 4767 880 4779 .

519 4795 580 4932 33
666 4797 730 4849 ιιι·
762 4801 874 4852 tun·
910 4794 1070 4874 opud
1105 4796 1386 4853 Pricaeus
1418 4802 1541 4854 erat
1568 4796 1673 4881 (N.
1707 4796 1889 4864 3569).

513 4863 552 4918 4
790 4880 829 4919 a
862 4878 925 4919 eo
956 4880 1079 4935 spso
1110 4873 1342 4936 tmpore
1371 4868 1758 4937 profectuosum
1785 4867 2040 4937 parabat,
2059 4866 2128 4922 do
2142 4881 2255 4938 qua

305 4939 434 5015 ινφ
489 4932 777 4992 aalma·
828 4936 1107 4990 certiorem
1155 4936 1340 5017 (acere
1390 4951 1460 4991 no
1492 4938 1713 4992 texerat.
1787 4936 1870 4992 Et
1911 4952 2080 5007 quun
2123 4937 2256 4993 haee

302 5002 917 5128 moeyaeeomum
955 5010 1209 5073 pervemat
1251 5006 1365 5060 iun
1409 5022 1445 5062 a
1492 5007 1640 5063 ’ev-at.
1713 5005 1796 5072 Of.
1832 5004 1951 5061 eius
1992 5021 2076 5075 ep.
2112 5005 2165 5061 d.
2191 5005 2257 5062 d.

512 5139 549 5195 5

549 5144 575 5206 )
680 5181 694 5195 .
730 5140 811 5197 N.
833 5139 990 5197 3580.
1061 5140 1264 5209 Adfuit
1295 5157 1416 5199 cum
1449 5149 1624 5200 matre
1653 5159 1821 5214 quun
1849 5143 2107 5200 Fas-ellus
2140 5143 2255 5198 iam

302 5207 529 5264 ebena.
602 5213 623 5272 (
692 5210 865 5266 irem
898 5210 967 5265 11.
1006 5208 1146 5293 159.)

300 5344 489 5403 ω..
509 5277 574 5414 {⁵3
611 5276 815 5418 amm?
833 5276 1286 5406 {wiza
1320 5346 1474 5404 3478.

3579 624 4328 686 :undem-chinaco

2378 615 2755 689 (Autographe
2789 615 3173 690 d'Houbraque
3206 635 3339 674 aveo
3370 620 3503 745 12⁰1:
3554 690 3668 761 8¹.)

3039 687 3201 745 Goth.
3236 686 3354 756 404,

2982 860 3046 927 A
3087 859 3428 927 Monsieur
3469 860 3724 930 Calvin.

2551 1027 2906 1107 Monsieur,
2950 1050 3117 1097 nous
3153 1050 3316 1097 vous
3349 1032 3574 1116 prions
3616 1032 3698 1100 de
3731 1038 4017 1105 recevoir
4220 1039 4328 1108 les

2379 1112 2596 1180 mains
2653 1114 2734 1180 de
2767 1114 3109 1181 Monsieur
3159 1115 3409 1201 Jaques
3454 1116 3903 1205 Gamaiynola
3956 1123 3994 1190 1
4091 1124 4196 1190 ‘en
4248 1124 4320 1191 la

2379 1219 2629 1265 somme
2670 1199 2753 1267 de
2794 1207 3091 1284 septante
3142 1202 3342 1269 talers
3383 1201 3584 1269 douze
3626 1205 3865 1274 baches
3905 1214 3973 1274 et
4009 1231 4104 1276 un
4145 1210 4319 1279 senio

2378 1284 2659 1369 laquelle
2700 1306 2942 1352 monsr.
2979 1285 3272 1354 Zanckm
3327 1289 3504 1356 avoit
3558 1311 3746 1358 receu
3807 1292 3921 1361 des
3972 1294 4180 1363 freres
4234 1296 4322 1364 de

2378 1372 2702 1437 Lorraine
2727 1373 2785 1451 ²)
2828 1391 2998 1456 pour
3053 1372 3147 1439 les
3189 1373 3427 1459 eglises
3469 1374 3552 1442 de
3602 1375 3672 1442 la
3711 1377 3896 1445 valee
3938 1379 4319 1466 dangronne

2378 1465 2446 1523 et
2489 1466 2712 1524 autres
2744 1458 3045 1538 voisines,
3081 1479 3245 1525 vous
3281 1460 3504 1543 priant
3535 1460 3680 1527 leur
3709 1463 3874 1531 faire
3906 1466 4097 1533 tenir.
4161 1467 4326 1536 Fait

2377 1562 2417 1608 a
2460 1544 2843 1629 strasbourg
2884 1543 2946 1611 le
2989 1547 3089 1609 29.
3134 1542 3442 1613 doctobre
3490 1550 3674 1614 1561.

3395 1681 3774 1751 Guillaume
3808 1684 4230 1774 Houbraque.

3398 1767 3583 1835 Hier.
3622 1769 3929 1837 Zanchus
3971 1771 4043 1839 S.

3153 2058 3559 2073 ὴ

3246 2310 3438 2382 8593.

2823 2465 3386 2535 BLAURERUS
3432 2466 3858 2535 OALVINO.

2517 2584 2750 2703 ’Mittit
2789 2636 3043 2704 Brentii
3085 2634 3379 2705 libellum.
3463 2636 3722 2737 Caetera
3748 2657 3874 2738 pro
3919 2659 4086 2705 more
4127 2640 4316 2724 quasi

2370 2728 2754 2877 ἑθῗέἕρεεεα.
2824 2725 4319 2877 Ιῖεπῖυηίιιηοναεααρνοωωκοωείαωίἰαυοιίε

2373 2979 2487 3046 (Ex
2541 2981 2880 3052 autographo
2933 2980 3062 3037 cod.
3100 2979 3473 3119 Gonffgiaffiss
3505 2980 3599 3037 fol.
3633 2978 3753 3035 217.
3839 2980 4125 3053 Inscriptio
4170 2981 4315 3038 desi·

2540 3219 2611 3289 S.
2658 3221 2762 3287 De
2806 3220 3003 3287 rebus
3046 3221 3285 3288 nostris
3326 3230 3395 3287 et
3436 3220 3797 3288 Helvetieis
3851 3220 4155 3289 omnibus
4196 3222 4312 3290 ab·

2369 3306 2549 3373 unde
2606 3307 2725 3373 tibi
2781 3317 3062 3391 exponet
3119 3306 3394 3373 Linam-
3447 3307 3556 3373 hic
3607 3320 3847 3388 noster,
3926 3327 4121 3391 quam
4177 3308 4314 3375 sint

2366 3413 2485 3460 eae
2543 3392 2906 3477 periculoso
2951 3391 3142 3459 valde
3180 3391 3339 3472 loco,
3404 3391 3664 3476 quando
3722 3392 3805 3460 ad
3847 3392 4313 3460 continendam

2363 3478 2539 3544 hanc
2626 3488 2889 3564 gentem
2988 3478 3292 3544 nonnulli
3375 3478 3488 3563 qui
3572 3478 3641 3545 in
3721 3479 4082 3546 visceribus
4168 3480 4312 3545 eius

2364 3565 2669 3631 habitant
2724 3564 2872 3649 plus
2916 3586 3111 3649 quam
3155 3565 3387 3630 insano
3439 3565 3689 3649 impetu
3737 3566 4106 3649 rapiuntur,
4151 3585 4311 3650 quos

2331 3693 2335 3697 >
2365 3650 2498 3718 nisi
2533 3650 2859 3716 Dominus
2903 3651 3150 3734 potenti
3191 3671 3312 3715 sua
3343 3671 3546 3716 manu
3580 3669 3774 3734 quam
3811 3652 4097 3734 primum
4130 3670 4308 3717 coer-

2366 3744 2515 3802 ceat
2569 3736 2829 3803 exitiosi
2882 3744 3099 3802 motus
3140 3755 3294 3801 mox
3336 3736 3722 3803 coorientur.
3810 3736 3935 3801 Est
3988 3736 4009 3801 i
4061 3735 4191 3801 ‘tur
4231 3742 4309 3799 ut

2365 3821 2765 3906 supplicibus
2830 3823 2998 3889 votis
3066 3820 3364 3888 coelestis
3430 3822 3637 3905 patris
3703 3821 4307 3906 praesentissimum

2365 3928 2618 3973 numen
2659 3914 2908 3991 quanta
2949 3914 3135 3991 potes
3169 3907 3459 3972 maxima
3492 3907 3903 3973 contentione
3936 3927 4083 3971 cum
4119 3913 4307 3971 tanta

2365 4004 2589 4060 vestra
2652 3993 2923 4061 ecclesia
2985 3992 3397 4077 interpelles,
3476 4001 3556 4058 ut
3616 3992 3806 4060 solito
3880 3990 4307 4074 benignitatis

2363 4100 2522 4179 erga
2539 4100 2684 4229 dmds
2728 4100 2885 4179 suae
2925 4078 3398 4229 ³¹¹{}{i⁰d.¹¹9bi⁸
3433 4079 3648 4228 ιιιίιειιιίὲ,θ
3665 4085 3745 4143 ιιι
3776 4097 3861 4142 ne
3894 4075 4306 4227 οοιέιιιοτίῗιε

2360 4185 2494 4230 iam
2584 4187 2626 4229 u
2673 4185 2787 4229 um
2832 4185 3151 4248 ingraiu
3194 4186 3325 4231 inis
3387 4184 3507 4229 nos
3703 4181 3946 4247 poenas
4033 4182 4071 4227 e
4112 4180 4200 4227 no
4247 4183 4309 4228 1s

2360 4251 2495 4316 iam
2538 4270 2822 4330 sumere,
2867 4249 2983 4316 sed
3017 4251 3244 4335 magni
3288 4249 3573 4317 nominis
3606 4248 3708 4314 sui
3743 4253 3809 4313 et
3848 4246 4137 4313 hostium
4181 4247 4308 4314 im-

2359 4338 2509 4419 piae
2562 4336 2997 4403 confidentiae
3055 4336 3384 4401 rationem
3426 4333 3667 4400 habere
3724 4332 3931 4398 nostri
3994 4333 4308 4401 misertus

2359 4422 2538 4489 velit.
2624 4419 2782 4489 Seio
2817 4422 3298 4489 efficacissimas
3340 4440 3483 4486 esse
3521 4438 3742 4485 coram
3779 4417 3987 4484 oculis
4030 4419 4304 4486 Domini

2358 4515 2615 4575 vestras
2680 4509 3103 4591 precationes,
3169 4508 3460 4574 sincerae
3522 4502 3674 4571 fidei
3741 4511 4001 4572 vestrae
4058 4505 4304 4572 virtute

2357 4592 2569 4660 coelos
2612 4600 3049 4678 penetrantes.
3137 4592 3202 4658 N
3204 4613 3276 4658 os
3331 4588 3585 4657 Galliae
3643 4598 3907 4658 nostrae
3947 4596 4190 4656 statum
4233 4596 4306 4655 et

2357 4681 2681 4745 sermonis
2724 4677 2856 4745 Dei
2899 4699 3182 4756 cursum,
3246 4683 3321 4743 ut
3372 4676 3732 4743 inoffensus
3775 4683 3843 4742 et
3882 4674 4302 4742 felicissimus

2356 4767 2460 4845 sit,
2506 4766 2764 4850 magnis
2801 4764 3085 4832 vicissim
3120 4773 3188 4829 et
3223 4762 3558 4847 perpetuis
3601 4763 3772 4828 votis
3811 4761 4076 4827 Christo
4121 4782 4301 4827 com·-

2355 4849 2764 4929 mendamus‚
2810 4859 2884 4916 ut
2924 4849 3041 4934 qui
3082 4845 3386 4914 dominus
3420 4847 3652 4914 messis
3685 4847 3883 4913 huius
3916 4853 4019 4912 est
4050 4847 4299 4914 multae

2353 4938 2601 5004 multos
2645 4936 2841 5002 etiam
2888 4956 2961 5002 ac
3005 4931 3231 5001 fideles
3277 4934 3607 5018 operarios
3649 4934 3721 4999 in
3765 4933 3936 4998 hanc
3968 4933 4204 4998 mittat.

2525 5021 2784 5088 Brentii
2848 5020 3162 5099 libellum,
3194 5019 3254 5106 ¹)
3333 5020 3444 5105 qni
3509 5018 3919 5105 germanicus
3986 5018 4298 5104 primum,

2355 5181 2644 5188 -..——-.-.——
2663 5180 2760 5187 -—-—-

2557 5277 2620 5347 2)
2651 5281 2918 5349 annueres
2948 5274 3250 5348 ρεηέοιαόε
3278 5274 3613 5334 maneum.

2355 5348 2540 5405 8598.
2563 5349 2622 5416 1)
2663 5348 2737 5405 N.
2772 5346 2925 5406 83⁷1.
2959 5346 3111 5402 3401.
3146 5344 3302 5403 3486.
3810 5419 3890 5477 6.
