4850 6117
579 411 623 472 ⁷
2076 408 2604 482 EPISTOLAE
2646 409 3071 477 scu-8545
4551 410 4593 474 8

759 593 864 662 Ibi
907 614 1066 682 ergo
1120 615 1491 664 sermonem
1544 595 1792 683 arripui
1845 603 1916 664 et
1953 597 2167 683 primo
2220 597 2365 666 loco
2404 598 2532 664 mi-

576 679 932 747 nisterium
1006 679 1272 749 defendi
1344 690 1722 751 nostrarum
1797 682 2238 752 ecclesiarum.
2258 687 2314 763 ⁸)
2406 683 2533 750 Re-

586 764 824 850 spondi
879 767 1077 834 etiam
1141 768 1617 836 insimulationi
1677 789 1805 854 qua
1859 789 1984 837 uos
2046 777 2126 835 ut
2190 769 2535 837 seditiosos

584 851 990 919 traduxerw.
1060 851 1291 921 Obieci
1322 863 1661 939 praeterea
1693 876 1845 922 eum
1881 854 2299 923 vehementer
2331 855 2535 923 fuisse

579 936 1062 1005 hallucinatum
1165 939 1297 1006 uod
1358 958 1559 1008 ausus
1620 941 1821 1008 fuerit
1883 942 2214 1008 affirmare
2277 943 2350 1007 iu
2402 940 2535 1007 Dei

582 1024 968 1108 praeceptis,
1011 1024 1087 1090 iu
1180 1026 1194 1041 ’
1234 1026 1439 1105 toriis,
1481 1026 1554 1093 in
1597 1027 2010 1095 testamentis
2052 1034 2122 1093 et
2162 1048 2534 1094 sacramen-

586 1108 678 1175 tis
715 1130 852 1176 non
893 1131 1037 1177 esse
1077 1118 1299 1198 tropos
1336 1120 1454 1178 aut
1495 1114 1811 1199 figuratas
1851 1112 2285 1197 loquutiones,
2338 1121 2408 1180 et
2448 1135 2533 1180 ex

580 1195 932 1279 scripturis
995 1195 1442 1265 demonstravi
1506 1207 1730 1283 tropos
1789 1199 2096 1280 inveniri,
2160 1199 2335 1265 unde
2396 1220 2532 1266 non

566 1299 781 1365 posse
836 1280 921 1347 ab
975 1303 1053 1348 eo
1107 1282 1413 1349 concludi
1466 1286 1667 1351 verba
1720 1283 2013 1366 Domini,
2078 1306 2246 1370 quae
2302 1284 2534 1351 dicunt

584 1366 1113 1447 consecrationis,
1157 1370 1285 1435 sim
1330 1370 1541 1436 liciter
1577 1370 1972 1456 accipienda.

758 1452 1102 1539 Hispanus
1153 1453 1249 1521 ibi
1337 1456 1699 1523 esuitarum
1757 1457 2088 1542 princeps,
2111 1459 2167 1539 ⁰)
2225 1456 2337 1541 qui
2381 1477 2531 1523 cum

584 1536 613 1602 l
736 1546 803 1604 to
878 1540 1213 1622 pontificio
1289 1550 1589 1621 venerat,
1667 1563 2032 1609 sermonem
2109 1543 2386 1625 excepit,
2465 1549 2534 1607 et

585 1622 676 1688 ha
720 1623 823 1689 uit
861 1627 1223 1693 orationem
1264 1628 1649 1695 acerrimam
1694 1649 1824 1713 qua
1873 1627 2297 1716 reprehendit
2339 1628 2531 1714 Βηί-

585 1727 738 1775 nam
804 1710 977 1794 quod
1042 1712 1281 1779 harum
1356 1734 1579 1780 rerum
1655 1714 2091 1799 cognitionem
2170 1713 2533 1798 susceperit

589 1814 790 1878 quum
847 1795 931 1862 ad
985 1798 1194 1882 ipsam
1253 1820 1388 1865 non
1438 1800 1817 1885 pertineret,
1875 1800 1988 1866 sed
2043 1798 2127 1866 ad
2181 1820 2421 1886 papam
2465 1811 2530 1866 et

584 1879 937 1965 episcopos,
1004 1904 1125 1951 nec
1181 1885 1280 1952 fas
1333 1906 1495 1966 esse,
1562 1886 1721 1951 dum
1782 1885 2137 1952 haberetur
2179 1886 2530 1953 concilium

583 1964 1070 2049 Tridentinum,
1134 1969 1267 2036 tale
1331 1971 1728 2056 colloquium
1788 1971 2122 2056 privatum
2179 1972 2528 2051 celebrare.

584 2049 771 2119 Haec
835 2056 1044 2121 oratio
1117 2054 1424 2140 Reginam
1479 2057 1672 2124 valde
1734 2055 2038 2136 offendit,
2104 2068 2172 2124 et
2233 2058 2360 2123 nisi
2425 2079 2530 2124 re-

584 2138 2532 2297 ngffimmfflgfflaffffmffiffifflffiff

585 2309 671 2374 tit
694 2313 755 2388 ⁷)
797 2318 863 2376 et
906 2313 1121 2397 coepit
1161 2314 1418 2380 causari
1459 2314 1630 2399 quod
1663 2335 1879 2380 meam
1922 2314 2215 2400 linguam
2250 2337 2381 2382 non
2426 2316 2529 2380 in-

584 2393 924 2481 telligeret,
984 2418 1189 2482 quum
1243 2408 1466 2466 tamen
1509 2399 1692 2466 illam
1736 2422 1774 2467 o
1818 2401 1977 2465 time
2020 2400 2272 2467 calleat.
2360 2401 2529 2467 Pro-

582 2480 741 2546 inde
782 2483 996 2567 coepit
1037 2483 1201 2549 mihi
1243 2485 1478 2571 gallice
1520 2422 1930 2570 respondere,
1983 2485 2154 2570 quod
2198 2490 2259 2553 ei
2313 2486 2530 2554 facere

582 2586 719 2632 non
752 2566 1062 2649 licuisset,
1096 2569 1228 2635 nisi
1263 2591 1430 2656 quae
1465 2571 1757 2638 dixeram
1793 2573 2200 2657 percepisset.
2271 2571 2527 2654 Quum-

587 2671 715 2735 que
771 2652 1123 2720 solutiones
1179 2657 1319 2722 eius
1362 2678 1573 2724 essem
1615 2657 2083 2737 confutaturus,
2129 2658 2378 2744 Regina
2418 2679 2528 2725 me

585 2739 843 2804 monuit
880 2746 960 2805 ut
999 2739 1215 2806 latina
1253 2742 1348 2807 lin
1443 2764 1484 2809 a
1526 2753 1746 2810 uterer
1773 2747 1827 2817 ⁸)
1869 2763 1999 2828 quo
2041 2765 2267 2810 omnes
2302 2743 2526 2811 docto-

584 2843 693 2889 res
757 2831 827 2890 et
887 2826 1162 2909 praelati
1221 2826 1360 2894 inte
1413 2830 1683 2915 igerent.
1779 2829 1991 2895 Parui
2046 2837 2114 2895 et
2166 2827 2306 2895 dixi
2362 2833 2527 2914 qua'e

586 2910 864 2993 tempori
914 2913 1407 2981 conveniebant.
1489 2914 1669 2982 Besa
1720 2934 1793 2982 se
1847 2916 2243 3000 interposuit
2297 2923 2366 2981 et
2417 2936 2523 2982 ra-

583 2994 778 3062 bulae
819 2995 1124 3082 Hispano
1167 3000 1390 3083 paucis
1431 2998 1787 3086 respondit.
1864 3001 2122 3068 Deinde
2163 3022 2315 3068 cum
2358 3001 2521 3067 Gar-

584 3077 805 3147 dinale
848 3103 1044 3168 agere
1085 3087 1297 3170 coepit
1338 3085 1421 3153 de
1459 3108 1675 3154 coena.
1755 3086 1862 3153 Ibi
2078 3088 2526 3154 narrationem

584 3167 1031 3253 evangelistae
1097 3170 1329 3237 induxi
1344 3223 1365 3253 ,
1441 3173 1553 3257 qui
1618 3173 1711 3239 ait
1772 3171 2133 3239 Dominum
2199 3174 2525 3258 accepisse

579 3271 842 3337 panem,
897 3254 1330 3337 benedixisse,
1386 3259 1676 3344 fregisse,
1733 3269 1801 3325 et
1852 3258 2108 3326 dedisse
2163 3258 2522 3343 discipulis,

581 3346 648 3403 et
713 3337 1237 3408 demonstrabam
1311 3344 1474 3412 haec
1537 3344 1743 3411 verba
1804 3365 1936 3411 non
2013 3343 2256 3411 habere
2319 3345 2522 3412 alium

582 3426 1031 3492 accusativum
1086 3448 1283 3512 quam
1339 3450 1599 3514 panem.
1689 3429 1972 3497 Frustra
2036 3450 2107 3497 se
2164 3430 2526 3497 conabatur

581 3508 930 3662 ffllicare.
1009 3510 1094 3578 D.
1139 3513 1501 3596 Dema-ius
1551 3516 1767 3602 coepit
1821 3517 2038 3601 aliqua
2086 3517 2523 3600 interponere,

761 3617 966 3680 quum
1029 3620 1070 3664 a
1131 3602 1410 3685 strepitu
1473 3609 1544 3666 et
1615 3600 1899 3668 clamore
1964 3601 2323 3669 Serbonico
2386 3623 2524 3668 non

581 3680 956 3761 abstineret,
1009 3705 1116 3750 res
1172 3686 1333 3752 abiit
1387 3686 1458 3751 in
1517 3687 1988 3754 tumultuosam
2041 3689 2385 3768 actionem,
2428 3689 2525 3755 ita

580 3777 658 3833 ut
698 3789 822 3836 nec
861 3769 1002 3852 ipse
1033 3769 1399 3837 Gardimlis
1431 3772 1820 3840 abstinuerit
1853 3794 1894 3839 a
1927 3774 2289 3841 clamorosa
2320 3772 2524 3841 vehe-

580 3854 847 3920 mentia.
925 3855 1160 3939 Itaque
1205 3855 1453 3942 Reyim
1494 3859 1761 3925 iubente
1803 3858 2052 3925 solutus
2094 3867 2198 3926 cst
2238 3880 2523 3926 conven-

578 3948 690 4006 tus
724 3960 926 4024 quum
966 3940 1100 4007 iam
1135 3962 1268 4008 nox
1302 3951 1492 4010 esset.
1564 3943 1732 4010 Visa
1764 3953 1866 4012 est
1899 3947 2068 4013 actio
2099 3945 2218 4012 illa
2251 3945 2525 4032 indigna

578 4025 765 4110 regia
825 4027 1210 4109 praesentia,
1233 4032 1292 4112 1θ)
1354 4030 1452 4095 ita
1512 4037 1590 4095 ut
1654 4029 1902 4116 Reyim
1967 4031 2331 4098 decreverit
2390 4053 2523 4097 non

790 4298 852 4364 5)
889 4296 981 4353 La
1025 4298 1193 4355 Placs
1240 4299 1365 4355 197:
1439 4301 1522 4357 Ias
1565 4302 1755 4357 dessus
1790 4303 1850 4360 P.
1886 4303 2097 4376 Max-tyr
2142 4307 2412 4361 excellent
2455 4323 2527 4362 en

581 4365 828 4421 doctrine
862 4374 921 4422 et
953 4374 1121 4439 ayant
1152 4369 1597 4440 singulierement
1630 4371 1826 4427 traicte
1859 4379 2008 4429 ceste
2040 4373 2272 4430 matiere
2305 4375 2529 4431 deduict

578 4451 650 4490 en
683 4435 910 4505 langage
938 4436 1145 4508 italien,
1180 4455 1250 4492 ne
1389 4441 1524 4495 bant
1556 4442 1742 4511 parler
1760 4440 2028 4514 stancoys,
2045 4442 2316 4511 plusieurs
2332 4444 2526 4500 choses

579 4511 860 4560 servantes
894 4503 928 4559 a
962 4513 1086 4559 tout
1118 4522 1181 4560 ce
1265 4525 1319 4561 ιιι
1365 4509 1516 4564 avoit
1560 4509 1676 4565 este
1709 4510 1920 4580 allegue
1954 4526 2055 4578 par
2089 4510 2142 4565 le
2178 4513 2435 4568 Cardinal
2469 4519 2529 4569 et

580 4572 894 4643 d'Espense,
928 4577 1051 4628 tant
1082 4591 1221 4641 pour
1274 4593 1306 4630 e
1339 4578 1538 4647 regan-d
1570 4579 1644 4633 du
1677 4588 1984 4633 sacrament
2017 4594 2123 4648 que
2156 4596 2298 4652 pour
2331 4598 2393 4636 ce
2468 4583 2527 4638 ui

578 4641 729 4697 svoit
777 4641 894 4696 este
939 4642 1054 4697 dict
1096 4643 1167 4697 de
1200 4642 1511 4701 l’authorite
1554 4647 1654 4701 des
1686 4647 1921 4702 eonciles
1955 4652 2014 4701 et
2048 4650 2396 4707 emendation
2429 4600 2525 4705 35-

578 4726 730 4765 ceux.

783 4778 845 4929 6)
874 4777 1201 4930 Ἐὼθζῗῗὶσο
1231 4852 1546 4933 orat-'osam
1592 4851 1709 4908 alia
1741 4853 2024 4909 Micam?
2055 4858 2216 4926 atque
2246 4855 2311 4911 διο
2343 4855 2526 4939 ipsius

579 4915 1029 5040 m...-
889 4916 1420 5043 mm...
1312 4919 1607 5057 Bw
1632 4937 1806 5060 z...-
1727 4919 2527 5062 “fflzrwme

1592 5026 1609 5055 2

784 5122 821 5176 8
880 5122 1002 5179 Hoc
1033 5127 1234 5180 caeteri
1266 5127 1558 5194 scriptores
1587 5133 1948 5194 manarunt.

785 5191 820 5245 9
879 5191 1029 5247 Hm.
1061 5194 1185 5249 eccl.
1219 5192 1355 5248 603.-
1421 5194 1596 5249 Entre
1639 5194 1695 5249 la
1734 5193 1797 5249 2·
1831 5202 1890 5251 et
1922 5197 1976 5250 la
2007 5195 2070 5253 3·
2111 5197 2405 5269 harsngne,
2439 5199 2522 5254 les

572 5259 787 5383 prelats
819 5260 1017 5316 faisant
1061 5263 1182 5316 leur
1223 5272 1385 5317 conte
1419 5262 1576 5333 qu'ils
1621 5264 1842 5319 avoient
1874 5266 2048 5336 gagne
2080 5267 2201 5322 leur
2233 5284 2394 5323 cause
2427 5285 2523 5322 sur

604 5343 634 5384 e
678 5329 867 5399 poinct
912 5329 982 5383 de
1028 5331 1082 5384 la
1125 5332 1394 5399 vocation,
1440 5336 1500 5386 et
1532 5349 1640 5401 que
1682 5333 1762 5388 les
1794 5331 2072 5390 ministres
2114 5338 2356 5391 seroient
2388 5338 2518 5392 bien

2635 596 2920 683 amplius
2972 595 3219 677 adesse,
3281 615 3494 680 neque
3553 594 3762 663 voluit
3815 616 3954 664 rem
4011 591 4250 682 agitari

2631 683 2812 749 iuter
2849 690 2985 749 tam
3030 681 3296 757 multos.
3339 680 3456 748 sed
3498 680 3787 766 quinque
3828 681 4203 767 designavit
4241 701 4322 749 co
4377 701 4597 766 oquu-

2632 777 2811 835 tores
2871 790 2957 835 ex
3021 775 3210 853 parte
3272 767 3795 835 adversariorum
3813 815 3830 846 ,
3907 770 4193 853 quinque
4266 769 4438 834 item
4506 786 4597 833 ex

2632 865 2878 922 nostra.
2943 853 3052 920 Ex
3085 852 3479 922 adversariis
3515 852 3805 921 delectus
3836 862 3941 920 est
3971 856 4315 939 episcopus
4352 851 4597 920 Valen-

2630 942 2822 1018 u'moe,
2866 939 3209 1025 episcopus
3253 938 3572 1025 Samaeis,
3615 939 3702 1006 D.
3737 939 4108 1015 Batiam&
4151 941 4235 1006 D.
4275 938 4596 1026 Satione-

2631 1046 2762 1108 0us,
2803 1026 2891 1093 D.
3196 1027 3210 1041 '
3290 1075 3307 1091 .
3386 1026 3777 1091 Nostrorum
3830 1047 3987 1093 vero
4040 1025 4205 1092 haec
4257 1032 4431 1093 sunt
4470 1044 4596 1092 uo-

2631 1113 2843 1178 mina:
2912 1110 3110 1192 Besa,
3170 1110 3521 1192 Gallos-ius,
3566 1110 3982 1193 Marion-am,
4141 1111 4156 1127 “
4301 1121 4378 1177 et
4444 1130 4595 1197 ego.

2632 1196 2931 1264 Adhibiti
2986 1205 3144 1264 sunt
3184 1219 3268 1263 ex
3309 1205 3588 1281 utraque
3626 1205 3818 1282 parte
3857 1199 4121 1278 notarii,
4173 1196 4289 1263 sed
4335 1195 4597 1281 absque

2630 1283 2958 1351 iudicibus
3012 1291 3082 1350 et
3130 1282 3279 1350 aliis
3333 1282 3610 1351 testibus
3662 1282 4107 1368 colloquimur,
4164 1283 4380 1350 amice
4425 1281 4599 1350 satis

2632 1378 2702 1436 et
2740 1368 2997 1454 placide
3030 1369 3340 1454 quoniam
3373 1368 3785 1436 adversarios
3818 1370 4137 1437 habemus
4179 1370 4343 1435 satis
4385 1369 4598 1435 mites

2632 1462 2701 1520 et
2752 1454 2865 1540 qui
2921 1474 3058 1521 non
3108 1455 3396 1521 multum
3438 1474 3480 1520 a
3533 1456 3725 1522 nobis
3778 1456 4194 1522 dissentiunt.
4269 1453 4429 1521 Iam
4485 1460 4597 1520 ter

2630 1561 2784 1608 cum
2821 1541 2957 1609 illis
2998 1541 3259 1620 fuimus,
3303 1548 3370 1607 et
3409 1541 3482 1606 in
3522 1560 3782 1607 summa
3811 1548 4071 1608 tantum
4104 1548 4326 1608 actum
4364 1547 4475 1607 est
4509 1538 4596 1607 de

2629 1626 3002 1713 praesentia
3040 1627 3329 1711 corporis
3368 1626 3442 1692 in
3483 1647 3700 1694 coena.

2802 1713 2949 1864 Ego
2980 1715 3065 1793 ¹⁰)
3129 1720 3350 1797 persto
3413 1711 3487 1778 in
3549 1713 3877 1780 sententia
3939 1720 4186 1780 nostra.
4265 1711 4594 1799 Oollegae

2629 1798 2763 1864 mei
2797 1800 2865 1865 vi
2910 1806 3109 1866 entur
3151 1797 3399 1883 aliquid
3434 1800 3787 1866 remittere.
3858 1797 3995 1867 Sed
4026 1808 4250 1865 tamen
4285 1798 4593 1865 retinent

2630 1904 2872 1968 panem
2924 1892 2993 1951 et
3042 1885 3277 1953 vinum
3335 1904 3409 1951 re
3459 1886 3607 1971 ipsa
3658 1906 3795 1950 non
3836 1906 3980 1952 esse
4032 1905 4265 1969 corpus
4311 1896 4385 1951 et
4428 1905 4590 1951 san·

2629 1971 2897 2055 guinem
2939 1969 3194 2038 Christi
3245 1977 3314 2036 et
3367 1970 3852 2057 perceptionem
3901 1990 4126 2037 rerum
4213 1971 4228 1987 “
4334 1971 4590 2037 'ficata-

2629 2056 3570 2209 ztmuffaffmbmss
3600 2055 4592 2227 afflixsisti-..m

2628 2226 2793 2294 illud
2834 2229 2909 2293 in
2951 2248 3072 2294 suo
3113 2228 3509 2295 catechismo
3553 2235 3621 2295 et
3658 2233 3733 2294 in
3774 2229 4176 2296 confessione
4217 2248 4421 2312 quam
4467 2229 4590 2296 ob·

2627 2313 2930 2380 tulerunt
2985 2314 3149 2400 Rem·
3210 2323 3367 2381 ante
3436 2315 3794 2382 adventum
3872 2336 4097 2381 meum
4173 2315 4586 2399 usurparint.

2630 2400 2822 2500 Nunc
2866 2421 3096 2499 sumus
3148 2400 3218 2466 in
3274 2401 3405 2466 ista
3444 2400 3912 2500 deliberatione
3955 2408 4028 2502 et
4063 2400 4231 2467 nihil
4274 2398 4590 2501 concludi

2629 2486 3196 2651 waitz-{¹832
3232 2485 4585 2656 ffmtffsststffsffisffiffissz

2628 2677 2752 2725 nec
2833 2657 3015 2724 ubito
3057 2657 3228 2726 hanc
3268 2679 3534 2726 causam
3577 2678 3684 2724 me
3724 2657 3998 2725 reddere
4038 2659 4259 2726 minus
4305 2666 4585 2744 gratum

2632 2741 2912 2826 Reyinae
2973 2745 3171 2810 matri
3229 2752 3300 2810 et
3360 2744 3636 2811 caeteris
3689 2744 4088 2828 proceribus,
4154 2747 4267 2830 qui
4326 2743 4587 2811 vellent

2630 2829 2932 2895 omnibus
2985 2828 3198 2897 modis
3245 2849 3635 2897 consensum
3694 2832 3822 2897 cito
3879 2832 4054 2897 inter
4094 2852 4217 2897 nos
4257 2830 4582 2899 obtinere.

2628 2915 2799 2980 Nam
2861 2934 2988 2998 quo
3045 2914 3384 3001 religionis
3439 2917 3817 3000 compositio
3861 2919 4069 3002 magis
4112 2917 4440 2995 differtur,
4502 2937 4584 2984 eo

2627 3001 2839 3085 magis
2891 3001 3124 3085 ,populi
3193 2999 3546 3068 seditiones
3608 3009 3931 3069 metuunt.
4038 3002 4262 3085 Quum
4330 3003 4584 3088 aliquid

2626 3088 2788 3152 certi
2831 3094 2950 3152 aut
3003 3087 3342 3153 constituti
3396 3086 3799 3168 habebimus,
3844 3110 3976 3154 non
4018 3091 4233 3173 patiar
4273 3097 4347 3155 te
4388 3090 4580 3175 igno-

2625 3192 2796 3239 rare.
2866 3172 3054 3252 Vale,
3099 3171 3459 3241 clarissime
3501 3175 3608 3240 vir
3649 3184 3717 3240 et
3757 3176 3965 3241 frater
4005 3176 4076 3241 in
4113 3174 4385 3243 Christo
4428 3177 4581 3260 plu-

2623 3259 2868 3324 rimum
2909 3257 3334 3326 observande.
3405 3261 3565 3326 'l'uis
3615 3259 3919 3345 precibus
3962 3282 4081 3327 nos
4120 3263 4376 3329 iurato.
4450 3261 4579 3330 Sa·

2622 3342 2797 3411 lutes
2836 3344 3218 3412 universam
3258 3345 3573 3412 familiam
3617 3356 3798 3412 tuam
3834 3354 3904 3412 et
3938 3367 4165 3413 omnes
4199 3347 4580 3415 carissimos

2624 3429 2694 3495 in
2739 3430 3008 3497 Christo
3264 3439 3465 3518 ystas.
3532 3434 3627 3501 'Pe
3668 3453 3896 3499 omnes
3937 3435 4068 3499 mei
4123 3434 4418 3520 collegae
4471 3455 4578 3502 sa·

2622 3514 2860 3594 lutant,
2901 3536 3114 3600 neque
3155 3536 3289 3583 non
3329 3518 3546 3586 ladius
3581 3526 3651 3585 et
3686 3517 3998 3585 stactem.
4071 3520 4176 3586 Ad
4218 3522 4577 3605 magistra·

2624 3756 2766 3810 aises
2799 3756 2869 3810 de
2901 3755 3038 3809 faire
3069 3771 3133 3811 ce
3167 3772 3275 3826 que
3306 3755 3412 3811 l’on
3432 3757 3602 3811 diroit
3633 3773 3877 3825 pourveu
3948 3759 4074 3814 u’ou
4090 3764 4347 3814 trouvsst
4379 3775 4579 3832 moyen

2624 3825 2696 3878 de
2728 3841 2799 3879 ne
2833 3825 2915 3879 les
2949 3824 3217 3896 degrader
3249 3825 3323 3880 du
3357 3831 3494 3893 tout,
3529 3824 3886 3882 s'adviserent
3957 3845 3989 3882 e
4020 3828 4194 3882 bastir
4234 3829 4291 3882 la
4327 3830 4578 3899 proposi·

2624 3894 2744 3948 tion
2776 3892 3026 3948 suivante
3071 3909 3209 3961 pour
3251 3893 3307 3948 la
3338 3895 3460 3949 leur
3491 3894 3626 3949 faire
3665 3896 3875 3966 signer:
3952 3896 4237 3952 Orodi-sus
4268 3903 4324 3952 ct
4358 3896 4579 3962 confite-

3174 3962 3186 3977 ‘
3517 3965 3531 3978 ⁸
3587 3966 3598 3978 “
3705 3972 4049 4021 sacramento
4079 3981 4196 4021 esse
4228 3969 4282 4020 et
4311 3967 4581 4022 eseiam

4132 4041 4185 4092 a
4218 4036 4286 4090 de
4319 4035 4580 4092 metu·

2625 4099 2982 4167 socordem-u,
3029 4113 3212 4156 eorum
3257 4116 3353 4156 ore
3393 4108 3763 4158 consecratum
3807 4104 4050 4160 achabet-i
4090 4110 4144 4160 ot
4176 4105 4331 4159 suns·
4361 4121 4402 4160 a
4434 4118 4577 4160 cos·-

2624 4167 3047 4225 mum'canttbus.
3116 4168 3198 4224 La
3230 4169 3406 4225 Boine
3437 4187 3587 4225 mere
3620 4171 3865 4226 advertis
3907 4173 3977 4227 de
4020 4173 4134 4227 ceci
4167 4189 4270 4243 par
4303 4187 4446 4229 ceux
4479 4172 4575 4243 qui

2625 4237 2987 4309 prevoyoient
3022 4254 3128 4307 que
3162 4254 3224 4293 oe
3257 4238 3473 4294 chemin
3506 4240 3717 4294 tendoit
3750 4238 3784 4294 a
3816 4242 4055 4312 empirer
4086 4241 4167 4296 les
4187 4241 4473 4309 matieres,
4504 4258 4574 4296 en

2626 4306 2781 4377 print
2824 4323 2897 4360 un
2940 4313 3098 4361 autre
3141 4323 3249 4362 non
3283 4308 3568 4363 toutesfois
3613 4307 3688 4362 du
3720 4313 3847 4364 tout
3878 4310 4138 4380 eslougne
4171 4309 4240 4365 de
4273 4312 4573 4435 cesluy-tff,

2626 4375 3009 4430 commandant
3042 4378 3076 4430 a
3107 4374 3397 4446 I’Evesque
3429 4378 3499 4431 de
3528 4377 3766 4433 valence
3800 4385 3859 4432 et
3891 4378 3925 4433 a
3951 4380 4231 4449 Despense
4264 4379 4437 4444 (dont
4470 4397 4502 4434 e
4543 4395 4575 4432 e

2624 3977 2750 4016 mur
2782 3963 2845 4016 in
2879 3963 3269 4029 ammissum

2625 4030 4101 4104 mommmnaamsaeuariavirgffls

2626 4445 2807 4498 savoit
2837 4442 2947 4499 l'un
2979 4446 3126 4499 tenir
3160 4445 3283 4514 plus
3316 4445 3390 4499 du
3432 4446 3583 4501 coste
3626 4446 3724 4501 des
3765 4448 4054 4515 ministres,
4102 4455 4161 4503 et
4193 4445 4390 4504 l’autre
4424 4455 4571 4505 estre

2625 4528 2835 4567 comme
2884 4518 3042 4567 entre
3092 4514 3235 4568 deux
3284 4513 3419 4583 fers)
3470 4514 3627 4585 qu'ils
3675 4522 3899 4572 eussent
3946 4515 3980 4571 a
4029 4517 4277 4572 conferet·
4320 4534 4457 4573 avec
4501 4516 4569 4573 de

2626 4582 2770 4636 Beze
2805 4584 2864 4635 et
2896 4581 2993 4635 des
3357 4600 3424 4637 ur
3457 4600 3676 4655 esssyer
3708 4583 3778 4637 de
3812 4584 3945 4639 faire
3979 4600 4084 4639 une
4118 4592 4265 4641 cotto
4300 4587 4411 4641 mal
4444 4585 4567 4640 tail-

2624 4650 2711 4704 lee
2744 4649 2815 4704 de
2848 4665 2939 4705 ces
2972 4650 3226 4706 differens
3261 4667 3311 4705 si
3343 4652 3478 4707 faire
3520 4669 3581 4707 se
3614 4653 3843 4723 pouvoit
3882 4669 3952 4707 ou
4062 4670 4127 4708 ur
4159 4671 4229 4708 au
4261 4657 4440 4710 moins
4473 4670 4568 4709 en·

2622 4718 2858 4774 tretenir
2888 4719 2970 4774 les
2992 4720 3207 4774 affaires
3240 4721 3461 4790 iusques
3495 4720 3529 4776 a
3560 4737 3624 4777 ce
3657 4720 3853 4790 qu’elle
3886 4738 3947 4777 se
4064 4728 4091 4777 t
4123 4726 4301 4780 servis
4334 4724 4433 4779 des
4465 4738 4569 4778 uns

2623 4793 2682 4842 et
2723 4788 2821 4842 des
2862 4794 3050 4842 autres
3094 4806 3235 4860 pour
3280 4791 3498 4844 obtenir
3538 4791 3592 4844 le
3625 4790 3848 4845 subside
3890 4809 3993 4863 par
4037 4793 4143 4847 elle
4176 4792 4464 4863 pretendu.
4498 4817 4567 4831 —

2623 4856 2716 4912 La
2753 4854 2921 4915 Hace
2953 4855 3083 4950 1292
3153 4857 3235 4913 La
3267 4859 3508 4952 maniere
3541 4858 3609 4913 de
3651 4858 3901 4914 conferor
3931 4860 4017 4915 fut
4047 4862 4159 4916 lors
4190 4861 4446 4946 changes,
4482 4875 4566 4916 es·

2621 4929 2942 5076 mm.
2965 4926 3734 5063 tffissnffifgttzss‘t‘h
3750 4928 4086 5069 0ἝῖῗᾶἏὶ
4099 4929 4567 5070 “tutam

2620 5063 2925 5117 Bouteiller
2969 5069 3027 5117 et
3059 5063 3361 5134 Despenoe‚
3416 5082 3548 5120 aveo
3592 5066 3655 5120 P.
3692 5066 3922 5137 Man-tyr,
3967 5067 4038 5122 de
4080 5067 4237 5135 Bene,
4280 5068 4562 5129 Marlorat.

2620 5131 2719 5186 des
2754 5132 3007 5186 Gallards
3042 5139 3098 5187 et
3131 5132 3202 5187 de
3235 5132 3345 5187 l'Es
3384 5134 3491 5189 ine.
3545 5134 3622 5189 Ils
3656 5141 3939 5191 entrerent
3971 5152 4038 5191 en
4074 5136 4323 5206 colloque
4359 5138 4411 5191 le
4443 5135 4563 5189 der-

2619 5200 2743 5323 {ql-5⁹2¹.
2776 5200 2869 5325 Ξῖ
2898 5200 3234 5324 Βορῐθὶιιδτο.
3353 5219 3494 5272 emp.
3543 5202 3746 5260 Bam.
3797 5203 3902 5259 384
3948 5220 4039 5274 aa,
4084 5203 4342 5272 Schmidt,
4388 5205 4557 5262 Vm.

2794 5337 2890 5405 10)
2930 5337 3224 5409 Sequentia
3257 5340 3459 5399 absum
3491 5342 3562 5397 ab
3596 5340 3717 5397 cdd.
