4850 6117
638 409 677 469 7
683 409 721 470 5
2142 392 2672 464 EPISmLAE
2714 396 3140 464 Βᾶθι-3587
4549 397 4624 459 76

632 595 749 663 ille
788 594 997 662 frater
1030 590 1350 678 Reginae,
1377 594 1430 672 ⁸)
1472 588 1762 656 maxime
1795 607 2019 667 senex,
2054 585 2169 671 qui
2201 582 2377 652 solus
2409 583 2587 649 inter

635 682 787 749 illos
847 680 962 766 qui
1020 679 1238 746 aulam
1444 682 1722 742 uentant
1780 673 2111 757 impietati
2169 690 2244 739 se
2294 670 2584 755 opponit.

636 770 764 837 llle
819 776 1042 835 tamen
1097 766 1274 832 inter
1330 762 1616 848 rehquos
1677 760 2039 828 faseinatur
2092 757 2165 824 in
2227 755 2354 824 hoe
2412 755 2588 840 quod

638 863 909 924 veretur
963 849 1213 918 idolum
1268 849 1435 916 illud
1490 847 1817 915 violenter
1869 845 2234 914 deturbare.
2320 840 2589 909 Salutat

638 951 707 1009 te
748 940 1021 1009 eeclesia
1061 946 1200 1004 tota
1243 944 1308 1005 et
1351 946 1618 1002 tuarum
1662 954 1932 1018 preeum
1975 929 2265 999 subsidia
2306 929 2585 1014 flagitat.

637 1028 963 1098 Dominus
1027 1025 1217 1091 Iesus
1279 1031 1346 1089 te
1411 1022 1524 1088 diu
1587 1020 1898 1089 ecelesiae
1961 1039 2118 1085 suae
2191 1014 2591 1081 ineolumem

639 1122 875 1183 servet.
949 1113 1185 1179 Amen.
1254 1108 1626 1194 Edinbnrgi
1670 1111 1771 1173 24.
1817 1106 2124 1173 Octobris
2174 1104 2357 1168 1561.

1717 1243 1843 1310 'rui
1887 1239 2506 1309 observantissimus

1824 1328 2109 1395 Ioannes
2152 1326 2376 1392 Knox.

1521 2018 1722 2090 3585,

820 2167 1243 2264 mensu
1290 2192 1415 2259 DE
1459 2187 1901 2258 VALENOE
1947 2188 2010 2255 A
2053 2184 2425 2254 GALvm.

821 2367 1146 2437 Demande
1186 2367 1263 2433 de
1292 2369 1579 2448 pestem.
1609 2367 1663 2447 ²)

652 2539 1035 2612 (Autographe
1071 2539 1139 2593 de
1172 2538 1228 2592 la
1262 2533 1643 2605 Bibliotheque
1678 2533 1747 2588 de
1777 2531 1998 2588 Gen'eve
2032 2529 2144 2586 MS.
2174 2528 2293 2598 196,
2328 2529 2418 2584 fol.
2455 2527 2598 2597 20⁷.)

826 2717 888 2780 A
928 2712 1269 2779 Monsieur
1312 2708 1650 2776 Monsieur
1692 2703 2069 2791 Despeville

2057 2813 2097 2856 a
2137 2789 2428 2859 Geneve.

826 2973 1185 3048 Monsieur,
1252 2969 1349 3034 les
1406 2987 1693 3052 pouvres
1750 2963 1968 3032 brebis
2026 2961 2108 3029 de
2162 2984 2234 3031 ee
2289 2983 2459 3047 pays
2500 2982 2601 3029 es-

777 3080 886 3126 ees
949 3068 1019 3124 et
1080 3056 1389 3123 affamees
1448 3050 1530 3119 de
1586 3052 1651 3118 la
1703 3049 1939 3118 viando
2002 3048 2240 3118 celeste
2304 3048 2605 3115 desirans

682 3153 787 3213 ort
836 3151 1008 3212 estre
1065 3139 1489 3209 rassemblees
1531 3148 1601 3205 et
1652 3158 1925 3224 repeues
1967 3143 2085 3203 ont
2125 3136 2265 3221 pris
2308 3134 2496 3203 advis
2538 3141 2607 3201 et

657 3231 967 3316 eouraige
1014 3229 1097 3297 de
1137 3249 1304 3297 vous
1346 3247 1633 3312 envoyer
1674 3248 1751 3293 ee
1806 3231 2073 3308 present
2126 3229 2397 3308 porteur
2437 3243 2609 3306 pour

656 3337 825 3386 vous
865 3317 1045 3401 prier
1086 3326 1155 3383 et
1207 3313 1519 3381 exhorter
1562 3334 1649 3378 au
1692 3332 1845 3378 nom
1888 3310 1971 3378 de
2013 3309 2188 3376 Dieu
2231 3306 2314 3374 de
2353 3307 2610 3377 vouloir

654 3400 942 3491 prendre
996 3401 1063 3468 la
1104 3422 1318 3487 peyne
1373 3398 1455 3467 de
1508 3397 1655 3465 leur
1712 3407 1981 3465 trouver
2021 3417 2165 3481 ung
2217 3401 2485 3479 pasteur
2527 3393 2610 3460 de

657 3489 752 3558 tel
793 3487 980 3573 poids
1024 3508 1245 3554 meurs
1287 3492 1355 3552 et
1393 3485 1652 3553 seavoir
1693 3505 1821 3569 que
1873 3481 2245 3568 eognoissez
2286 3487 2464 3547 estre
2505 3500 2610 3547 re-

654 3569 1880 3742 lauirssaepssffssssossssssnssssssssffss'oefi‘
1919 3566 2611 3739 Ρὶῗῷῗιῖιῗῗὲἕῖἓῗ

658 3749 802 3834 finy
825 3747 1096 3815 nombre
1130 3745 1212 3812 de
1246 3743 1481 3828 peuple
1517 3744 1658 3829 prie
1691 3741 2415 3808 tresaffeetueusement
2446 3759 2612 3805 nous

662 3833 917 3902 vouloir
958 3830 1162 3933 ayder
1197 3831 1277 3896 de
1318 3829 1465 3896 leur
1508 3828 1749 3897 eonseil
1782 3827 1953 3914 ayde
1997 3834 2066 3892 et
2099 3827 2226 3893 bon
2263 3828 2614 3912 jugement

661 3941 750 3989 en
790 3941 867 3987 oe
923 3926 1136 3988 samot
1188 3937 1447 3984 oeuvre.
1534 3916 1719 3982 Nous
1771 3914 2040 3980 auriens
2091 3911 2366 3997 besoing
2408 3910 2612 3998 d’ung

662 4006 928 4073 homme
979 4004 1090 4089 qui
1138 4003 1324 4087 penlt
1378 4024 1512 4068 non
1566 4008 1716 4068 tant
1768 3999 2168 4069 veullement
2223 4018 2494 4065 exereer
2545 3997 2612 4065 le

660 4091 996 4158 ministere
1038 4088 1121 4155 de
1174 4089 1241 4156 la
1282 4088 1531 4173 parolle
1586 4109 1673 4155 en
1722 4086 2027 4172 franqois,
2085 4085 2254 4153 mais
2306 4086 2487 4154 aussi
2529 4084 2612 4152 de

660 4177 846 4277 faire·
889 4175 1165 4261 quelque
1228 4175 1417 4260 leqon
1470 4196 1559 4241 en
1619 4174 1786 4241 latin
1851 4183 1920 4240 et
1974 4172 2091 4256 qui
2147 4170 2333 4272 peult
2396 4173 2612 4239 servir

708 4259 1648 4433 ffiffffifftffl
1687 4281 1880 4446 ⁰30⁰ss
1918 4257 2611 4432 &mmm

663 4433 881 4502 loinot
933 4434 1111 4500 aussi
1173 4455 1300 4518 que
1363 4433 1503 4500 eela
1564 4432 1870 4499 serviroit
1912 4432 2244 4515 beaucoup
2298 4452 2434 4498 aux
2484 4431 2613 4499 eir-

663 4519 1036 4590 eonvoisins
1078 4521 1191 4603 qui
1245 4529 1362 4585 ont
1404 4518 1488 4586 de
1541 4525 1882 4586 coustume
1935 4525 2002 4585 et
2050 4517 2131 4585 de
2175 4518 2489 4586 neeessite
2532 4517 2615 4585 de

663 4606 1020 4674 s’adresser
1076 4623 1209 4671 aux
1261 4605 1439 4671 lieux
1493 4604 1592 4671 les
1635 4603 1783 4688 plus
1836 4603 2124 4670 fameux.
2205 4603 2269 4672 n
2309 4612 2460 4671 nest
2501 4604 2614 4670 be-

665 4694 861 4778 soing
901 4690 982 4759 de
1024 4711 1180 4758 user
1221 4688 1303 4757 de
1345 4690 1620 4776 longnes
1659 4697 2186 4758 remonstranoes
2220 4711 2262 4756 a
2293 4710 2462 4757 vous
2503 4690 2618 4776 qui

666 4777 1042 4864 eognoissez
1075 4797 1257 4844 assez
1299 4777 1365 4842 la
1397 4784 1634 4843 nature
1668 4776 1757 4842 du
1800 4776 1932 4842 lieu
1965 4784 2035 4841 et
2068 4775 2184 4843 des
2346 4799 2398 4858 s,
2444 4776 2618 4845 seul-

665 4863 918 4932 lement
957 4884 1126 4930 vous
1167 4862 1417 4948 plairra
1455 4884 1505 4948 y
1537 4870 1783 4929 meetre
1824 4884 1906 4948 pe

668 4949 880 5016 vertir
912 4947 1166 5017 nosdits
1210 4949 1474 5016 aneiens
1507 4956 1576 5014 et
1606 4969 1815 5034 peres,

2002 4861 2618 4931 eetbmnenad-

1953 4949 2621 5037 uesiparlagraee

878 5205 1474 5291 ⁶),Joe-oe,1,1··my.
1514 5204 1617 5276 συ·
1660 5212 1841 5261 tana·
1882 5208 2200 5288 manno
2240 5217 2366 5278 m
2415 5210 2623 5266 Ram

1134 5279 1275 5331 m
1692 5279 2011 5331 m

673 5276 1133 5333 musea
1302 5274 1660 5345 memerato

673 5342 2363 5415 amo.1›&r86maevmvoyoe1v.8185.mee.

2686 583 2769 651 de
2812 584 3007 665 Dien,
3051 590 3271 650 vostre
3313 588 3382 648 et
3422 580 3724 662 d’ieeulx,
3778 602 3947 666 nous
4003 603 4284 651 sommoe
4326 606 4457 652 une
4511 585 4629 653 fois

2685 670 2838 737 bien
2872 690 3226 755 pourveuz,
3261 687 3432 735 nous
3465 676 3790 735 mettrons
3809 690 4023 756 peyne
4050 669 4179 736 den
4212 671 4374 737 faire
4405 677 4629 738 noan-e

2685 756 2944 841 proffiet
2985 763 3056 822 et
3097 755 3227 822 den
3278 753 3518 821 rendre
3559 774 3788 840 graees
3829 776 3871 822 a
3910 763 4080 823 tous.
4167 757 4342 823 L’on
4381 778 4552 824 nous
4591 779 4631 825 a

2685 842 2927 927 esoript
2946 851 3013 908 et
3033 839 3216 926 parle
3237 840 3320 906 de
3341 840 3690 925 quelqu’un
3711 840 3928 926 lequel
3961 863 4129 909 nous
4148 863 4357 909 avons
4389 842 4632 911 aultre·

2687 930 2831 1014 foys
2883 950 3009 996 veu
3065 935 3133 993 et
3181 949 3315 1012 ouy
3370 947 3455 992 en
3508 949 3584 994 ee
3628 948 3813 1014 pays,
3877 937 3945 993 et
4008 928 4222 1013 lequel
4265 928 4377 995 lon
4419 928 4555 995 diet
4592 950 4632 996 a

2688 1021 2957 1099 present
2989 1020 3166 1081 estre
3200 1034 3272 1080 es
3304 1023 3511 1080 terres
3546 1012 3628 1079 de
3661 1013 3881 1094 berne,
3904 1013 4061 1082 ville
4094 1013 4176 1082 de
4196 1015 4633 1096 Lausanne.²)

2690 1101 2872 1167 Pour
2911 1120 2987 1166 ee
3028 1107 3245 1184 temps
3298 1099 3365 1164 la
3414 1099 3463 1166 il
3505 1109 3722 1186 estoyt
3763 1121 3846 1166 en
3888 1101 4108 1167 bonne
4148 1103 4396 1182 estime,
4452 1102 4633 1169 telle·

2692 1196 2878 1252 ment
2933 1206 3108 1271 quon
3151 1205 3237 1252 ne
3293 1186 3356 1250 le
3414 1184 3616 1252 laissa
3767 1188 3931 1253 'eres
3985 1187 4246 1254 habiter
4296 1189 4421 1274 iey.
4493 1188 4560 1255 l]
4597 1209 4637 1255 a

2694 1272 2937 1357 esoript
2978 1292 3019 1338 a
3059 1271 3210 1355 quel
3253 1292 3373 1337 ues
3425 1293 3600 1356 unge
3652 1208 3893 1340 finees
3935 1293 4122 1359 amys
4184 1273 4333 1355 Que
4374 1274 4435 1341 si
4478 1296 4637 1344 noun

2693 1359 2924 1425 avions
2965 1358 3168 1423 affere
3254 1379 3293 1422 e
3334 1379 3454 1424 son
3496 1379 3741 1425 oenvre
3786 1357 3845 1443 jl
3901 1360 4228 1426 viendroit
4271 1359 4634 1428 volontiers.

2696 1443 2913 1510 Oeulx
2966 1443 3275 1527 ausquelz
3331 1442 3382 1509 il
3436 1465 3476 1509 a
3516 1445 3761 1529 eseript
3814 1446 3910 1510 lui
3951 1447 4376 1529 reseripvent.
4457 1448 4637 1514 Vous

2695 1551 2924 1596 verrez
2967 1530 3065 1596 les
3107 1530 3336 1595 lettres
3378 1537 3446 1595 et
3486 1531 3547 1596 si
3589 1531 3841 1597 nosdite
3874 1552 4064 1615 peres
4097 1553 4228 1598 nen
4263 1544 4382 1598 ont
4421 1533 4639 1617 poinet

2696 1636 2782 1681 en
2824 1619 3007 1683 main
3050 1615 3131 1682 de
3174 1616 3479 1682 snffisant
3519 1625 3590 1682 et
3628 1618 3773 1683 leur
3813 1616 4098 1703 plaisoyt
4139 1617 4221 1685 de
4254 1620 4439 1686 veoir
4480 1640 4641 1705 ouyr

2697 1710 2766 1767 et
2805 1721 3182 1787 approuver
3223 1709 3453 1788 oestuy
3496 1724 3594 1789 ey,
3635 1724 3802 1770 vous
3853 1703 3973 1789 luy
4016 1701 4311 1788 pourriez
4353 1725 4643 1790 envoyer

2697 1787 2760 1854 le
2802 1796 3066 1872 present
3103 1797 3375 1874 porteur
3409 1789 3568 1855 affin
3612 1789 3752 1873 quil
3802 1810 3965 1856 vous
4008 1792 4157 1856 vint
4207 1791 4430 1875 parler
4482 1812 4640 1875 pour

2698 1895 2769 1941 se
2812 1881 3036 1958 preter
3079 1895 3121 1940 a
3164 1874 3415 1941 nosdits
3468 1895 3661 1958 peres
3713 1874 3796 1941 de
3850 1875 3914 1941 la
3955 1878 4136 1942 main
4190 1881 4259 1943 et
4317 1879 4645 1962 'ugernent

2698 1958 3000 2044 desquelz
3041 1980 3211 2027 nous
3253 1961 3548 2028 desirons
3590 1960 3811 2028 destre
3851 1982 4206 2046 pourveuz.
4287 1901 4360 2031 ὲ

2698 2048 2995 2112 trouvoit
3056 2046 3114 2112 si
3177 2054 3308 2114 tost
3370 2069 3446 2114 oe
3508 2068 3636 2132 que
3699 2068 3867 2115 nous
3931 2047 4335 2116 demandons
4391 2070 4561 2117 vous
4600 2069 4644 2149 y

2698 2152 3009 2216 penserea
3065 2143 3136 2199 et
3186 2134 3576 2217 pourvoirez
3632 2134 3817 2201 selon
3874 2143 4097 2202 vostre
4147 2136 4339 2222 soing
4379 2143 4453 2202 et
4503 2133 4645 2200 dih-

2698 2238 2922 2304 genee‚
2977 2239 3018 2285 a
3057 2218 3122 2284 la
3167 2218 3328 2287 ehar
3462 2220 3802 2305 reeepvoir
3842 2228 4066 2289 vostre
4109 2232 4261 2306 part
4301 2222 4417 2288 des
4466 2222 4643 2289 bien·

2699 2305 2835 2388 quil
2892 2305 3138 2389 plairra
3192 2326 3280 2372 au
3328 2241 3658 2391 §.signem-
3711 2306 3864 2373 dieu
3918 2327 4087 2374 nous
4131 2307 4476 2391 'despartir
4532 2326 4643 2391 par

2699 2412 2773 2457 ee
2816 2411 3072 2476 moyen.

2872 2477 3099 2559 Quant
3141 2499 3181 2543 a
3224 2498 3348 2545 son
3389 2485 3563 2544 estat
3602 2489 3670 2545 et
3720 2485 4074 2547 tretement
4112 2503 4282 2548 nous
4324 2481 4385 2548 le
4428 2484 4644 2550 ferens

2701 2584 2787 2628 en
2830 2571 3118 2649 suyvant
3170 2564 3387 2630 ladvis
3430 2573 3497 2630 et
3539 2563 3964 2633 mandement
4006 2567 4089 2634 de
4129 2568 4383 2635 nosdits
4439 2591 4641 2654 peres.

2703 2650 2794 2715 Et
2834 2660 3040 2734 quant
3082 2671 3249 2720 nous
3308 2671 3672 2736 envoyerez
3736 2672 3905 2719 nous
3946 2652 4343 2720 manderons
4384 2656 4645 2723 homme

2704 2745 2772 2802 et·
2811 2745 3049 2821 argent
3090 2757 3176 2802 ou
3232 2756 3402 2821 pour
3454 2736 3839 2804 lentretenir
3889 2738 3957 2803 la
4007 2739 4288 2825 quelque
4337 2749 4553 2826 temps
4591 2744 4645 2810 si

2704 2821 2975 2908 besoing
3017 2830 3135 2902 est,
3179 2842 3265 2888 ou
3305 2843 3472 2907 pour
3515 2844 3631 2890 sen
3673 2824 3864 2891 venir
3905 2824 4127 2909 quand
4169 2827 4446 2914 besoing
4489 2849 4645 2896 sera.

2706 2908 2893 2975 Nous
2952 2929 3038 2974 ne
3082 2930 3247 2976 vous
3309 2910 3688 2993 eseripvons
3751 2911 3893 2977 rien
3963 2909 4078 2978 des
4145 2913 4378 2979 afferes
4439 2913 4525 2981 de
4581 2936 4647 2983 oe

2755 3016 2888 3081 ays.
2959 2993 3057 3061 Ilz
3112 3001 3267 3062 sont
3308 3015 3394 3061 ou
3495 3017 3577 3061 eu
3632 3017 3747 3062 sen
3806 2997 3974 3064 fault
4016 3019 4100 3064 en
4155 2998 4245 3064 tel
4299 3009 4476 3066 estat
4533 3020 4650 3086 que

2731 3101 2804 3147 es
2847 3101 3004 3147 avez
3068 3081 3320 3148 laissea.
3415 3017 3649 3164 &nant
3701 3102 3741 3147 a
3799 3083 3995 3149 eeulx
4051 3082 4132 3150 de
4175 3085 4433 3153 Franee
4493 3106 4650 3155 vous

2710 3188 2797 3235 en
2839 3187 3069 3236 seavez
3113 3167 3262 3252 plus
3307 3188 3432 3252 que
3480 3189 3666 3233 nous.
3757 3167 3819 3234 Il
3862 3191 4025 3236 vous
4067 3170 4317 3255 plairra
4358 3169 4530 3241 done
4572 3194 4652 3238 au

2710 3275 2864 3320 nom
2909 3253 2991 3320 de
3028 3255 3202 3320 Dieu
3244 3262 3315 3320 et
3356 3254 3438 3320 de
3478 3255 3677 3323 Jesus
3721 3252 3945 3322 Christ
3984 3278 4104 3323 son
4158 3256 4264 3323 filz
4317 3259 4498 3325 tenir
4539 3258 4651 3325 tel-

2711 3339 2959 3407 lement
2998 3338 3063 3406 la
3103 3339 3286 3406 main
3328 3361 3413 3407 en
3450 3350 3589 3408 eest
3630 3341 3830 3408 affere
3871 3362 4125 3409 comme
4165 3343 4229 3410 le
4262 3344 4429 3428 petit
4473 3354 4649 3411 trou-

2835 3448 2883 3492 u
2939 3425 3079 3493 s’en
3133 3428 3221 3493 fie
3276 3447 3317 3493 a
3368 3447 3551 3508 vous,
3616 3436 3685 3529 et
3739 3448 3906 3495 nous
3961 3450 4046 3496 en
4105 3429 4270 3496 faire
4327 3431 4551 3516 ample
4590 3437 4652 3497 et

2709 3527 3563 3702 dgnffiafflzpffiogffigesseffl
3604 3516 4653 3689 plusiteglosusbggzezpeuggnzegg

2712 3707 2754 3751 a
2794 3705 2959 3753 vous
3015 3686 3179 3751 faire
3232 3707 3484 3753 service
3538 3695 3608 3752 et
3651 3708 3692 3753 a
3746 3686 3925 3770 prier
3968 3688 4143 3753 Dieu
4188 3709 4349 3756 vous
4390 3711 4436 3775 y
4484 3691 4652 3755 favo·

2713 3773 2879 3838 riser
2921 3779 2989 3838 et
3030 3772 3339 3840 eonduire
3388 3794 3510 3858 par
3562 3794 3637 3839 sa
3680 3773 3928 3840 sainote
3971 3793 4195 3860 graee:
4238 3774 4456 3859 lequel
4500 3794 4653 3844 vous
4739 3799 4744 3806 ·

2715 3857 2955 3926 vueille
3011 3879 3360 3927 conserver
3413 3867 3484 3926 et
3535 3857 3775 3946 garder
3828 3881 3950 3944 par
4003 3861 4071 3927 la
4113 3861 4653 3928 communication

2711 3945 2822 4098 zeb
2838 3965 2967 4095 soul
2978 3953 3096 4097 5⁸3}
3128 3947 3392 4031 esperit.
3460 3946 3567 4012 De
3601 3945 3892 4014 Valenee
3934 3968 4007 4014 ee
4046 3969 4241 4031 xxm]
4275 3950 4428 4032 jour
4465 3946 4651 4014 d'Oe-

2823 4052 2899 4097 re
3106 4080 3122 4096 .

4341 1986 4363 2028 1
4408 1963 4523 2029 lon
4565 1983 4644 2029 ne

3296 4171 3438 4237 Voz
3480 4169 3817 4238 obeissans
3859 4172 4064 4238 freres
4107 4179 4175 4237 et
4215 4173 4573 4240 serviteurs

3383 4292 3605 4358 Faure
3775 4292 4016 4360 horaee
4187 4293 4494 4376 Aurryer

3203 4401 3210 4410 ·
3292 4377 3594 4446 Mathieu
3637 4378 3850 4445 morin
3977 4378 4296 4444 Franoois
4338 4377 4576 4462 dovrae

3433 4464 3510 4531 P.
3554 4463 3818 4530 Loubat
3987 4464 4205 4548 pierre
4245 4465 4453 4549 pison.

2715 4621 3120 4636 -ῃ-

2921 4722 2978 4791 2)
3015 4721 3237 4778 L’Ho'u.
3282 4722 3404 4779 eeel.
3448 4722 3492 4776 1.
3534 4719 3671 4776 348=
3720 4736 3930 4776 nonne
3966 4720 4243 4789 stenem}
4285 4720 4355 4777 de
4401 4719 4480 4777 St.
4515 4716 4654 4774 Pul

2716 4788 3929 4852 mmmdeValeu-eeenlfiffl.
4000 4786 4657 4857 uacuam-sirmate·

2717 4859 3258 4918 ἐοαίνοωοὸὰῦι·
3451 4856 3744 4927 Manto).
3815 4855 4655 4928 Amakffltdoepm.du

2719 4927 3024 5000 Dauphine
3057 4928 3125 4983 P.
3160 4927 3262 4983 187
3299 4967 3314 4982 .
3357 4927 3402 4983 1.
3551 4929 3665 4983 dit.-
3716 4929 3798 4983 La
3842 4926 4286 4983 Metto-Gondrin
4606 4924 4654 4979 le

2718 5000 2970 5055 ministre
2995 4998 3234 5068 Jaeques
3259 4998 3418 5052 Roux
3450 4997 3522 5053 de
3540 4997 3784 5053 Valenee
3815 5003 3876 5052 et
3908 4998 3987 5052 lui
4019 4996 4265 5052 defendit
4295 4996 4387 5068 d'y

2719 5085 2866 5152 sous·
2954 5068 2968 5082 ⁶
3010 5084 3043 5122 e
3075 5068 3147 5122 de
3177 5073 3342 5121 mort.
3409 5064 3458 5121 n
3501 5066 3730 5159 interdit
3772 5083 3844 5121 au
3886 5065 4089 5148 seeo-fl
4121 5067 4369 5121 ministre
4589 5062 4654 5116 de

2720 5136 3106 5262 32⁰⁸}ssssae
3134 5152 3312 5259 “mm
3275 5135 3604 5288 3¹&ss
3677 5137 4149 5288 ¹¹⁸⁶p.„”·„1.,ffi⁶··⁸¹¹²⁸¹90‚
4182 5135 4654 5275 fflffmfflss

2720 5274 2993 5400 {bs-olgea
3048 5272 3201 5330 1561.
3290 5274 3406 5328 Peu
3455 5290 3617 5345 apres
3665 5291 3851 5329 arura
3901 5274 3954 5330 le
4004 5278 4254 5328 mmm
4298 5273 4439 5329 «ἶσαι
4488 5272 4558 5327 de
4603 5269 4655 5324 h
