4850 6117
622 415 756 482 195
2122 405 2646 477 EPIS'POLAE
2691 406 3111 471 3662-3664
4469 393 4589 459 196

1502 598 1699 670 86⁶2.

1185 751 1653 823 GALVINUS
1700 751 2012 819 ΒΕΖΔΕ.

803 928 1179 1012 Mamopere
1234 925 1494 999 laetatus
1544 926 1620 991 de
1672 924 1923 990 nunciis
1962 942 2042 990 ex
2089 922 2312 990 Gallia
2350 921 2566 988 allatis

602 1033 801 1100 «spem
859 1015 1031 1079 exitu
1078 1011 1437 1092 confirmari
1489 1011 1676 1092 cup-it.
1766 1009 2110 1094 Responsio
2160 1009 2250 1074 ad
2288 1007 2564 1073 Bataui-

622 1119 784 1167 Μ
805 1099 977 1251 etiam
1050 1097 1407 1176 excuditur,
1483 1097 1587 1164 eui
1649 1100 1706 1161 et
1766 1094 1870 1162 ille
1932 1095 2179 1178 aliquid
2242 1094 2565 1159 adstruere

620 1355 736 1426 (Ex
771 1354 1082 1425 apographo
1116 1352 1248 1407 satis
1283 1351 1486 1408 recenti
1520 1351 1651 1408 Ood.
1680 1352 1854 1406 Paris.
1878 1352 2075 1422 Dupny
2113 1349 2229 1418 102,
2265 1350 2355 1406 fol.
2390 1348 2461 1404 27
2486 1352 2564 1416 v.)

1134 1525 1362 1590 Bezae.
1448 1523 1620 1589 Bien
1657 1524 1826 1589 aime
1867 1523 2054 1589 frere.

799 1695 1124 1762 Bamaeus
1157 1698 1205 1774 ¹)
1249 1701 1472 1761 noster
1514 1694 1840 1760 celeritate
1882 1715 2002 1759 sua
2044 1715 2121 1760 eo
2162 1713 2367 1776 usque
2408 1713 2559 1777 pro-

622 1783 780 1849 fecit
812 1794 888 1848 ut
920 1783 1146 1847 literas
1188 1779 1542 1846 reddiderit
1574 1778 1845 1845 tandem
1865 1779 2178 1846 vicesimo
2199 1779 2431 1863 quinto
2455 1778 2559 1844 die

745 1875 966 1952 tquam
1009 1875 1360 1949 acceperat.
1448 1864 1733 1932 Senatus
1784 1865 2100 1931 concessit
2123 1867 2180 1943 2)
2266 1863 2395 1930 uod
2439 1885 2560 1931 nec

622 1889 971 2020 mestum
1014 1973 1135 2019 nec
1177 1952 1339 2017 utile
1381 1972 1503 2017 nec
1546 1952 1644 2016 fas
1686 1962 1827 2016 erat
1875 1971 2135 2036 negare.
2289 1951 2557 2017 uoniam

622 2038 920 2105 dedecori
963 2039 1086 2104 sibi
1126 2036 1318 2102 duxit
1349 2035 1676 2102 Bamaeus
1718 2036 1846 2102 nisi
1888 2037 2371 2121 responsionem
2414 2036 2557 2120 ipse

620 2126 957 2209 perferret,
1016 2122 1083 2188 id
1132 2143 1250 2205 per
1286 2143 1393 2188 me
1443 2122 1745 2188 obtinuit.
1834 2121 2100 2188 Interea
2152 2123 2363 2189 officio
2407 2143 2554 2189 meo

616 2209 920 2286 satisfeci,
986 2209 1139 2293 quia
1203 2207 1495 2284 liberum⁴
1543 2229 1678 2273 non
1741 2215 1883 2273 erat
1944 2208 2204 2293 longius
2269 2207 2552 2274 differre.

620 2297 884 2363 Literas
947 2294 1087 2374 regi
1153 2293 1504 2371 Navarrae,
1528 2297 1583 2369 ⁸)
1647 2295 1704 2359 si
1768 2293 2126 2372 videbitur,
2189 2291 2555 2360 reddendas

618 2381 897 2459 curabis,
940 2378 1172 2462 quibus
1213 2380 1271 2444 si
1314 2380 1599 2446 offensus
1641 2379 1839 2445 fuerit
1880 2379 2141 2463 culpam
2183 2380 2257 2445 in
2302 2387 2368 2446 te
2407 2400 2551 2445 sus-

618 2466 840 2549 cipies.
927 2463 1104 2547 Quid
1149 2464 1231 2530 de
1273 2464 1598 2532 Balduiuo
1642 2464 1918 2549 Reginae
1971 2466 2250 2533 scribam
2274 2465 2334 2550 ⁴)
2373 2475 2552 2548 post·

616 2572 816 2635 quam
849 2552 1230 2635 inspexeris,
1264 2558 1510 2616 statues
1544 2569 1631 2614 an
1663 2549 1933 2616 reddere
1968 2570 2048 2617 ex
2097 2551 2287 2616 ediat.
2345 2551 2552 2635 Equi-

620 2637 771 2703 dem
835 2636 1072 2703 servile
1128 2636 1350 2702 censui
1405 2654 1547 2701 esse
1602 2643 1848 2702 tacere:
1917 2658 1982 2701 m
2069 2637 2272 2703 estius
2331 2645 2551 2703 autem

618 2722 801 2806 loqui
843 2743 973 2788 11011
1016 2722 1215 2806 potui.

791 2808 1004 2873 Venio
1048 2828 1222 2874 nunc
1279 2806 1363 2872 ad
1418 2815 1565 2873 tuas
1691 2812 1968 2873 stremas
1998 2811 2051 2888 ⁸)
2095 2828 2258 2890 quae
2299 2807 2551 2874 uberri-

617 2913 796 2959 mam
853 2891 1075 2978 gaudii
1125 2893 1466 2959 materiam
1521 2827 1690 2958 miffi
1745 2893 2135 2971 attulerunt,
2200 2895 2359 2976 quia
2414 2893 2549 2959 scio

616 3000 752 3045 non
817 2987 1062 3044 temere
1122 2999 1243 3045 nec
1302 2976 1382 3044 de
1445 2977 1653 3044 nihilo
1716 2998 1996 3063 sperare.
2080 2979 2337 3045 Deinde
2400 2999 2551 3062 spes

620 3073 767 3129 tuas
818 3084 949 3129 non
1002 3062 1196 3129 modo
1252 3065 1561 3149 proponis
1618 3062 1734 3129 sed
1785 3064 1943 3147 quid
1998 3064 2132 3130 iam
2176 3066 2420 3131 factum
2467 3064 2553 3129 sit

620 3168 1104 3215 commemoras.
1187 3151 1397 3216 Laeta
1450 3149 1693 3217 scilicet
1750 3149 2072 3233 principia
2112 3157 2180 3215 et
2219 3170 2424 3233 prope
2468 3170 2552 3213 ex

619 3242 791 3299 voto.
869 3233 1226 3318 Rogandus
1268 3236 1516 3300 interea
1556 3234 1684 3300 erit
1724 3234 1908 3301 nobis
1941 3236 2128 3301 Deus
2169 3244 2246 3300 ut
2286 3254 2551 3318 respon-

620 3318 775 3384 deat
825 3319 1092 3402 perinde
1146 3320 1302 3385 felix
1344 3321 1576 3385 exitus.
1666 3318 1857 3401 Quod
1900 3319 2105 3386 dilata
2144 3321 2269 3386 fnit
2309 3329 2427 3386 tua
2470 3318 2554 3384 ad

618 3411 874 3487 patrem
916 3406 1244 3488 profectio,
1301 3405 1466 3470 nihil
1510 3404 1798 3472 accidere
1839 3407 2054 3489 potuit
2103 3405 2553 3490 opportunius,

621 3498 938 3573 quantum
993 3491 1308 3558 coniicere
1362 3489 1532 3556 licet.
1620 3489 1830 3556 Paulo
1888 3497 2036 3574 post
2092 3513 2364 3558 uxorem
2419 3490 2555 3557 11110

618 3576 862 3655 venies,
907 3597 1072 3658 quae
1114 3585 1180 3642 te
1223 3575 1489 3642 absente
1528 3597 1662 3642 non
1705 3574 2054 3642 admodum
2096 3586 2287 3658 grata
2326 3578 2555 3643 fuisset

618 3662 790 3760 patri
855 3670 1121 3744 propter
1183 3663 1517 3746 utriusque
1580 3661 1931 3728 fastidium.
2019 3660 2196 3743 Quia
2248 3662 2555 3729 ecclesiae

616 3755 896 3812 interest
936 3755 1003 3811 te
1046 3768 1240 3829 quam
1283 3747 1568 3831 primum
1611 3745 1842 3828 redire,
1886 3745 1999 3813 ubi
2040 3749 2301 3830 pietatis
2344 3749 2555 3814 officio

619 3851 657 3896 0
820 3839 1077 3915 patrem
1119 3832 1463 3899 defunctus
1502 3833 1651 3912 eris,
1693 3832 1800 3899 vel
1843 3852 1989 3898 eam
2026 3843 2241 3900 tecum
2275 3834 2554 3901 abduces

618 3853 911 3982 vzffahuo
975 3920 1287 3996 remittes,
1350 3917 1522 4017 quod
1584 3917 1939 3984 secundum
2002 3918 2196 4003 longe
2258 3921 2556 4004 praefero

618 4023 753 4068 non
794 4005 937 4069 sine
978 4003 1169 4070 iustis
1204 4023 1435 4070 causls.
1524 4002 1914 4086 Quanquam
1961 4011 2034 4069 tu
2076 4004 2311 4071 melius
2354 4028 2436 4072 ex
2482 4024 2555 4069 re

618 4090 946 4237 praesenti
984 4097 1232 4156 statues
1251 4097 1575 4173 quatenus
1620 4090 1761 4154 eius
1783 4088 2103 4155 desiderio
2145 4110 2287 4156 mos
2322 4112 2556 4176 geren-

664 4194 744 4238 us
785 4176 928 4240 erit.

791 4259 944 4325 Mea
986 4258 1069 4324 ad
1103 4259 1502 4326 Balduinum
1534 4260 1867 4345 responsio
1899 4259 1952 4345 ⁰)
1997 4261 2364 4345 excuditur,
2406 4284 2556 4331 cum

620 4495 886 4618 mgdvls)
921 4496 1134 4552 Nomen
1166 4498 1389 4554 dubium
1423 4505 1473 4554 et
1506 4499 1756 4569 alioquin
1800 4500 2149 4569 incognitum.
2230 4498 2368 4554 Vide
2399 4501 2560 4567 iufra

825 4632 886 4701 2)
918 4633 1033 4687 3011.
1066 4631 1246 4688 Besae
1277 4636 1490 4690 veniam
1526 4650 1632 4705 per
1669 4637 1860 4705 plures
1892 4651 2101 4692 menses
2132 4636 2296 4690 etiam
2329 4636 2391 4690 iu
2429 4637 2561 4692 Gal-

621 4702 699 4755 lia
734 4701 1066 4755 remanendi.
1132 4701 1248 4770 (Re
1285 4742 1296 4753 .
1337 4704 1414 4757 du
1453 4702 1666 4759 Oouseil
1696 4703 1783 4759 22.
1820 4703 1951 4760 Dee.
2018 4705 2203 4759 Bonae
2235 4720 2318 4773 ep.
2356 4705 2436 4758 ad
2466 4706 2558 4759 Se·

622 4775 812 4824 natum
865 4769 918 4823 d.
968 4770 1022 4823 d.
1069 4767 1152 4823 28.
1194 4720 1335 4824 Nqov.
1389 4788 1517 4841 app.
1566 4773 1748 4828 Baum
1792 4773 1860 4828 11.
1893 4772 2041 4843 App.
2087 4772 2233 4839 138.)
2302 4770 2562 4828 Calendis

622 4837 758 4892 Dee.
795 4837 947 4892 Besa
978 4839 1257 4906 profectus
1290 4844 1368 4894 est
1399 4847 1461 4896 ut
1487 4847 1700 4909 patrem
1733 4844 2004 4909 inviseret,
2041 4842 2138 4898 sed
2169 4842 2239 4897 ab
2257 4843 2562 4899 Admiralio

622 4913 905 4962 revocatus
951 4921 1011 4960 eo
1043 4920 1158 4961 non
1197 4910 1440 4976 pervenit
1482 4924 1580 4964 nec
1626 4916 1835 4980 patrem
1880 4917 2072 4980 postea
2116 4911 2275 4966 vidit.
2347 4912 2560 4978 (Baum

622 4976 700 5030 Π
734 4972 881 5094 46ιὲ)
923 5040 996 5095 Ν.
1031 5039 1187 5094 3664.

827 5110 863 5163 4
921 5110 1002 5165 N.
1034 5110 1191 5164 3663.
1646 5153 1649 5156 .

776 5250 785 5261 ·
830 5179 891 5244 5)
929 5179 1109 5234 Nobis
1152 5185 1426 5249 postrema
1469 5179 1580 5246 tuit
1610 5181 1676 5237 Ν.
1708 5182 1846 5237 3652
1878 5199 2007 5240 nm
2052 5183 2119 5239 de
2153 5183 2291 5240 3659
2323 5184 2563 5254 coyo'tan‘

618 5253 887 5383 “w's)
933 5316 1072 5387 opp.
1117 5315 1176 5372 r.
1209 5315 1302 5372 lx.
1336 5316 1453 5371 561.
1525 5316 1771 5388 Prolem.
1801 5334 1859 5388 p.
1892 5318 1973 5375 46.

2665 592 3050 678 quibusdam
3124 593 3262 657 eius
3340 590 3628 674 epistolis
3691 607 3857 672 quae
3922 607 4041 669 pro
4116 583 4594 653 commentariis

2665 687 2859 745 erunt
2891 677 2973 745 ad
3007 678 3185 762 leges
3221 676 3302 743 de
3321 674 3727 759 Transfugis,
3763 670 4224 740 Desertoribus
4257 681 4327 736 et
4344 671 4594 737 Eman-

2663 765 2933 831 soribus.
3005 763 3256 831 Statuit
3293 771 3362 828 et
3404 760 3738 844 Crispinus
3777 757 4315 827 commentarium
4354 754 4597 822 addere

2662 850 2746 917 ad
2803 852 2883 917 L.
2927 851 3188 916 tertiam
3248 847 3323 915 O.
3367 847 3449 913 de
3489 846 3849 931 Apostatis,
3913 843 4028 911 sed
4082 843 4255 911 nosti
4310 841 4595 909 hominis

2663 936 3054 1002 tarditatem.
3076 939 3135 1018 ⁷)
3220 936 3333 1002 Me
3391 941 3566 1000 certe
3609 932 3692 998 ob
3749 930 4037 997 taedium
4079 928 4397 1013 poenituit
4453 947 4596 993 sus-

2661 1024 2832 1106 cepti
2893 1021 3134 1088 laboris
3176 1029 3245 1087 et
3307 1019 3583 1104 legendo
3640 1038 3988 1103 cognosces
4041 1036 4151 1080 me
4205 1013 4598 1115 indignitate

2662 1109 2861 1174 fuisse
2925 1107 3401 1174 exacerbatum.
3502 1103 3630 1172 Ubi
3696 1104 3777 1170 ad
3843 1114 3911 1168 te
3974 1108 4348 1185 pervenent
4409 1098 4596 1176 hber,

2662 1193 3008 1259 consilium
3061 1194 3278 1277 capies
3333 1190 3648 1275 quidnam
3704 1189 3828 1255 tibi
3883 1186 4210 1273 agendum
4262 1187 4365 1251 sit.
4450 1183 4597 1249 Nisi

2663 1277 2832 1362 quod
2887 1300 2995 1345 me
3050 1280 3543 1361 occupationum
3608 1285 3872 1341 tuarum
3929 1273 4225 1353 miseret,
4287 1290 4599 1354 cuperem

2662 1374 2775 1430 tuo
2818 1386 3068 1448 quoque
3108 1364 3408 1448 penicillo
3448 1363 3721 1429 bestiam
3756 1360 4111 1445 (1011111313)
4180 1356 4316 1425 Sed
4355 1374 4600 1422 novam

2662 1451 3003 1516 materiam
3048 1458 3357 1535 suggeret
3400 1449 3543 1514 sine
3585 1450 3717 1514 fine
3749 1445 4179 1514 blatterando.
4248 1443 4416 1509 'l'am
4455 1441 4599 1540 lon·

2663 1556 2784 1622 gae
2841 1536 3171 1602 absentiae
3231 1536 3515 1601 dolorem
3569 1535 3834 1617 mitigat
3887 1532 4157 1606 fructus,
4214 1549 4408 1613 quem
4450 1528 4601 1626 istnc

2661 1621 2934 1705 percipit
2975 1621 3248 1689 ecclesia
3290 1642 3373 1686 ex
3418 1620 3549 1687 tuis
3592 1618 3954 1685 laboribus:
3999 1616 4132 1698 sed,
4176 1612 4367 1684 crede
4410 1612 4598 1692 1111111,

2658 1709 2921 1792 mitigat
2980 1715 3266 1785 tantum,
3345 1716 3412 1772 et
3475 1705 3738 1789 quidem
3809 1706 4051 1788 exigua
4113 1710 4320 1787 parte.
4408 1697 4600 1779 Vale,

2658 1794 2902 1878 optime
2946 1801 3014 1859 et
3053 1793 3473 1878 integerrime
3513 1792 3732 1857 frater.
3804 1789 4108 1874 Oollegae
4151 1808 4378 1853 omnes
4420 1783 4598 1849 mul-

2659 1887 2796 1945 tam
2833 1878 2948 1945 tibi
2982 1880 3260 1945 salutem
3296 1885 3663 1962 precantur.
3752 1876 4077 1944 Dominus
4111 1880 4178 1940 te
4221 1871 4334 1938 diu
4377 1875 4602 1937 servet

2657 1965 3051 2032 incolumem
3069 2016 3085 2044 ,
3153 1966 3387 2049 spiritu
3451 1984 3570 2030 suo
3634 1983 3862 2047 regere
3925 1968 4159 2046 pergat
4219 1959 4602 2040 virtuteque

2658 2053 2995 2118 sustineat.
3084 2055 3184 2116 24.
3229 2050 3611 2117 Decembris
3663 2052 3842 2113 1561.

3570 2186 3849 2253 Ioannes
3893 2184 4209 2252 Calvinus
4253 2192 4422 2252 tuus.

2822 2358 3073 2444 Oollige
3117 2380 3352 2425 nomen
3395 2379 3614 2423 meum
3658 2359 3809 2440 quia
3851 2356 4106 2423 excidit.

3526 2901 3718 2973 3668.

2802 3059 3151 3128 OALVIN
3199 3060 3253 3123 A
3296 3059 3422 3125 LA
3466 3058 3754 3125 REINE
3799 3057 3927 3123 DE
3972 3057 4441 3125 NAVARRE.

2827 3231 3266 3298 Insinuabions
3298 3229 3583 3297 relatives
3614 3230 3657 3294 ὰ
3691 3229 3756 3294 la
3789 3228 4067 3295 concinite
4097 3228 4186 3295 du
4220 3229 4337 3309 roi,
4373 3234 4429 3295 et
4460 3250 4603 3296 aux

2656 3318 2960 3403 intr-{ques
2990 3317 3066 3384 de
3099 3315 3468 3384 Baudouin.

2656 3489 2927 3559 (original
2959 3503 3094 3544 avec
3125 3504 3286 3544 sceau
3323 3493 3380 3544 et
3414 3488 3458 3542 si
3536 3492 3691 3541 sture
3725 3502 3794 3538 au
3989 3485 4077 3540 he.
4113 3484 4254 3541 Bibl.
4273 3485 4342 3540 de
4356 3485 4601 3541 Geneve.

2656 3559 2775 3613 Vol.
2815 3556 2929 3621 107,
2963 3558 3054 3613 fol.
3090 3557 3208 3614 136.
3242 3558 3436 3628 Copies
3522 3557 3594 3612 ol.
3629 3554 3772 3616 115⁸,
3807 3554 3861 3610 fo
3887 3595 3900 3609 .
4005 3594 4024 3622 ,
4063 3554 4240 3609 Berne
4273 3552 4335 3607 F.
4372 3553 4493 3610 170.
4532 3585 4601 3596 -

2655 3627 2868 3683 Ruohat
2904 3626 3022 3680 vn.
3056 3624 3175 3681 389.
3229 3627 3472 3748 Orotteati¹
3474 3626 3680 3763 8<ἰ1.11ἑ11νι1.
3699 3623 3906 3758 21Σ5ξ8.
3955 3625 4170 3678 Bonnet
4186 3623 4255 3677 11.
4271 3622 4390 3680 437.
4426 3623 4601 3678 Trad.

3131 3866 3223 3952 (A
3265 3866 3331 3930 la
3371 3867 3609 3949 Royne
3652 3863 3734 3930 de
3767 3863 4117 3949 Navarre.)

2827 4036 3153 4117 Madame,
3199 4058 3271 4104 ce
3315 4056 3397 4101 ne
3435 4056 3583 4103 sera
3624 4055 3742 4120 pas
3787 4055 3939 4102 sans
3982 4042 4179 4119 grant
4214 4041 4434 4118 regret
4466 4054 4600 4118 que

2658 4144 2826 4190 nous
2869 4124 3084 4190 scions
3139 4144 3404 4190 encores
3460 4123 3681 4208 privez
3726 4142 3892 4205 pour
3933 4120 4208 4205 quelque
4259 4127 4467 4203 temps
4517 4119 4600 4186 de

2659 4210 2725 4275 la
2800 4229 3108 4294 presence
3188 4207 3269 4273 de
3332 4229 3488 4276 mon
3552 4207 3742 4287 frere,
3808 4206 4148 4274 Monsieur
4200 4206 4274 4272 de
4329 4205 4517 4306 Bene.
4549 4209 4601 4282 ¹)

2659 4295 2790 4363 Car
2844 4295 3073 4380 leglise
3127 4316 3216 4379 ya
3271 4293 3636 4379 dommaige
3692 4301 3758 4359 et
3798 4292 3894 4358 les
3937 4291 4260 4359 escolliers
4279 4313 4408 4443 gam
4451 4298 4604 4358 sont

2657 4381 2766 4465 icy
2810 4402 2977 4465 pour
3017 4383 3287 4465 profiter
3332 4400 3414 4448 en
3449 4379 3776 4464 theologie
3811 4385 3959 4445 sont
3991 4378 4243 4444 reculez
4364 4377 4599 4458 ultant,

2866 4634 2924 4719 7)
2956 4636 3042 4691 Ad
3069 4638 3270 4705 Legem
3303 4636 3524 4690 tertiam
3549 4635 3746 4690 Codice
3780 4635 3849 4688 de
3884 4634 4150 4704 apostatis
4184 4631 4602 4687 commentarius

2660 4704 2701 4758 1.
2735 4705 2970 4774 Orispmi
3015 4706 3084 4758 ad
3128 4706 3543 4760 Iurisconsultos
3599 4704 3701 4770 (ad
3745 4704 3939 4758 calcem
3986 4702 4391 4770 Responsionis
4440 4700 4601 4756 nodo

2658 4774 2918 4829 laudatae
2947 4789 3002 4842 p.
3038 4773 3141 4828 100
3178 4776 3362 4843 seqq).
3416 4772 3636 4828 Prodest
3670 4788 3723 4827 a.
3760 4771 3897 4826 1562
3929 4788 4018 4841 ap.
4055 4774 4081 4825 ο·
4116 4787 4234 4825 sum
4264 4770 4598 4839 Crispinum·

2863 4841 2920 4908 8)
3013 4843 3123 4897 uod
3173 4849 3224 4898 et
3273 4844 3480 4906 factum
3530 4848 3611 4896 est
3658 4840 3756 4896 sed
3801 4843 4011 4896 sev-ius.-
4106 4841 4357 4907 esponsio
4402 4838 4473 4891 ad
4506 4839 4598 4892 Fr.

2659 4910 2913 4963 Balduini
3076 4910 3206 4965 bolii
3258 4928 3290 4963 a
3393 4916 3540 4963 tatae
3593 4909 3848 4965 convicia.
3921 4908 4127 4964 Gener.
4175 4907 4322 4961 1563.
4378 4906 4460 4961 12.
4511 4908 4599 4974 (in

2659 4979 2839 5033 Besae
2885 4978 3061 5034 fruct.
3097 4979 3164 5033 II.
3205 4978 3232 5030 1
3331 5019 3345 5033 .

2658 5047 2841 5100 3663.
2861 5047 2921 5110 1)
2963 5047 3097 5116 Req.
3131 5047 3212 5100 du
3248 5046 3468 5102 consen
3495 5046 3579 5100 22.
3615 5045 3752 5102 Dee.
3820 5045 4056 5101 Lecture
4091 5045 4188 5099 des
4223 5044 4473 5100 missires
4507 5059 4601 5098 011·

2658 5131 2929 5237 {ama
2961 5115 3474 5253 {afflsffisffiasff
3507 5118 3695 5255 {zm
3730 5112 4600 5237 1191103εέ101ζῇεᾶ

2659 5251 2727 5304 de
2760 5252 2900 5305 Beze
2933 5268 3072 5321 pour
3104 5252 3138 5306 3
3173 5268 3244 5306 011
3275 5251 3312 5307 4
3344 5270 3518 5325 moys.
3555 5283 3620 5293 —
3657 5254 3913 5322 Lanquet
3944 5251 4030 5306 26.
4057 5251 4172 5307 Oet.
4200 5266 4263 5319 p.
4290 5250 4423 5305 152.-
4454 5252 4601 5306 Bm

2659 5319 2723 5372 fit
2756 5320 3101 5377 concionator
3133 5323 3352 5393 reginae
3386 5324 3677 5377 Navarrae.
