4850 6117
635 383 760 445 287

636 575 794 634 ause
838 565 1015 634 lever
1055 564 1123 630 la
1166 572 1348 643 teste,
1409 573 1477 630 61
1524 565 1677 648 quel
1731 564 2143 631 traictement
2200 584 2447 630 aucuns
2501 583 2585 628 en

635 660 752 720 ont
794 673 893 718 eu.
980 650 1072 717 Et
1112 671 1381 729 comme,
1428 649 1828 718 nonobstant
1875 650 1972 717 les
2016 648 2224 716 edictz
2270 649 2584 734 quelques

634 737 950 805 seditione
993 758 1063 803 ee
1107 744 1257 803 sont
1301 735 1554 803 eleveee
1600 759 1684 803 au
1743 736 2098 803 detriment
2141 735 2254 802 des
2308 754 2584 818 paovree

634 824 1040 890 conscienoes
1097 830 1166 888 et
1206 822 1649 908 juterruption
1708 822 1796 888 du
1854 843 2045 889 coure
2102 822 2182 887 de
2237 820 2585 905 l’evangile

632 931 706 976 66
749 930 880 975 666
923 909 1184 975 61161661
1226 908 1292 973 16
1333 910 1532 975 116616
1576 907 1656 974 66
1690 907 1868 976 1)166
1906 929 1989 974 66
2022 906 2172 975 6’661
2214 909 2398 992 96161
2440 913 2586 971 1661

629 994 908 1062 16661166
966 994 1047 1060 66
1105 1003 1326 1060 666116
1380 994 1533 1060 ville
1588 1015 1714 1078 qne
1771 1016 1960 1079 parm
2066 994 2161 1059 les
2217 994 2359 1059 1666
2376 1044 2393 1073 ,
2447 1000 2581 1057 tor·

631 1093 866 1159 ments,
890 1081 1167 1165 prisone,
1191 1079 1511 1163 perdition
1535 1079 1615 1147 de
1636 1079 1823 1148 biens
1857 1087 1924 1146 et
1991 1081 2310 1145 ’honneur
2332 1099 2582 1145 aucune

631 1188 717 1232 ne
749 1187 821 1232 66
854 1167 1065 1235 661661
1098 1187 1260 1232 avec
1288 1166 1718 1251 longanimite
1736 1166 2002 1232 nourriz
2036 1188 2120 1232 en
2152 1185 2226 1231 sa
2245 1164 2495 1232 crainte
2517 1173 2585 1230 et

630 1252 1023 1319 oboiesance.
1123 1251 1444 1336 Lesquelz
1509 1274 1593 1318 en
1657 1253 1752 1318 fin
1806 1261 1925 1318 ont
1988 1250 2372 1319 deecouvert
2436 1251 2581 1316 leur

631 1337 759 1404 bon
804 1338 940 1405 zele
984 1349 1051 1403 et
1093 1348 1297 1422 quant
1341 1346 1409 1404 et
1447 1347 1651 1423 quant
1685 1346 1799 1404 ont
1844 1346 1981 1404 este
2025 1358 2218 1405 cause
2261 1358 2388 1420 que
2431 1337 2576 1420 plu-

628 1425 840 1491 sieurs
883 1443 954 1490 66
999 1434 1151 1490 6661
1193 1422 1505 1490 declairez
1548 1433 1615 1489 et
1648 1425 2048 1504 manifestez‚
2083 1422 2421 1489 tellement
2456 1442 2582 1506 que

628 1532 796 1577 nous
838 1531 1004 1575 nous
1044 1531 1324 1576 sommes
1368 1521 1634 1576 trouvez
1677 1530 1762 1575 en
1805 1521 1979 1576 ceste
2038 1509 2191 1574 ville
2249 1530 2379 1574 une
2422 1528 2579 1572 oon-

712 1619 748 1662 e
871 1597 982 1662 ion
1044 1605 1110 1662 et
1157 1597 1562 1680 compaignie
1621 1595 1701 1662 de
1744 1595 1971 1662 fideles
2029 1595 2369 1661 suffisante
2410 1615 2580 1678 pour

629 1618 744 1748 gn
792 1703 863 1749 er
919 1703 1047 1747 666
1094 1680 1258 1746 116116
1324 1695 1392 1747 61
1446 1681 1801 1748 11666161116
1866 1681 2084 1767 eglise.
2193 1680 2369 1746 Mais
2435 1686 2581 1745 tout

631 1769 826 1853 ainsy
869 1788 995 1851 que
1052 1789 1144 1832 un
1189 1768 1419 1833 navire
1478 1769 1742 1833 flottant
1785 1789 1868 1833 en
1914 1788 2056 1832 mer
2098 1787 2252 1833 sans
2301 1786 2580 1851 gouver·

631 1853 766 1919 6611
810 1865 910 1920 661
953 1853 1200 1920 subiect
1257 1860 1299 1919 6
1354 1854 1613 1938 1’161616
1673 1852 1787 1919 666
1834 1863 2024 1920 vente
2081 1861 2148 1918 et
2202 1859 2579 1931 tormentae,

631 1960 825 2024 auesy
871 1947 1043 2005 ceste
1088 1949 1361 2024 trouppe
1419 1961 1460 2003 a
1503 1938 1827 2005 tousiours
1869 1938 2156 2022 periclite
2213 1948 2281 2004 et
2323 1936 2581 2023 pericli-

634 2037 772 2114 tera
814 2046 1082 2091 encores
1125 2025 1273 2110 plus
1317 2033 1360 2090 a
1401 2024 1744 2104 l'advenir,
1789 2024 1887 2091 s'il
1931 2030 2041 2109 n’y
2086 2045 2127 2088 a
2173 2045 2268 2089 un
2313 2031 2581 2107 96616111·

628 2132 795 2197 9661·
836 2111 901 2176 16
943 2110 1272 2186 66666116,
1324 2131 1685 2196 666316361
1730 2119 1796 2177 61
1849 2110 2145 2177 fortiffier
2202 2119 2427 2177 contre
2484 2108 2581 2175 les

629 2197 911 2265 assaultz
955 2207 1022 2263 et
1079 2197 1438 2263 tentatione
1497 2196 1576 2263 de
1619 2195 1875 2263 Sathan
1922 2207 1989 2261 et
2048 2217 2153 2263 see
2209 2194 2579 2263 adherente.

802 2283 984 2348 Nous
1028 2283 1258 2348 avions
1303 2283 1448 2366 puis
1489 2283 1769 2366 quelque
1811 2292 2025 2366 temps
2061 2302 2252 2348 recen
2286 2304 2368 2347 en
2406 2290 2581 2348 ceste

629 2368 787 2435 ville
831 2390 924 2432 un
967 2368 1265 2433 ministre
1308 2377 1564 2454 envoye
1606 2389 1726 2452 par
1770 2390 1949 2448 vous,
1992 2367 2205 2452 lequel
2245 2388 2407 2451 pour
2452 2389 2581 2432 une

630 2454 910 2520 sedition
955 2460 1022 2520 et
1080 2454 1443 2537 pours‘uitte
1488 2456 1598 2538 qui
1656 2476 1725 2520 se
1776 2455 1893 2520 feit
1943 2454 2077 2521 lore
2131 2476 2171 2519 a
2230 2461 2367 2519 este
2423 2474 2579 2520 con-

634 2541 874 2606 trainct
916 2539 997 2604 de
1038 2560 1109 2605 66
1152 2540 1386 2605 1611161
1428 2539 1710 2606 ailleurs.
1798 2540 1972 2606 Mais
2008 2539 2283 2624 quelque
2326 2560 2582 2605 remon-

631 2635 890 2692 stranee
934 2624 1244 2709 qu'ayone
1287 2646 1437 2691 sceu
1481 2626 1644 2691 faire
1702 2625 1752 2690 il
1807 2648 1891 2692 ne
1949 2647 2112 2691 nous
2156 2647 2196 2690 a
2248 2633 2385 2691 este
2427 2646 2580 2709 pos-

635 2710 796 2778 sible
841 2710 920 2776 de
976 2712 1036 2777 le
1080 2732 1382 2778 ramener
1437 2734 1520 2777 en
1575 2734 1649 2778 66
1705 2712 1886 2777 lieu.·
1961 2710 2174 2778 Chose
2238 2713 2348 2793 qui
2417 2733 2580 2777 noue

632 2798 815 2865 vient
869 2804 912 2861 6
969 2820 1058 2863 66
1112 2796 1544 2863 merveilleux
1600 2805 1822 2882 regret
1879 2807 1949 2862 et
2006 2797 2346 2881 deplaisir,
2413 2818 2579 2863 noue

629 2903 882 2969 voyans
928 2884 1186 2950 tumbez
1231 2905 1314 2948 en
1357 2884 1414 2948 si
1458 2884 1706 2968 grande
1752 2883 1987 2950 disette
2030 2882 2218 2950 d'eau
2258 2882 2413 2949 vive
2455 2904 2581 2966 que

629 2991 796 3036 nous
844 2973 1115 3035 n'avons
1171 2989 1497 3052 personne
1552 2971 1662 3053 qui
1714 2991 1882 3036 noue
1939 2990 2021 3035 en
2075 2968 2290 3035 donne
2332 2989 2419 3034 66
2466 2968 2582 3053 qui

631 3055 1016 3126 administro
1058 3055 1126 3119 la
1166 3054 1405 3122 viande
1449 3057 1812 3122 necessaire
1866 3078 2029 3140 pour
2084 3055 2147 3121 la
2203 3056 2580 3121 nourriture

631 3152 697 3207 et
739 3138 1139 3206 consolation
1182 3139 1263 3206 de
1307 3162 1426 3206 666
1471 3162 1669 3208 61666.
1770 3140 1868 3207 Or
1911 3140 2209 3208 combien
2265 3162 2390 3226 que
2434 3144 2579 3224 Jus-

631 3247 793 3310 ques
836 3246 876 3289 a
917 3233 1182 3310 present
1224 3227 1291 3291 16
1332 3227 1528 3293 116616
1573 3225 1652 3294 66
1686 3228 1859 3294 Dieu
1904 3249 2069 3294 nous
2102 3238 2221 3311 ayt
2261 3234 2579 3294 soustenu

633 3321 702 3377 et
746 3331 1054 3394 esperone
1107 3312 1263 3395 qu’il
1322 3335 1485 3379 nous
1540 3313 1955 3380 soustiendra
1999 3334 2286 3390 encores,
2333 3325 2578 3380 166166-

629 3398 753 3464 fois
797 3396 849 3462 il
890 3420 935 3481 y
981 3420 1023 3463 6
1065 3396 1310 3482 666361
1353 3420 1477 3481 que
1531 3399 1628 3465 les
1673 3399 1823 3483 plus
1866 3398 2132 3483 simples
2176 3409 2242 3464 et
2283 3399 2580 3465 infirmes

628 3504 752 3635 {aar
794 3483 996 3548 faulte
1039 3483 1273 3549 d’estre
1316 3485 1659 3569 enseignez
1703 3494 1771 3550 et
1818 3484 2235 3552 admonestez
2279 3507 2361 3551 ne
2404 3493 2581 3552 tum·

710 3578 789 3635 nt
832 3591 916 3635 66
961 3568 1288 3652 (166669611
1339 3591 1424 3635 66
1482 3593 1564 3636 66
1608 3592 1850 3637 611661.
1957 3567 2088 3637 Oar
2139 3579 2346 3655 ayant
2386 3571 2580 3637 d’une

529 3718 537 3727 ,
628 3667 780 3741 9611
829 3678 912 3720 66
971 3655 1245 3722 11611661
1302 3655 1398 3722 166
1455 3658 1849 3722 66161666166
1903 3665 1972 3722 61
2027 3656 2382 3742 ydolatries
2437 3657 2581 3723 vul-

628 3742 843 3827 gaires
897 3741 1009 3823 qui
1065 3750 1182 3807 ont
1235 3762 1356 3824 par
1412 3741 1470 3807 si
1526 3742 1898 3827 longtemps
1956 3751 2197 3826 occupe
2256 3764 2378 3808 noz
2427 3763 2581 3809 con-

627 3829 934 3904 sciences,
973 3835 1042 3892 et
1073 3824 1477 3912 d’autrepart
1513 3829 1757 3894 n’aiant
1779 3827 2175 3913 91661661166
2199 3852 2289 3914 ny
2313 3837 2581 3913 9661616

627 3913 781 3979 16116
825 3912 1019 3996 qu’ilz
1061 3912 1373 3993 desirent,
1426 3919 1564 3979 e’en
1623 3923 1783 3981 vont
1837 3935 2088 3981 comme
2149 3914 2367 3981 brebiz
2425 3937 2580 4000 636-

626 4021 771 4065 1666
836 4009 903 4063 61
967 4019 1037 4063 66
1101 3999 1374 4065 16166661
1437 3999 1657 4066 couler
1709 4023 1749 4065 6
1814 4001 2108 4086 oyeivete
2166 4010 2234 4065 et
2296 4001 2580 4085 appetita

626 4084 959 4151 charnelz:
1005 4105 1257 4151 aucuns
1294 4083 1513 4150 d'eulx
1556 4106 1642 4152 en
1685 4106 1813 4151 une
1846 4086 2091 4154 1166666
2135 4086 2439 4166 effrenee,
2484 4087 2581 4153 166

628 4179 847 4236 661166
911 4177 1215 4254 prestent·
1260 4171 1526 4237 l'oreille
1580 4192 1710 4237 aux
1766 4193 2027 4238 erreurs
2085 4171 2196 4256 qui
2254 4172 2582 4255 pullulent

629 4276 711 4320 66
769 4278 842 4321 66
886 4276 1219 4341 royaume,
1275 4266 1342 4322 et
1388 4267 1534 4323 tous
1591 4256 1923 4324 6666161116
1984 4267 2133 4324 6661
2197 4257 2485 4325 subiecta
2542 4281 2583 4324 6

630 4339 811 4405 mille
838 4344 1093 4423 jniures
1137 4351 1204 4407 et
1246 4342 1612 4410 calomnies.
1694 4342 1873 4410 O’est
1912 4342 1979 4408 la
2023 4364 2216 4410 66666
2260 4344 2370 4427 qui
2412 4365 2582 4412 nous

637 4448 677 4489 a
710 4445 899 4489 meuz
943 4430 1234 4493 reeourir
1268 4437 1311 4494 6
1343 4452 1506 4495 vous
1543 4439 1611 4496 et
1656 4451 1788 4496 aux
1832 4429 2250 4496 treshonorez
2294 4439 2362 4495 et
2395 4453 2463 4495 m
2555 4467 2582 4481 -

630 4511 945 4593 nificques
988 4514 1323 4596 seigneurs
1361 4514 1648 4600 Syndics
1692 4515 1975 4583 Ooneulz
2021 4531 2088 4581 61
2122 4515 2456 4583 ministres
2467 4453 2581 4583 age

631 4595 697 4659 16
740 4596 985 4679 9616116
1030 4599 1109 4663 66
1154 4608 1371 4665 vostre
1413 4604 1552 4681 cite,
1646 4623 1765 4668 our
1809 4623 1973 4667 vous
2014 4602 2192 4684 prier
2228 4610 2374 4668 tous
2418 4624 2581 4669 666-

632 4683 992 4747 6116661661
1039 4682 1119 4748 66
1172 4707 1338 4751 6666
1389 4708 1539 4752 6666
1623 4710 1694 4754 61
1748 4711 1840 4754 66
1882 4709 1968 4753 ou
2026 4687 2197 4753 deux
2246 4689 2580 4754 ministres

632 4788 798 4850 pour
846 4768 1183 4835 l'exercice
1217 4769 1296 4835 do
1319 4793 1391 4837 ce
1416 4775 1628 4841 sainct
1650 4774 2008 4851 ministere,
2055 4772 2580 4840 establissement

632 4865 699 4919 et
740 4853 1079 4919 couduicte
1116 4855 1195 4920 de
1240 4867 1457 4922 nostre
1500 4860 1719 4943 eglise.
1819 4861 1929 4926 En
1966 4880 2139 4944 quoy
2190 4880 2354 4926 nous
2410 4881 2577 4926 vous

588 4959 605 4974 ²
633 4960 991 5022 requerons
1036 4962 1120 5008 66
1165 4962 1320 5007 nom
1374 4941 1455 5007 de
1507 4944 1722 5030 celluy
1781 4947 1893 5029 qui
1940 4967 2105 5012 vous
2163 4966 2203 5009 6
2259 4945 2473 5012 66666
2514 4946 2582 5011 16

632 5046 827 5110 31666
867 5023 947 5091 de
995 5026 1153 5091 faire
1198 5028 1505 5111 prescher
1546 5052 1621 5095 sa
1661 5030 1944 5116 louange
1986 5041 2270 5117 partout,
2316 5031 2397 5098 de
2434 5032 2579 5098 dee-

631 5112 860 5197 ployer
907 5120 1119 5177 vostre
1161 5112 1360 5177 116616
1395 5124 1463 5178 61
1490 5116 1563 5197 ju
1611 5128 1831 5182 ement
1865 5125 1908 5182 a
1939 5139 2104 5184 nous
2139 5119 2392 5185 donner
2429 5139 2581 5202 per·

633 5218 957 5281 sonnagee
1002 5200 1114 5281 qui
1158 5199 1467 5265 scachent
1522 5222 1557 5265 6
1607 5202 1744 5267 'fier
1793 5203 2114 5268 souetenir
2157 5213 2223 5268 et
2271 5203 2580 5269 defendre

632 5281 701 5348 la
745 5280 1037 5350 doctrine
1095 5297 1160 5350 et
1215 5285 1282 5349 16
1339 5286 1633 5371 1116136116
1689 5290 1798 5369 qui
1854 5288 2000 5354 leur
2046 5311 2192 5354 sera
2246 5290 2574 5356 commiss.

2128 372 2653 442 EPIS'POLAE
2699 378 3124 442 3716-3719

4494 381 4598 445 288

2687 564 2977 631 Mesmes
3019 585 3103 630 66
3147 569 3321 631 66616
3366 562 3537 643 ville,
3582 561 3860 648 laquelle
3909 585 4074 649 pour
4116 571 4287 633 66116
4329 565 4602 651 capitello

2687 657 2788 716 est
2830 647 2909 716 de
2954 649 3103 734 plus
3142 650 3392 735 grande
3419 653 3831 735 jmportance
3874 673 4002 736 que
4040 650 4220 718 nulle
4262 650 4489 718 aultre.
4527 653 4604 719 Et

2687 733 2766 801 66
2810 742 3031 802 666116
3074 744 3224 820 9611
3262 756 3430 803 6666
3463 736 3858 821 emploirone
3898 757 3972 803 ce
4008 738 4119 821 qui
4152 744 4252 803 eet
4292 758 4378 803 en
4411 746 4605 806 666116

2682 822 3030 905 9616661166
3071 843 3240 905 pour
3280 822 3424 888 leur
3461 821 3710 889 donner
3731 830 4250 901 contentement,
4285 822 4467 889 selon
4497 845 4606 908 que

2682 907 2833 990 plus
2876 915 2918 974 a
2961 908 3143 992 plain
3187 928 3352 974 vous
3395 907 3747 974 entendrez
3777 929 3899 993 961
3942 928 4064 975 666
4108 909 4441 993 deleguez:
4483 931 4607 977 666-

2683 992 2869 1076 quelz
2914 1013 3119 1061 avone
3160 993 3376 1060 donne
3418 995 3661 1079 charge
3704 995 3853 1061 d’en
3892 994 4189 1062 conferet
4246 1002 4315 1061 et
4367 996 4608 1062 traioter

2681 1078 2863 1145 selon
2909 1087 3125 1147 vostre
3174 1079 3418 1147 6666611
3475 1089 3542 1146 61
3583 1079 4016 1159 6166666666,
4060 1090 4128 1147 61
4168 1081 4331 1146 faire
4376 1087 4512 1148 tout
4546 1101 4609 1148 66

2679 1184 2807 1248 que
2848 1164 2990 1233 leur
3031 1165 3546 1233 commanderez.
3656 1166 3749 1232 Et
3791 1189 3958 1234 noue
4004 1168 4297 1235 conflans
4353 1165 4440 1233 du
4483 1174 4610 1234 tout

2682 1271 2766 1316 en
2809 1261 3030 1318 vostre
3092 1253 3447 1338 singuliere
3495 1251 3823 1337 prudence
3870 1253 4172 1339 prierons
4225 1259 4447 1319 nostre
4498 1252 4611 1318 bon

2681 1336 2856 1403 Dieu
2902 1359 3062 1406 vous
3117 1339 3480 1406 entretenir
3535 1348 3604 1404 et
3653 1358 4003 1405 conserver
4059 1339 4486 1423 longuement
4540 1359 4612 1406 en

2680 1441 2755 1489 66
2798 1425 3047 1491 saincte
3080 1446 3293 1511 grace.
3384 1424 3486 1490 De
3530 1423 3733 1509 Dijon
3776 1444 3851 1490 ce
3894 1427 4008 1493 xvi
4052 1424 4354 1492 febvrier.

3115 1562 3253 1629 Voz
3295 1562 3734 1629 treshumbles
3779 1562 3985 1629 freres
4029 1585 4113 1629 66
4155 1563 4206 1630 J
4205 1583 4358 1628 6666
4404 1560 4612 1630 christ

3276 1648 3370 1713 les
3413 1647 3640 1715 fideles
3684 1650 3763 1715 de
3807 1649 3874 1714 16
3916 1649 4070 1715 ville
4114 1648 4195 1714 de
4239 1647 4459 1733 Dijon.

3703 1819 3885 1885 Pour
3926 1820 3994 1887 16
4035 1819 4458 1905 0616963616.

3866 1906 3968 1972 De
4013 1906 4322 1973 Frasans.

3445 2202 3850 2210 Ψ

3562 2454 3752 2526 8717.

3241 2606 3710 2678 OALVINUS
3757 2611 4076 2678 BEZAE.

2859 2780 3184 2849 Nonnulla
3243 2782 3634 2863 reprehendit
3696 2784 3768 2847 in
3823 2785 3960 2848 eius
4017 2782 4444 2864 disputatione
4493 2801 4617 2847 eum

2692 2868 3084 2935 Sorbonistis.
3195 2869 3401 2934 Addit
3476 2869 3785 2952 quaedam
3849 2890 3926 2934 eoe
4005 2868 4288 2935 Helvetia
4364 2884 4617 2952 quorum

2686 2974 2914 3021 causae
2980 2973 3093 3020 nos
3131 2954 3403 3038 fuyiunt.

2686 3128 2791 3189 (Ex
2842 3126 2978 3181 Ood.
3025 3126 3226 3180 Genev.
3273 3123 3417 3190 107⁸,
3465 3125 3555 3180 fol.
3604 3124 3725 3189 252,
3771 3127 3871 3181 col.
3922 3142 3966 3179 6.
4012 3126 4144 3181 066.
4193 3125 4337 3194 1112,
4388 3127 4479 3181 fol.
4513 3123 4617 3191 209,

2685 3197 2824 3266 Epp.
2865 3196 3022 3250 Bern.
3063 3194 3162 3248 VI.
3201 3211 3254 3273 p.
3291 3193 3422 3247 1011
3462 3201 3519 3248 et
3554 3194 3768 3249 Simleri
3802 3195 3933 3250 Cod.
3968 3194 4084 3250 103.
4158 3194 4361 3249 Versio
4528 3193 4619 3247 1166

2686 3268 2868 3319 exstat
2901 3264 2959 3317 in
2995 3262 3078 3317 ed.
3115 3262 3329 3316 Phrlad.
3365 3262 3465 3317 1v.
3503 3260 3625 3318 258.
3658 3264 3744 3317 Ex
3779 3269 3936 3334 parte
3971 3263 4143 3318 edidit
4176 3264 4369 3321 Banm.
4399 3264 4471 3319 11.
4537 3277 4618 3332 pp.

2841 3331 2961 3392 164.
3031 3331 3328 3401 Inscriptio
3364 3339 3423 3385 et
3456 3333 3786 3403 subscriptio
3820 3334 3877 3386 in
3912 3332 4043 3388 Ood.
4081 3330 4210 3387 10⁷·
4242 3333 4487 3405 autogr.)

2681 3591 2743 3657 B
2853 3507 2919 3569 A
2962 3502 3302 3569 Moneieur
3357 3511 3422 3567 et
3480 3501 3635 3569 bien
3694 3503 3864 3568 aime
3919 3503 4089 3570 frere
4146 3503 4495 3571 Monsieur
4548 3502 4616 3567 de

2745 3611 2870 3656 eze.

2855 3761 2927 3827 S.
2996 3758 3178 3825 Nihil
3265 3760 3380 3826 6116
3462 3770 3527 3826 16
3586 3762 3808 3845 666691
3833 3764 3879 3837 ι)
3946 3783 4027 3828 ex
4095 3782 4222 3845 quo
4286 3760 4370 3828 de
4432 3761 4615 3838 exitu,

2681 3846 3004 3916 secundae
3046 3845 3323 3914 actionis
3363 3845 3722 3914 iucundam
3756 3847 4099 3913 historiam
4134 3846 4424 3914 breviter
4457 3865 4614 3912 oom-

2681 3934 2917 4019 plexus
2957 3951 3044 3997 66.
3067 3932 3126 4014 ²)
3215 3932 3466 3997 Verum
3525 3940 3599 3998 ut
3655 3934 3847 4018 plena
3900 3943 4002 4000 eet
4052 3934 4202 3999 aula
4245 3932 4439 4000 doliis
4479 3952 4611 4016 per·

2681 4019 2928 4100 foratis,
2996 4015 3190 4082 multi
3232 4038 3528 4086 rumores
3571 4018 3654 4085 ad
3697 4039 3817 4085 nos
3861 4040 4066 4104 usque
4109 4019 4484 4104 pervolant:
4547 4021 4612 4081 ut

2726 4106 2875 4172 lura
2917 4102 3140 4170 audire
3192 4124 3454 4170 necesse
3510 4105 3599 4170 611
3653 4126 3852 4189 quam
3895 4113 3966 4170 tu
4010 4106 4195 4172 scias.
4281 4104 4433 4172 Hoc
4474 4102 4613 4170 facit

2709 4211 2972 4259 ocorum
3016 4187 3326 4256 distantia
3382 4203 3456 4255 ut
3511 4190 3704 4256 multi
3749 4190 3925 4275 apud
3968 4212 4085 4258 noe
4128 4212 4198 4258 66
4243 4190 4437 4276 91616
4477 4209 4612 4273 663-

2683 4298 2948 4345 6666616
2990 4274 3369 4342 existiment
3403 4277 3674 4344 oculatis
3709 4299 3927 4344 rerum
3963 4278 4410 4378 praesentium
4444 4295 4612 4360 6966-

2642 4364 3021 4430 ·1616111166.
3106 4361 3315 4429 Miror
3372 4369 3436 4427 te
3479 4363 3551 4428 in
3595 4365 3805 4447 prima
3859 4371 4113 4430 actione
4154 4385 4290 4429 non
4332 4356 4613 4456 animadf

2682 4450 2957 4517 vertisse
3000 4450 3067 4513 in
3114 4469 3278 4531 quas
3321 4448 3547 4534 plagae
3589 4458 3657 4515 te
3701 4449 4068 4517 coniiceres.
4141 4448 4420 4534 Semper
4462 4444 4611 4513 milu

2682 4535 3009 4620 displicuit
3070 4542 3289 4600 vestra
3343 4533 3460 4600 illa
3515 4535 3700 4615 ratio,
3756 4542 3831 4601 ut
3887 4534 4157 4601 dimidia
4199 4554 4349 4618 9616
4394 4550 4610 4601 causae

2681 4623 2755 4687 in
2799 4619 3214 4705 antiquitatis
3259 4620 3633 4686 testimonio
3675 4622 4006 4688 consistat.
4074 4621 4222 4688 Hac
4263 4620 4334 4685 in
4379 4639 4452 4685 re
4472 4637 4608 4704 per-

2681 4705 2833 4772 inde
2890 4706 3064 4772 16161
3135 4725 3253 4772 nos
3309 4706 3620 4772 convenit
3673 4714 3868 4792 atque
3941 4708 4116 4774 16161
4171 4708 4393 4792 ignem
4444 4713 4509 4771 et
4548 4721 4608 4766 a·

2682 4963 2936 5086 871112)
2973 4965 3127 5020 Besa
3161 4965 3222 5018 in
3256 4978 3362 5017 sua
3391 4951 3655 5044 prosim
3688 4964 3896 5088 Ἢ
3924 4963 4466 5088 meza

2678 5031 4190 5224 fuit-poifflgfa‘xnmmwaffoqexzssfflquidm‘acmm
4209 5099 4286 5155 ad
4302 5034 4607 5170 fingm-

2682 5171 3233 5310 3131131ἅέ.ῖέ
3267 5168 4608 5309 ὲωῖἶο·ὶ..ἢὲ”ἕο·1ἴωξ6ξοὲᾱωῗέὅὲἕ.ὲ,ῗρὲοἳΐᾴ

2683 5310 2870 5378 quium
2904 5326 2969 5363 ac
3001 5325 3186 5364 omnes
3221 5309 3557 5364 consiliarios
3591 5314 3648 5363 et
3681 5309 3959 5376 theologos
3995 5308 4214 5362 dimisit.
