<?xml version="1.0" encoding="UTF-8"?>
<!DOCTYPE html PUBLIC "-//W3C//DTD XHTML 1.0 Transitional//EN"
    "http://www.w3.org/TR/xhtml1/DTD/xhtml1-transitional.dtd">
<html xmlns="http://www.w3.org/1999/xhtml" xml:lang="en" lang="en">
 <head>
  <title>
</title>
<meta http-equiv="Content-Type" content="text/html;charset=utf-8" />
  <meta name='ocr-system' content='tesseract 3.04.00' />
  <meta name='ocr-capabilities' content='ocr_page ocr_carea ocr_par ocr_line ocrx_word'/>
</head>
<body>
  <div class='ocr_page' id='page_1' title='image "./ioanniscalvinio05unkngoog_0092.png"; bbox 0 0 4850 6117; ppageno 0'>
   <div class='ocr_carea' id='block_1_1' title="bbox 37 5 46 1149">
    <p class='ocr_par' dir='ltr' id='par_1_1' title="bbox 37 5 46 1149">
     <span class='ocr_line' id='line_1_1' title="bbox 37 5 46 1149; baseline 0 0"><span class='ocrx_word' id='word_1_1' title='bbox 37 5 46 1149; x_wconf 95' lang='lat' dir='ltr'><strong> </strong></span> 
     </span>
    </p>
   </div>
   <div class='ocr_carea' id='block_1_2' title="bbox 667 402 787 464">
    <p class='ocr_par' dir='ltr' id='par_1_2' title="bbox 667 402 787 464">
     <span class='ocr_line' id='line_1_2' title="bbox 667 402 787 464; baseline 0.008 -1"><span class='ocrx_word' id='word_1_2' title='bbox 667 402 787 464; x_wconf 81' lang='lat'><strong>159</strong></span> 
     </span>
    </p>
   </div>
   <div class='ocr_carea' id='block_1_3' title="bbox 654 583 2610 4443">
    <p class='ocr_par' dir='ltr' id='par_1_3' title="bbox 654 583 2610 4443">
     <span class='ocr_line' id='line_1_3' title="bbox 831 583 2595 670; baseline -0.001 -16"><span class='ocrx_word' id='word_1_3' title='bbox 831 586 1185 670; x_wconf 76' lang='lat' dir='ltr'>Superiora</span> <span class='ocrx_word' id='word_1_4' title='bbox 1240 584 1475 668; x_wconf 89' lang='lat' dir='ltr'><strong>scripsi</strong></span> <span class='ocrx_word' id='word_1_5' title='bbox 1528 583 1854 663; x_wconf 72' lang='lat' dir='ltr'><strong>Lutetiae,</strong></span> <span class='ocrx_word' id='word_1_6' title='bbox 1921 603 2041 651; x_wconf 89' lang='lat' dir='ltr'><strong>nec</strong></span> <span class='ocrx_word' id='word_1_7' title='bbox 2096 584 2281 669; x_wconf 88' lang='lat' dir='ltr'><strong>prius</strong></span> <span class='ocrx_word' id='word_1_8' title='bbox 2337 587 2595 652; x_wconf 90' lang='lat' dir='ltr'><strong>mittere</strong></span> 
     </span>
     <span class='ocr_line' id='line_1_4' title="bbox 660 669 2599 757; baseline -0.003 -15"><span class='ocrx_word' id='word_1_9' title='bbox 660 674 841 743; x_wconf 84' lang='lat' dir='ltr'><strong>volui</strong></span> <span class='ocrx_word' id='word_1_10' title='bbox 882 692 1078 757; x_wconf 84' lang='lat' dir='ltr'><strong>quam</strong></span> <span class='ocrx_word' id='word_1_11' title='bbox 1119 671 1191 736; x_wconf 92' lang='lat' dir='ltr'><strong>in</strong></span> <span class='ocrx_word' id='word_1_12' title='bbox 1233 670 1451 736; x_wconf 89' lang='lat' dir='ltr'><strong>aulam</strong></span> <span class='ocrx_word' id='word_1_13' title='bbox 1491 669 1826 749; x_wconf 79' lang='lat' dir='ltr'>redissem,</span> <span class='ocrx_word' id='word_1_14' title='bbox 1887 679 1959 736; x_wconf 91' lang='lat' dir='ltr'><strong>ut</strong></span> <span class='ocrx_word' id='word_1_15' title='bbox 2001 669 2320 754; x_wconf 76' lang='lat' dir='ltr'><strong>quaedam</strong></span> <span class='ocrx_word' id='word_1_16' title='bbox 2364 671 2599 739; x_wconf 86' lang='lat' dir='ltr'><strong>adiun-</strong></span> 
     </span>
     <span class='ocr_line' id='line_1_5' title="bbox 660 754 2597 847; baseline -0.003 -20"><span class='ocrx_word' id='word_1_17' title='bbox 660 779 904 847; x_wconf 85' lang='lat' dir='ltr'><strong>gerem,</strong></span> <span class='ocrx_word' id='word_1_18' title='bbox 969 755 1049 824; x_wconf 88' lang='lat' dir='ltr'><strong>de</strong></span> <span class='ocrx_word' id='word_1_19' title='bbox 1105 756 1338 841; x_wconf 86' lang='lat' dir='ltr'><strong>quibus</strong></span> <span class='ocrx_word' id='word_1_20' title='bbox 1395 754 1612 823; x_wconf 89' lang='lat' dir='ltr'><strong>adhuc</strong></span> <span class='ocrx_word' id='word_1_21' title='bbox 1654 775 1832 822; x_wconf 90' lang='lat' dir='ltr'><strong>eram</strong></span> <span class='ocrx_word' id='word_1_22' title='bbox 1875 757 2177 823; x_wconf 87' lang='lat' dir='ltr'><strong>incertus.</strong></span> <span class='ocrx_word' id='word_1_23' title='bbox 2262 756 2348 823; x_wconf 91' lang='lat' dir='ltr'><strong>In</strong></span> <span class='ocrx_word' id='word_1_24' title='bbox 2392 758 2597 842; x_wconf 89' lang='lat' dir='ltr'><strong>Aqui·</strong></span> 
     </span>
     <span class='ocr_line' id='line_1_6' title="bbox 660 841 2601 925; baseline -0.002 -13"><span class='ocrx_word' id='word_1_25' title='bbox 660 847 843 913; x_wconf 86' lang='lat' dir='ltr'><strong>tania</strong></span> <span class='ocrx_word' id='word_1_26' title='bbox 883 841 1111 910; x_wconf 90' lang='lat' dir='ltr'><strong>eodem</strong></span> <span class='ocrx_word' id='word_1_27' title='bbox 1164 843 1301 908; x_wconf 86' lang='lat' dir='ltr'><strong>fere</strong></span> <span class='ocrx_word' id='word_1_28' title='bbox 1356 848 1648 925; x_wconf 89' lang='lat' dir='ltr'><strong>tempore</strong></span> <span class='ocrx_word' id='word_1_29' title='bbox 1706 862 1835 925; x_wconf 90' lang='lat' dir='ltr'><strong>quo</strong></span> <span class='ocrx_word' id='word_1_30' title='bbox 1878 841 2256 909; x_wconf 80' lang='lat' dir='ltr'><strong>saevierunt</strong></span> <span class='ocrx_word' id='word_1_31' title='bbox 2297 842 2601 924; x_wconf 75' lang='lat' dir='ltr'>Cadurci,</span> 
     </span>
     <span class='ocr_line' id='line_1_7' title="bbox 661 926 2604 1013; baseline -0.002 -15"><span class='ocrx_word' id='word_1_32' title='bbox 661 930 872 997; x_wconf 90' lang='lat' dir='ltr'><strong>nostri</strong></span> <span class='ocrx_word' id='word_1_33' title='bbox 912 928 998 993; x_wconf 91' lang='lat' dir='ltr'><strong>D.</strong></span> <span class='ocrx_word' id='word_1_34' title='bbox 1047 927 1382 994; x_wconf 73' lang='lat' dir='ltr'><strong>thietum</strong></span> <span class='ocrx_word' id='word_1_35' title='bbox 1402 929 1487 1008; x_wconf 73' lang='lat'><strong>¹⁶)</strong></span> <span class='ocrx_word' id='word_1_36' title='bbox 1530 926 1856 1011; x_wconf 84' lang='lat' dir='ltr'><strong>quendam</strong></span> <span class='ocrx_word' id='word_1_37' title='bbox 1899 948 1939 993; x_wconf 92' lang='lat' dir='ltr'><strong>a</strong></span> <span class='ocrx_word' id='word_1_38' title='bbox 1976 948 2104 1012; x_wconf 88' lang='lat' dir='ltr'><strong>quo</strong></span> <span class='ocrx_word' id='word_1_39' title='bbox 2146 949 2342 1013; x_wconf 82' lang='lat' dir='ltr'><strong>saepe</strong></span> <span class='ocrx_word' id='word_1_40' title='bbox 2374 928 2604 995; x_wconf 82' lang='lat' dir='ltr'><strong>vexati</strong></span> 
     </span>
     <span class='ocr_line' id='line_1_8' title="bbox 659 1014 2601 1098; baseline -0.002 -15"><span class='ocrx_word' id='word_1_41' title='bbox 659 1018 937 1094; x_wconf 85' lang='lat' dir='ltr'><strong>fuerant,</strong></span> <span class='ocrx_word' id='word_1_42' title='bbox 992 1015 1060 1080; x_wconf 88' lang='lat' dir='ltr'><strong>in</strong></span> <span class='ocrx_word' id='word_1_43' title='bbox 1110 1014 1322 1098; x_wconf 89' lang='lat' dir='ltr'><strong>ipsius</strong></span> <span class='ocrx_word' id='word_1_44' title='bbox 1378 1022 1671 1079; x_wconf 88' lang='lat' dir='ltr'><strong>castrum</strong></span> <span class='ocrx_word' id='word_1_45' title='bbox 1715 1034 1918 1097; x_wconf 89' lang='lat' dir='ltr'><strong>usque</strong></span> <span class='ocrx_word' id='word_1_46' title='bbox 1970 1015 2352 1097; x_wconf 88' lang='lat' dir='ltr'><strong>persequuti</strong></span> <span class='ocrx_word' id='word_1_47' title='bbox 2394 1016 2601 1081; x_wconf 89' lang='lat' dir='ltr'><strong>inter-</strong></span> 
     </span>
     <span class='ocr_line' id='line_1_9' title="bbox 658 1098 2602 1184; baseline -0.002 -15"><span class='ocrx_word' id='word_1_48' title='bbox 658 1103 970 1179; x_wconf 85' lang='lat' dir='ltr'><strong>fecerunt,</strong></span> <span class='ocrx_word' id='word_1_49' title='bbox 990 1107 1059 1165; x_wconf 92' lang='lat' dir='ltr'><strong>et</strong></span> <span class='ocrx_word' id='word_1_50' title='bbox 1079 1098 1335 1166; x_wconf 91' lang='lat' dir='ltr'><strong>nullum</strong></span> <span class='ocrx_word' id='word_1_51' title='bbox 1369 1119 1504 1165; x_wconf 93' lang='lat' dir='ltr'><strong>non</strong></span> <span class='ocrx_word' id='word_1_52' title='bbox 1538 1098 1940 1165; x_wconf 77' lang='lat' dir='ltr'><strong>crudelitatis</strong></span> <span class='ocrx_word' id='word_1_53' title='bbox 1973 1120 2184 1184; x_wconf 85' lang='lat' dir='ltr'><strong>genus</strong></span> <span class='ocrx_word' id='word_1_54' title='bbox 2215 1100 2287 1166; x_wconf 90' lang='lat' dir='ltr'><strong>in</strong></span> <span class='ocrx_word' id='word_1_55' title='bbox 2321 1100 2602 1168; x_wconf 83' lang='lat' dir='ltr'><strong>cadaver</strong></span> 
     </span>
     <span class='ocr_line' id='line_1_10' title="bbox 660 1183 2604 1269; baseline -0.001 -15"><span class='ocrx_word' id='word_1_56' title='bbox 660 1194 1115 1255; x_wconf 85' lang='lat' dir='ltr'><strong>exercuerunt.</strong></span> <span class='ocrx_word' id='word_1_57' title='bbox 1216 1186 1495 1269; x_wconf 89' lang='lat' dir='ltr'><strong>Direpta</strong></span> <span class='ocrx_word' id='word_1_58' title='bbox 1568 1186 1768 1250; x_wconf 90' lang='lat' dir='ltr'><strong>etiam</strong></span> <span class='ocrx_word' id='word_1_59' title='bbox 1844 1193 1946 1252; x_wconf 90' lang='lat' dir='ltr'><strong>est</strong></span> <span class='ocrx_word' id='word_1_60' title='bbox 2008 1183 2241 1252; x_wconf 84' lang='lat' dir='ltr'><strong>domus</strong></span> <span class='ocrx_word' id='word_1_61' title='bbox 2304 1194 2372 1252; x_wconf 90' lang='lat' dir='ltr'><strong>et</strong></span> <span class='ocrx_word' id='word_1_62' title='bbox 2434 1207 2604 1253; x_wconf 75' lang='lat' dir='ltr'><strong>uxor</strong></span> 
     </span>
     <span class='ocr_line' id='line_1_11' title="bbox 658 1270 2603 1355; baseline -0.002 -15"><span class='ocrx_word' id='word_1_63' title='bbox 658 1273 1027 1340; x_wconf 83' lang='lat' dir='ltr'><strong>vulnerata.</strong></span> <span class='ocrx_word' id='word_1_64' title='bbox 1110 1271 1278 1336; x_wconf 88' lang='lat' dir='ltr'><strong>Inde</strong></span> <span class='ocrx_word' id='word_1_65' title='bbox 1333 1270 1663 1355; x_wconf 77' lang='lat' dir='ltr'><strong>progressi</strong></span> <span class='ocrx_word' id='word_1_66' title='bbox 1704 1279 1862 1337; x_wconf 89' lang='lat' dir='ltr'><strong>sunt</strong></span> <span class='ocrx_word' id='word_1_67' title='bbox 1903 1270 1987 1336; x_wconf 88' lang='lat' dir='ltr'><strong>ad</strong></span> <span class='ocrx_word' id='word_1_68' title='bbox 2031 1271 2233 1338; x_wconf 87' lang='lat' dir='ltr'><strong>alium</strong></span> <span class='ocrx_word' id='word_1_69' title='bbox 2275 1272 2603 1355; x_wconf 87' lang='lat' dir='ltr'><strong>quendam</strong></span> 
     </span>
     <span class='ocr_line' id='line_1_12' title="bbox 659 1356 2605 1442; baseline -0.002 -15"><span class='ocrx_word' id='word_1_70' title='bbox 659 1356 1103 1427; x_wconf 84' lang='lat' dir='ltr'><strong>obsidendum.</strong></span> <span class='ocrx_word' id='word_1_71' title='bbox 1188 1356 1365 1422; x_wconf 88' lang='lat' dir='ltr'><strong>Hinc</strong></span> <span class='ocrx_word' id='word_1_72' title='bbox 1423 1356 1591 1423; x_wconf 84' lang='lat' dir='ltr'><strong>varii</strong></span> <span class='ocrx_word' id='word_1_73' title='bbox 1652 1356 1896 1439; x_wconf 89' lang='lat' dir='ltr'><strong>passim</strong></span> <span class='ocrx_word' id='word_1_74' title='bbox 1952 1356 2275 1424; x_wconf 77' lang='lat' dir='ltr'><strong>tumultus</strong></span> <span class='ocrx_word' id='word_1_75' title='bbox 2289 1409 2308 1439; x_wconf 92' lang='lat'><strong>,</strong></span> <span class='ocrx_word' id='word_1_76' title='bbox 2371 1356 2605 1442; x_wconf 89' lang='lat' dir='ltr'><strong>quibus</strong></span> 
     </span>
     <span class='ocr_line' id='line_1_13' title="bbox 662 1442 2606 1511; baseline -0.001 0"><span class='ocrx_word' id='word_1_77' title='bbox 662 1446 918 1511; x_wconf 89' lang='lat' dir='ltr'><strong>utinam</strong></span> <span class='ocrx_word' id='word_1_78' title='bbox 984 1442 1183 1510; x_wconf 89' lang='lat' dir='ltr'><strong>duces</strong></span> <span class='ocrx_word' id='word_1_79' title='bbox 1247 1443 1567 1509; x_wconf 85' lang='lat' dir='ltr'><strong>deessent.</strong></span> <span class='ocrx_word' id='word_1_80' title='bbox 1655 1442 1795 1508; x_wconf 89' lang='lat' dir='ltr'><strong>Ista</strong></span> <span class='ocrx_word' id='word_1_81' title='bbox 1860 1442 2049 1508; x_wconf 86' lang='lat' dir='ltr'><strong>valde</strong></span> <span class='ocrx_word' id='word_1_82' title='bbox 2111 1451 2606 1510; x_wconf 86' lang='lat' dir='ltr'><strong>commoverunt</strong></span> 
     </span>
     <span class='ocr_line' id='line_1_14' title="bbox 660 1527 2606 1617; baseline -0.003 -18"><span class='ocrx_word' id='word_1_83' title='bbox 660 1531 927 1617; x_wconf 87' lang='lat' dir='ltr'><strong>reginae</strong></span> <span class='ocrx_word' id='word_1_84' title='bbox 976 1536 1046 1595; x_wconf 93' lang='lat' dir='ltr'><strong>et</strong></span> <span class='ocrx_word' id='word_1_85' title='bbox 1099 1549 1441 1614; x_wconf 89' lang='lat' dir='ltr'><strong>procerum</strong></span> <span class='ocrx_word' id='word_1_86' title='bbox 1492 1527 1762 1608; x_wconf 85' lang='lat' dir='ltr'><strong>animos,</strong></span> <span class='ocrx_word' id='word_1_87' title='bbox 1826 1549 1948 1595; x_wconf 91' lang='lat' dir='ltr'><strong>nec</strong></span> <span class='ocrx_word' id='word_1_88' title='bbox 1998 1528 2354 1612; x_wconf 88' lang='lat' dir='ltr'><strong>quidquam</strong></span> <span class='ocrx_word' id='word_1_89' title='bbox 2390 1529 2606 1615; x_wconf 87' lang='lat' dir='ltr'><strong>magis</strong></span> 
     </span>
     <span class='ocr_line' id='line_1_15' title="bbox 658 1613 2605 1698; baseline -0.002 -15"><span class='ocrx_word' id='word_1_90' title='bbox 658 1614 1070 1683; x_wconf 74' lang='lat' dir='ltr'><strong>incommode</strong></span> <span class='ocrx_word' id='word_1_91' title='bbox 1104 1613 1394 1681; x_wconf 88' lang='lat' dir='ltr'><strong>accidere</strong></span> <span class='ocrx_word' id='word_1_92' title='bbox 1431 1615 1660 1698; x_wconf 88' lang='lat' dir='ltr'><strong>potuit,</strong></span> <span class='ocrx_word' id='word_1_93' title='bbox 1705 1614 2015 1698; x_wconf 84' lang='lat' dir='ltr'><strong>quoniam</strong></span> <span class='ocrx_word' id='word_1_94' title='bbox 2050 1615 2257 1681; x_wconf 88' lang='lat' dir='ltr'><strong>instat</strong></span> <span class='ocrx_word' id='word_1_95' title='bbox 2288 1614 2605 1682; x_wconf 82' lang='lat' dir='ltr'><strong>vicesima</strong></span> 
     </span>
     <span class='ocr_line' id='line_1_16' title="bbox 662 1698 2603 1785; baseline -0.002 -16"><span class='ocrx_word' id='word_1_96' title='bbox 662 1701 1046 1769; x_wconf 74' lang='lat' dir='ltr'><strong>Decembris</strong></span> <span class='ocrx_word' id='word_1_97' title='bbox 1105 1707 1170 1767; x_wconf 92' lang='lat' dir='ltr'><strong>et</strong></span> <span class='ocrx_word' id='word_1_98' title='bbox 1222 1710 1589 1766; x_wconf 86' lang='lat' dir='ltr'><strong>conventus</strong></span> <span class='ocrx_word' id='word_1_99' title='bbox 1641 1699 1754 1766; x_wconf 92' lang='lat' dir='ltr'><strong>ille</strong></span> <span class='ocrx_word' id='word_1_100' title='bbox 1809 1720 1848 1764; x_wconf 88' lang='lat' dir='ltr'><strong>a</strong></span> <span class='ocrx_word' id='word_1_101' title='bbox 1901 1700 2089 1767; x_wconf 89' lang='lat' dir='ltr'><strong>cuius</strong></span> <span class='ocrx_word' id='word_1_102' title='bbox 2133 1701 2316 1766; x_wconf 79' lang='lat' dir='ltr'><strong>exitu</strong></span> <span class='ocrx_word' id='word_1_103' title='bbox 2357 1698 2603 1785; x_wconf 84' lang='lat' dir='ltr'><strong>pende-</strong></span> 
     </span>
     <span class='ocr_line' id='line_1_17' title="bbox 661 1784 2604 1870; baseline -0.002 -16"><span class='ocrx_word' id='word_1_104' title='bbox 661 1811 826 1855; x_wconf 91' lang='lat' dir='ltr'><strong>mus.</strong></span> <span class='ocrx_word' id='word_1_105' title='bbox 915 1784 1051 1853; x_wconf 84' lang='lat' dir='ltr'><strong>Sed</strong></span> <span class='ocrx_word' id='word_1_106' title='bbox 1092 1794 1316 1851; x_wconf 92' lang='lat' dir='ltr'><strong>tamen</strong></span> <span class='ocrx_word' id='word_1_107' title='bbox 1371 1806 1504 1850; x_wconf 91' lang='lat' dir='ltr'><strong>non</strong></span> <span class='ocrx_word' id='word_1_108' title='bbox 1560 1786 1786 1852; x_wconf 90' lang='lat' dir='ltr'><strong>desino</strong></span> <span class='ocrx_word' id='word_1_109' title='bbox 1840 1784 2007 1851; x_wconf 88' lang='lat' dir='ltr'><strong>bene</strong></span> <span class='ocrx_word' id='word_1_110' title='bbox 2060 1806 2344 1870; x_wconf 89' lang='lat' dir='ltr'><strong>sperare,</strong></span> <span class='ocrx_word' id='word_1_111' title='bbox 2401 1787 2604 1852; x_wconf 92' lang='lat' dir='ltr'><strong>immo</strong></span> 
     </span>
     <span class='ocr_line' id='line_1_18' title="bbox 660 1871 2602 1956; baseline -0.001 -17"><span class='ocrx_word' id='word_1_112' title='bbox 660 1875 789 1939; x_wconf 89' lang='lat' dir='ltr'><strong>iam</strong></span> <span class='ocrx_word' id='word_1_113' title='bbox 855 1873 1051 1939; x_wconf 85' lang='lat' dir='ltr'><strong>etiam</strong></span> <span class='ocrx_word' id='word_1_114' title='bbox 1116 1871 1365 1956; x_wconf 84' lang='lat' dir='ltr'><strong>aliquid</strong></span> <span class='ocrx_word' id='word_1_115' title='bbox 1428 1872 1581 1937; x_wconf 92' lang='lat' dir='ltr'><strong>boni</strong></span> <span class='ocrx_word' id='word_1_116' title='bbox 1645 1879 1865 1936; x_wconf 90' lang='lat' dir='ltr'><strong>ortum</strong></span> <span class='ocrx_word' id='word_1_117' title='bbox 1927 1877 2030 1937; x_wconf 90' lang='lat' dir='ltr'><strong>est</strong></span> <span class='ocrx_word' id='word_1_118' title='bbox 2092 1893 2177 1937; x_wconf 84' lang='lat' dir='ltr'><strong>ex</strong></span> <span class='ocrx_word' id='word_1_119' title='bbox 2230 1871 2357 1938; x_wconf 87' lang='lat' dir='ltr'><strong>hoe&#39;</strong></span> <span class='ocrx_word' id='word_1_120' title='bbox 2410 1872 2602 1938; x_wconf 89' lang='lat' dir='ltr'><strong>malo.</strong></span> 
     </span>
     <span class='ocr_line' id='line_1_19' title="bbox 661 1955 2604 2040; baseline -0.002 -13"><span class='ocrx_word' id='word_1_121' title='bbox 661 1959 906 2027; x_wconf 79' lang='lat' dir='ltr'><strong>Statim</strong></span> <span class='ocrx_word' id='word_1_122' title='bbox 946 1958 1124 2023; x_wconf 81' lang='lat' dir='ltr'><strong>enim</strong></span> <span class='ocrx_word' id='word_1_123' title='bbox 1166 1956 1396 2023; x_wconf 87' lang='lat' dir='ltr'><strong>delecti</strong></span> <span class='ocrx_word' id='word_1_124' title='bbox 1438 1968 1594 2022; x_wconf 90' lang='lat' dir='ltr'><strong>sunt</strong></span> <span class='ocrx_word' id='word_1_125' title='bbox 1626 1963 1694 2021; x_wconf 90' lang='lat' dir='ltr'><strong>et</strong></span> <span class='ocrx_word' id='word_1_126' title='bbox 1733 1956 1919 2023; x_wconf 89' lang='lat' dir='ltr'><strong>missi</strong></span> <span class='ocrx_word' id='word_1_127' title='bbox 1962 1955 2092 2023; x_wconf 85' lang='lat' dir='ltr'><strong>duo</strong></span> <span class='ocrx_word' id='word_1_128' title='bbox 2126 1958 2240 2040; x_wconf 83' lang='lat' dir='ltr'><strong>qui</strong></span> <span class='ocrx_word' id='word_1_129' title='bbox 2275 1958 2356 2024; x_wconf 92' lang='lat' dir='ltr'><strong>de</strong></span> <span class='ocrx_word' id='word_1_130' title='bbox 2389 1958 2604 2023; x_wconf 90' lang='lat' dir='ltr'><strong>omni-</strong></span> 
     </span>
     <span class='ocr_line' id='line_1_20' title="bbox 662 2043 2604 2128; baseline -0.001 -17"><span class='ocrx_word' id='word_1_131' title='bbox 662 2044 785 2113; x_wconf 89' lang='lat' dir='ltr'><strong>bus</strong></span> <span class='ocrx_word' id='word_1_132' title='bbox 846 2044 979 2110; x_wconf 89' lang='lat' dir='ltr'><strong>illis</strong></span> <span class='ocrx_word' id='word_1_133' title='bbox 1042 2043 1296 2111; x_wconf 85' lang='lat' dir='ltr'><strong>sicariis</strong></span> <span class='ocrx_word' id='word_1_134' title='bbox 1358 2044 1670 2125; x_wconf 84' lang='lat' dir='ltr'><strong>utrinque</strong></span> <span class='ocrx_word' id='word_1_135' title='bbox 1722 2043 1791 2112; x_wconf 91' lang='lat' dir='ltr'><strong>in</strong></span> <span class='ocrx_word' id='word_1_136' title='bbox 1838 2044 2060 2108; x_wconf 88' lang='lat' dir='ltr'><strong>uirant</strong></span> <span class='ocrx_word' id='word_1_137' title='bbox 2112 2052 2180 2109; x_wconf 91' lang='lat' dir='ltr'><strong>et</strong></span> <span class='ocrx_word' id='word_1_138' title='bbox 2234 2044 2284 2109; x_wconf 90' lang='lat' dir='ltr'><strong>ii</strong></span> <span class='ocrx_word' id='word_1_139' title='bbox 2340 2044 2604 2128; x_wconf 84' lang='lat' dir='ltr'><strong>quidem</strong></span> 
     </span>
     <span class='ocr_line' id='line_1_21' title="bbox 660 2063 2606 2216; baseline -0.002 -18"><span class='ocrx_word' id='word_1_140' title='bbox 660 2130 882 2216; x_wconf 88' lang='lat' dir='ltr'><strong>quales</strong></span> <span class='ocrx_word' id='word_1_141' title='bbox 922 2137 1149 2214; x_wconf 88' lang='lat' dir='ltr'><strong>optare</strong></span> <span class='ocrx_word' id='word_1_142' title='bbox 1189 2129 1542 2212; x_wconf 86' lang='lat' dir='ltr'><strong>potuimus.</strong></span> <span class='ocrx_word' id='word_1_143' title='bbox 1560 2131 1642 2207; x_wconf 82' lang='lat'><strong>⁸⁷)</strong></span> <span class='ocrx_word' id='word_1_144' title='bbox 1685 2063 1916 2194; x_wconf 60' lang='lat' dir='ltr'><strong>Additi</strong></span> <span class='ocrx_word' id='word_1_145' title='bbox 1949 2136 2106 2195; x_wconf 90' lang='lat' dir='ltr'><strong>sunt</strong></span> <span class='ocrx_word' id='word_1_146' title='bbox 2140 2127 2269 2196; x_wconf 91' lang='lat' dir='ltr'><strong>duo</strong></span> <span class='ocrx_word' id='word_1_147' title='bbox 2303 2130 2404 2197; x_wconf 91' lang='lat' dir='ltr'><strong>rei</strong></span> <span class='ocrx_word' id='word_1_148' title='bbox 2437 2129 2606 2195; x_wconf 90' lang='lat' dir='ltr'><strong>mili·</strong></span> 
     </span>
     <span class='ocr_line' id='line_1_22' title="bbox 659 2213 2604 2299; baseline -0.002 -15"><span class='ocrx_word' id='word_1_149' title='bbox 659 2217 819 2284; x_wconf 83' lang='lat' dir='ltr'><strong>taris</strong></span> <span class='ocrx_word' id='word_1_150' title='bbox 883 2216 1082 2283; x_wconf 89' lang='lat' dir='ltr'><strong>duces</strong></span> <span class='ocrx_word' id='word_1_151' title='bbox 1143 2235 1292 2281; x_wconf 91' lang='lat' dir='ltr'><strong>cum</strong></span> <span class='ocrx_word' id='word_1_152' title='bbox 1350 2222 1495 2281; x_wconf 88' lang='lat' dir='ltr'><strong>octo</strong></span> <span class='ocrx_word' id='word_1_153' title='bbox 1550 2213 1754 2299; x_wconf 86' lang='lat' dir='ltr'><strong>signis</strong></span> <span class='ocrx_word' id='word_1_154' title='bbox 1812 2215 2105 2298; x_wconf 85' lang='lat' dir='ltr'><strong>equitum</strong></span> <span class='ocrx_word' id='word_1_155' title='bbox 2120 2267 2139 2295; x_wconf 92' lang='lat'><strong>,</strong></span> <span class='ocrx_word' id='word_1_156' title='bbox 2215 2223 2292 2281; x_wconf 90' lang='lat' dir='ltr'><strong>ut</strong></span> <span class='ocrx_word' id='word_1_157' title='bbox 2345 2236 2604 2283; x_wconf 89' lang='lat' dir='ltr'><strong>summa</strong></span> 
     </span>
     <span class='ocr_line' id='line_1_23' title="bbox 654 2300 2601 2383; baseline -0.002 -12"><span class='ocrx_word' id='word_1_158' title='bbox 654 2303 1010 2371; x_wconf 83' lang='lat' dir='ltr'><strong>severitate</strong></span> <span class='ocrx_word' id='word_1_159' title='bbox 1053 2300 1360 2383; x_wconf 86' lang='lat' dir='ltr'><strong>utrinque</strong></span> <span class='ocrx_word' id='word_1_160' title='bbox 1403 2307 1826 2367; x_wconf 81' lang='lat' dir='ltr'><strong>coerceantur</strong></span> <span class='ocrx_word' id='word_1_161' title='bbox 1868 2300 2177 2381; x_wconf 87' lang='lat' dir='ltr'><strong>seditiosi,</strong></span> <span class='ocrx_word' id='word_1_162' title='bbox 2236 2322 2320 2367; x_wconf 84' lang='lat' dir='ltr'><strong>ex</strong></span> <span class='ocrx_word' id='word_1_163' title='bbox 2364 2300 2601 2367; x_wconf 87' lang='lat' dir='ltr'><strong>duum-</strong></span> 
     </span>
     <span class='ocr_line' id='line_1_24' title="bbox 656 2386 2601 2471; baseline -0.002 -15"><span class='ocrx_word' id='word_1_164' title='bbox 656 2390 951 2457; x_wconf 85' lang='lat' dir='ltr'><strong>virorum</strong></span> <span class='ocrx_word' id='word_1_165' title='bbox 1016 2386 1354 2452; x_wconf 84' lang='lat' dir='ltr'><strong>sententia.</strong></span> <span class='ocrx_word' id='word_1_166' title='bbox 1456 2386 1582 2451; x_wconf 85' lang='lat' dir='ltr'><strong>Est</strong></span> <span class='ocrx_word' id='word_1_167' title='bbox 1636 2394 1855 2451; x_wconf 90' lang='lat' dir='ltr'><strong>autem</strong></span> <span class='ocrx_word' id='word_1_168' title='bbox 1911 2386 2151 2454; x_wconf 86' lang='lat' dir='ltr'><strong>diserte</strong></span> <span class='ocrx_word' id='word_1_169' title='bbox 2206 2388 2601 2471; x_wconf 88' lang='lat' dir='ltr'><strong>imperatum</strong></span> 
     </span>
     <span class='ocr_line' id='line_1_25' title="bbox 657 2470 2601 2554; baseline -0.001 -14"><span class='ocrx_word' id='word_1_170' title='bbox 657 2481 734 2540; x_wconf 93' lang='lat' dir='ltr'><strong>ut</strong></span> <span class='ocrx_word' id='word_1_171' title='bbox 775 2479 1124 2539; x_wconf 88' lang='lat' dir='ltr'><strong>nocentum</strong></span> <span class='ocrx_word' id='word_1_172' title='bbox 1159 2470 1495 2554; x_wconf 87' lang='lat' dir='ltr'><strong>suppliciis</strong></span> <span class='ocrx_word' id='word_1_173' title='bbox 1527 2473 1821 2537; x_wconf 88' lang='lat' dir='ltr'><strong>contenti</strong></span> <span class='ocrx_word' id='word_1_174' title='bbox 1873 2473 2255 2540; x_wconf 89' lang='lat' dir='ltr'><strong>innocentes</strong></span> <span class='ocrx_word' id='word_1_175' title='bbox 2290 2481 2601 2539; x_wconf 87' lang='lat' dir='ltr'><strong>tueantur</strong></span> 
     </span>
     <span class='ocr_line' id='line_1_26' title="bbox 655 2556 2598 2642; baseline -0.001 -17"><span class='ocrx_word' id='word_1_176' title='bbox 655 2579 867 2642; x_wconf 87' lang='lat' dir='ltr'><strong>neque</strong></span> <span class='ocrx_word' id='word_1_177' title='bbox 923 2557 1166 2624; x_wconf 89' lang='lat' dir='ltr'><strong>nostris</strong></span> <span class='ocrx_word' id='word_1_178' title='bbox 1228 2556 1520 2624; x_wconf 83' lang='lat' dir='ltr'><strong>ecclesiis</strong></span> <span class='ocrx_word' id='word_1_179' title='bbox 1568 2557 1674 2624; x_wconf 84' lang='lat' dir='ltr'><strong>vel</strong></span> <span class='ocrx_word' id='word_1_180' title='bbox 1718 2557 2053 2623; x_wconf 81' lang='lat' dir='ltr'><strong>tantillum</strong></span> <span class='ocrx_word' id='word_1_181' title='bbox 2094 2557 2598 2638; x_wconf 88' lang='lat' dir='ltr'><strong>incommodent,</strong></span> 
     </span>
     <span class='ocr_line' id='line_1_27' title="bbox 656 2642 2601 2728; baseline 0.001 -18"><span class='ocrx_word' id='word_1_182' title='bbox 656 2645 790 2711; x_wconf 88' lang='lat' dir='ltr'><strong>imo</strong></span> <span class='ocrx_word' id='word_1_183' title='bbox 857 2642 1150 2728; x_wconf 84' lang='lat' dir='ltr'><strong>singulos</strong></span> <span class='ocrx_word' id='word_1_184' title='bbox 1212 2643 1636 2728; x_wconf 82' lang='lat' dir='ltr'><strong>magistratus</strong></span> <span class='ocrx_word' id='word_1_185' title='bbox 1698 2644 2057 2727; x_wconf 88' lang='lat' dir='ltr'><strong>oppidatim</strong></span> <span class='ocrx_word' id='word_1_186' title='bbox 2115 2654 2444 2725; x_wconf 90' lang='lat' dir='ltr'><strong>moneant,</strong></span> <span class='ocrx_word' id='word_1_187' title='bbox 2514 2665 2601 2711; x_wconf 92' lang='lat' dir='ltr'><strong>ne</strong></span> 
     </span>
     <span class='ocr_line' id='line_1_28' title="bbox 657 2725 2601 2813; baseline 0 -16"><span class='ocrx_word' id='word_1_188' title='bbox 657 2729 903 2797; x_wconf 88' lang='lat' dir='ltr'><strong>nostris</strong></span> <span class='ocrx_word' id='word_1_189' title='bbox 943 2729 1056 2812; x_wconf 86' lang='lat' dir='ltr'><strong>qui</strong></span> <span class='ocrx_word' id='word_1_190' title='bbox 1117 2725 1330 2813; x_wconf 83' lang='lat' dir='ltr'><strong>p&#39;acati</strong></span> <span class='ocrx_word' id='word_1_191' title='bbox 1383 2728 1633 2795; x_wconf 88' lang='lat' dir='ltr'><strong>fuerint</strong></span> <span class='ocrx_word' id='word_1_192' title='bbox 1683 2727 1818 2794; x_wconf 91' lang='lat' dir='ltr'><strong>ullo</strong></span> <span class='ocrx_word' id='word_1_193' title='bbox 1864 2727 2059 2796; x_wconf 92' lang='lat' dir='ltr'><strong>modo</strong></span> <span class='ocrx_word' id='word_1_194' title='bbox 2107 2737 2404 2797; x_wconf 89' lang='lat' dir='ltr'><strong>noceant.</strong></span> <span class='ocrx_word' id='word_1_195' title='bbox 2486 2729 2601 2796; x_wconf 89' lang='lat' dir='ltr'><strong>In·</strong></span> 
     </span>
     <span class='ocr_line' id='line_1_29' title="bbox 658 2813 2601 2900; baseline -0.001 -17"><span class='ocrx_word' id='word_1_196' title='bbox 658 2825 841 2883; x_wconf 88' lang='lat' dir='ltr'><strong>terea</strong></span> <span class='ocrx_word' id='word_1_197' title='bbox 869 2836 1027 2881; x_wconf 83' lang='lat' dir='ltr'><strong>vero</strong></span> <span class='ocrx_word' id='word_1_198' title='bbox 1057 2815 1215 2881; x_wconf 87' lang='lat' dir='ltr'><strong>dum</strong></span> <span class='ocrx_word' id='word_1_199' title='bbox 1255 2813 1367 2881; x_wconf 86' lang='lat' dir='ltr'><strong>isti</strong></span> <span class='ocrx_word' id='word_1_200' title='bbox 1412 2836 1482 2880; x_wconf 88' lang='lat' dir='ltr'><strong>se</strong></span> <span class='ocrx_word' id='word_1_201' title='bbox 1512 2822 1769 2898; x_wconf 89' lang='lat' dir='ltr'><strong>parant,</strong></span> <span class='ocrx_word' id='word_1_202' title='bbox 1812 2815 2038 2882; x_wconf 88' lang='lat' dir='ltr'><strong>literas</strong></span> <span class='ocrx_word' id='word_1_203' title='bbox 2069 2816 2221 2882; x_wconf 91' lang='lat' dir='ltr'><strong>misi</strong></span> <span class='ocrx_word' id='word_1_204' title='bbox 2254 2837 2452 2900; x_wconf 84' lang='lat' dir='ltr'><strong>quam</strong></span> <span class='ocrx_word' id='word_1_205' title='bbox 2494 2837 2601 2883; x_wconf 89' lang='lat' dir='ltr'><strong>ce-</strong></span> 
     </span>
     <span class='ocr_line' id='line_1_30' title="bbox 656 2900 2601 2984; baseline -0.001 -15"><span class='ocrx_word' id='word_1_206' title='bbox 656 2902 920 2969; x_wconf 89' lang='lat' dir='ltr'><strong>lerrime</strong></span> <span class='ocrx_word' id='word_1_207' title='bbox 962 2900 1045 2966; x_wconf 89' lang='lat' dir='ltr'><strong>ad</strong></span> <span class='ocrx_word' id='word_1_208' title='bbox 1088 2920 1315 2966; x_wconf 90' lang='lat' dir='ltr'><strong>omnes</strong></span> <span class='ocrx_word' id='word_1_209' title='bbox 1356 2900 1620 2968; x_wconf 87' lang='lat' dir='ltr'><strong>illarum</strong></span> <span class='ocrx_word' id='word_1_210' title='bbox 1661 2901 1949 2984; x_wconf 86' lang='lat' dir='ltr'><strong>partium</strong></span> <span class='ocrx_word' id='word_1_211' title='bbox 1994 2901 2300 2970; x_wconf 87' lang='lat' dir='ltr'><strong>eeclesias</strong></span> <span class='ocrx_word' id='word_1_212' title='bbox 2333 2911 2410 2967; x_wconf 90' lang='lat' dir='ltr'><strong>ut</strong></span> <span class='ocrx_word' id='word_1_213' title='bbox 2448 2901 2601 2969; x_wconf 92' lang='lat' dir='ltr'><strong>boni</strong></span> 
     </span>
     <span class='ocr_line' id='line_1_31' title="bbox 658 2986 2601 3071; baseline -0.002 -14"><span class='ocrx_word' id='word_1_214' title='bbox 658 3010 804 3057; x_wconf 91' lang='lat' dir='ltr'><strong>sese</strong></span> <span class='ocrx_word' id='word_1_215' title='bbox 847 3008 887 3054; x_wconf 87' lang='lat' dir='ltr'><strong>a</strong></span> <span class='ocrx_word' id='word_1_216' title='bbox 928 2986 1120 3053; x_wconf 88' lang='lat' dir='ltr'><strong>malis</strong></span> <span class='ocrx_word' id='word_1_217' title='bbox 1170 2987 1242 3053; x_wconf 92' lang='lat' dir='ltr'><strong>in</strong></span> <span class='ocrx_word' id='word_1_218' title='bbox 1296 2986 1427 3052; x_wconf 86' lang='lat' dir='ltr'><strong>ista</strong></span> <span class='ocrx_word' id='word_1_219' title='bbox 1479 3006 1676 3052; x_wconf 87' lang='lat' dir='ltr'><strong>causa</strong></span> <span class='ocrx_word' id='word_1_220' title='bbox 1731 2987 2100 3071; x_wconf 85' lang='lat' dir='ltr'><strong>seiungant,</strong></span> <span class='ocrx_word' id='word_1_221' title='bbox 2162 2995 2232 3054; x_wconf 91' lang='lat' dir='ltr'><strong>et</strong></span> <span class='ocrx_word' id='word_1_222' title='bbox 2286 2988 2601 3055; x_wconf 88' lang='lat' dir='ltr'><strong>innocen-</strong></span> 
     </span>
     <span class='ocr_line' id='line_1_32' title="bbox 658 3071 2600 3159; baseline -0.001 -19"><span class='ocrx_word' id='word_1_223' title='bbox 658 3075 823 3142; x_wconf 86' lang='lat' dir='ltr'><strong>tiam</strong></span> <span class='ocrx_word' id='word_1_224' title='bbox 880 3094 1067 3140; x_wconf 89' lang='lat' dir='ltr'><strong>suam</strong></span> <span class='ocrx_word' id='word_1_225' title='bbox 1118 3071 1442 3139; x_wconf 89' lang='lat' dir='ltr'><strong>iudicibus</strong></span> <span class='ocrx_word' id='word_1_226' title='bbox 1484 3071 1780 3156; x_wconf 89' lang='lat' dir='ltr'><strong>probent.</strong></span> <span class='ocrx_word' id='word_1_227' title='bbox 1869 3071 2194 3141; x_wconf 56' lang='lat' dir='ltr'><strong>&amp;arsatius</strong></span> <span class='ocrx_word' id='word_1_228' title='bbox 2221 3074 2305 3159; x_wconf 80' lang='grc'><strong>18)</strong></span> <span class='ocrx_word' id='word_1_229' title='bbox 2348 3094 2600 3157; x_wconf 86' lang='lat' dir='ltr'><strong>quoque</strong></span> 
     </span>
     <span class='ocr_line' id='line_1_33' title="bbox 660 3157 2601 3244; baseline 0.001 -19"><span class='ocrx_word' id='word_1_230' title='bbox 660 3159 744 3225; x_wconf 86' lang='lat' dir='ltr'><strong>ad</strong></span> <span class='ocrx_word' id='word_1_231' title='bbox 786 3157 1289 3244; x_wconf 86' lang='lat' dir='ltr'><strong>Lugdunenses,</strong></span> <span class='ocrx_word' id='word_1_232' title='bbox 1332 3157 1783 3242; x_wconf 86' lang='lat' dir='ltr'><strong>Delphinates,</strong></span> <span class='ocrx_word' id='word_1_233' title='bbox 1827 3159 2292 3240; x_wconf 84' lang='lat' dir='ltr'><strong>Provinciales,</strong></span> <span class='ocrx_word' id='word_1_234' title='bbox 2339 3158 2601 3226; x_wconf 89' lang='lat' dir='ltr'><strong>Occita-</strong></span> 
     </span>
     <span class='ocr_line' id='line_1_34' title="bbox 659 3242 2603 3330; baseline -0.001 -18"><span class='ocrx_word' id='word_1_235' title='bbox 659 3266 782 3312; x_wconf 92' lang='lat' dir='ltr'><strong>nos</strong></span> <span class='ocrx_word' id='word_1_236' title='bbox 829 3242 1108 3328; x_wconf 84' lang='lat' dir='ltr'><strong>denique</strong></span> <span class='ocrx_word' id='word_1_237' title='bbox 1162 3265 1312 3310; x_wconf 90' lang='lat' dir='ltr'><strong>cum</strong></span> <span class='ocrx_word' id='word_1_238' title='bbox 1356 3242 1695 3310; x_wconf 85' lang='lat' dir='ltr'><strong>duodecim</strong></span> <span class='ocrx_word' id='word_1_239' title='bbox 1731 3246 2023 3329; x_wconf 90' lang='lat' dir='ltr'><strong>equitum</strong></span> <span class='ocrx_word' id='word_1_240' title='bbox 2066 3244 2272 3330; x_wconf 86' lang='lat' dir='ltr'><strong>siguis</strong></span> <span class='ocrx_word' id='word_1_241' title='bbox 2313 3246 2603 3311; x_wconf 87' lang='lat' dir='ltr'><strong>mittitur</strong></span> 
     </span>
     <span class='ocr_line' id='line_1_35' title="bbox 658 3329 2601 3432; baseline -0.001 -34"><span class='ocrx_word' id='word_1_242' title='bbox 658 3329 895 3398; x_wconf 85' lang='lat' dir='ltr'><strong>iisdem</strong></span> <span class='ocrx_word' id='word_1_243' title='bbox 936 3329 1017 3395; x_wconf 88' lang='lat' dir='ltr'><strong>de</strong></span> <span class='ocrx_word' id='word_1_244' title='bbox 1058 3330 1292 3410; x_wconf 90' lang='lat' dir='ltr'><strong>causis,</strong></span> <span class='ocrx_word' id='word_1_245' title='bbox 1350 3338 1418 3396; x_wconf 89' lang='lat' dir='ltr'><strong>et</strong></span> <span class='ocrx_word' id='word_1_246' title='bbox 1458 3337 1740 3429; x_wconf 79' lang='lat' dir='ltr'><strong>quatuor</strong></span> <span class='ocrx_word' id='word_1_247' title='bbox 1771 3331 2186 3432; x_wconf 64' lang='lat' dir='ltr'><strong>inquisitores</strong></span> <span class='ocrx_word' id='word_1_248' title='bbox 2226 3330 2324 3397; x_wconf 88' lang='lat' dir='ltr'><strong>illi</strong></span> <span class='ocrx_word' id='word_1_249' title='bbox 2368 3330 2601 3397; x_wconf 86' lang='lat' dir='ltr'><strong>adiun-</strong></span> 
     </span>
     <span class='ocr_line' id='line_1_36' title="bbox 660 3414 2605 3602; baseline 0 -33"><span class='ocrx_word' id='word_1_250' title='bbox 660 3414 1417 3586; x_wconf 51' lang='lat' dir='ltr'><strong>ssstssz..ff⁶3.sz³¹.z.</strong></span> <span class='ocrx_word' id='word_1_251' title='bbox 1426 3416 2605 3602; x_wconf 47' lang='lat' dir='ltr'><strong>{tussiazzimhssgssffsffiffi</strong></span> 
     </span>
     <span class='ocr_line' id='line_1_37' title="bbox 661 3594 2605 3673; baseline -0.001 -16"><span class='ocrx_word' id='word_1_252' title='bbox 661 3597 823 3657; x_wconf 89' lang='lat' dir='ltr'><strong>sunt</strong></span> <span class='ocrx_word' id='word_1_253' title='bbox 876 3608 1120 3666; x_wconf 91' lang='lat' dir='ltr'><strong>omnes,</strong></span> <span class='ocrx_word' id='word_1_254' title='bbox 1175 3606 1406 3673; x_wconf 89' lang='lat' dir='ltr'><strong>neque,</strong></span> <span class='ocrx_word' id='word_1_255' title='bbox 1460 3594 1539 3653; x_wconf 90' lang='lat' dir='ltr'><strong>ut</strong></span> <span class='ocrx_word' id='word_1_256' title='bbox 1591 3607 1800 3671; x_wconf 90' lang='lat' dir='ltr'><strong>spero,</strong></span> <span class='ocrx_word' id='word_1_257' title='bbox 1858 3597 2408 3672; x_wconf 77' lang='lat' dir='ltr'><strong>exspectationem</strong></span> <span class='ocrx_word' id='word_1_258' title='bbox 2452 3610 2605 3656; x_wconf 89' lang='lat' dir='ltr'><strong>nos-</strong></span> 
     </span>
     <span class='ocr_line' id='line_1_38' title="bbox 661 3672 2610 3759; baseline -0.001 -18"><span class='ocrx_word' id='word_1_259' title='bbox 661 3682 836 3741; x_wconf 84' lang='lat' dir='ltr'><strong>tram</strong></span> <span class='ocrx_word' id='word_1_260' title='bbox 877 3672 1125 3739; x_wconf 79' lang='lat' dir='ltr'><strong>fallent.</strong></span> <span class='ocrx_word' id='word_1_261' title='bbox 1191 3673 1545 3739; x_wconf 87' lang='lat' dir='ltr'><strong>Praeterea</strong></span> <span class='ocrx_word' id='word_1_262' title='bbox 1586 3673 1786 3740; x_wconf 85' lang='lat' dir='ltr'><strong>etiam</strong></span> <span class='ocrx_word' id='word_1_263' title='bbox 1838 3673 2262 3740; x_wconf 84' lang='lat' dir='ltr'><strong>vehementer</strong></span> <span class='ocrx_word' id='word_1_264' title='bbox 2316 3674 2610 3759; x_wconf 90' lang='lat' dir='ltr'><strong>proderit</strong></span> 
     </span>
     <span class='ocr_line' id='line_1_39' title="bbox 660 3756 2605 3843; baseline 0.001 -17"><span class='ocrx_word' id='word_1_265' title='bbox 660 3759 787 3826; x_wconf 88' lang='lat' dir='ltr'><strong>iste</strong></span> <span class='ocrx_word' id='word_1_266' title='bbox 828 3760 1120 3843; x_wconf 84' lang='lat' dir='ltr'><strong>equitum</strong></span> <span class='ocrx_word' id='word_1_267' title='bbox 1164 3756 1451 3825; x_wconf 88' lang='lat' dir='ltr'><strong>delectus</strong></span> <span class='ocrx_word' id='word_1_268' title='bbox 1491 3758 1576 3824; x_wconf 88' lang='lat' dir='ltr'><strong>ad</strong></span> <span class='ocrx_word' id='word_1_269' title='bbox 1607 3758 2023 3842; x_wconf 89' lang='lat' dir='ltr'><strong>impedienda</strong></span> <span class='ocrx_word' id='word_1_270' title='bbox 2055 3780 2281 3827; x_wconf 89' lang='lat' dir='ltr'><strong>eorum</strong></span> <span class='ocrx_word' id='word_1_271' title='bbox 2314 3761 2605 3842; x_wconf 85' lang='lat' dir='ltr'><strong>consilia,</strong></span> 
     </span>
     <span class='ocr_line' id='line_1_40' title="bbox 662 3842 2606 3931; baseline 0.001 -19"><span class='ocrx_word' id='word_1_272' title='bbox 662 3847 776 3930; x_wconf 87' lang='lat' dir='ltr'><strong>qui</strong></span> <span class='ocrx_word' id='word_1_273' title='bbox 808 3845 916 3912; x_wconf 84' lang='lat' dir='ltr'><strong>vel</strong></span> <span class='ocrx_word' id='word_1_274' title='bbox 958 3844 1135 3910; x_wconf 89' lang='lat' dir='ltr'><strong>domi</strong></span> <span class='ocrx_word' id='word_1_275' title='bbox 1177 3843 1286 3909; x_wconf 82' lang='lat' dir='ltr'><strong>vel</strong></span> <span class='ocrx_word' id='word_1_276' title='bbox 1328 3844 1484 3909; x_wconf 85' lang='lat' dir='ltr'><strong>foris</strong></span> <span class='ocrx_word' id='word_1_277' title='bbox 1525 3842 1843 3911; x_wconf 86' lang='lat' dir='ltr'><strong>adversus</strong></span> <span class='ocrx_word' id='word_1_278' title='bbox 1883 3844 2079 3912; x_wconf 89' lang='lat' dir='ltr'><strong>huius</strong></span> <span class='ocrx_word' id='word_1_279' title='bbox 2122 3847 2311 3931; x_wconf 91' lang='lat' dir='ltr'><strong>regni</strong></span> <span class='ocrx_word' id='word_1_280' title='bbox 2361 3855 2606 3914; x_wconf 89' lang='lat' dir='ltr'><strong>statum</strong></span> 
     </span>
     <span class='ocr_line' id='line_1_41' title="bbox 664 3930 2607 4016; baseline 0 -17"><span class='ocrx_word' id='word_1_281' title='bbox 664 3932 1115 4008; x_wconf 89' lang='lat' dir='ltr'><strong>coniurarunt,</strong></span> <span class='ocrx_word' id='word_1_282' title='bbox 1193 3930 1502 4012; x_wconf 92' lang='lat' dir='ltr'><strong>quoniam</strong></span> <span class='ocrx_word' id='word_1_283' title='bbox 1578 3930 1725 3995; x_wconf 91' lang='lat' dir='ltr'><strong>fieri</strong></span> <span class='ocrx_word' id='word_1_284' title='bbox 1799 3931 1919 3997; x_wconf 82' lang='lat' dir='ltr'><strong>vix</strong></span> <span class='ocrx_word' id='word_1_285' title='bbox 1992 3934 2231 4016; x_wconf 90' lang='lat' dir='ltr'><strong>poterit</strong></span> <span class='ocrx_word' id='word_1_286' title='bbox 2294 3940 2372 3998; x_wconf 87' lang='lat' dir='ltr'><strong>nt</strong></span> <span class='ocrx_word' id='word_1_287' title='bbox 2435 3932 2607 4000; x_wconf 89' lang='lat' dir='ltr'><strong>clam</strong></span> 
     </span>
     <span class='ocr_line' id='line_1_42' title="bbox 664 4015 2606 4101; baseline -0.001 -16"><span class='ocrx_word' id='word_1_288' title='bbox 664 4036 1039 4101; x_wconf 90' lang='lat' dir='ltr'><strong>comparare</strong></span> <span class='ocrx_word' id='word_1_289' title='bbox 1081 4016 1335 4098; x_wconf 89' lang='lat' dir='ltr'><strong>possint</strong></span> <span class='ocrx_word' id='word_1_290' title='bbox 1377 4015 1610 4099; x_wconf 88' lang='lat' dir='ltr'><strong>copias,</strong></span> <span class='ocrx_word' id='word_1_291' title='bbox 1649 4036 1813 4099; x_wconf 86' lang='lat' dir='ltr'><strong>quae</strong></span> <span class='ocrx_word' id='word_1_292' title='bbox 1855 4019 2099 4084; x_wconf 89' lang='lat' dir='ltr'><strong>nostris</strong></span> <span class='ocrx_word' id='word_1_293' title='bbox 2142 4019 2273 4083; x_wconf 90' lang='lat' dir='ltr'><strong>iam</strong></span> <span class='ocrx_word' id='word_1_294' title='bbox 2316 4018 2606 4085; x_wconf 87' lang='lat' dir='ltr'><strong>instruc-</strong></span> 
     </span>
     <span class='ocr_line' id='line_1_43' title="bbox 663 4099 2607 4186; baseline 0.002 -18"><span class='ocrx_word' id='word_1_295' title='bbox 663 4103 752 4169; x_wconf 92' lang='lat' dir='ltr'><strong>tis</strong></span> <span class='ocrx_word' id='word_1_296' title='bbox 794 4109 1228 4186; x_wconf 86' lang='lat' dir='ltr'><strong>opponantur.</strong></span> <span class='ocrx_word' id='word_1_297' title='bbox 1316 4099 1508 4182; x_wconf 75' lang='lat' dir='ltr'><strong>Quod</strong></span> <span class='ocrx_word' id='word_1_298' title='bbox 1552 4100 1609 4167; x_wconf 92' lang='lat' dir='ltr'><strong>si</strong></span> <span class='ocrx_word' id='word_1_299' title='bbox 1654 4113 1878 4186; x_wconf 86' lang='lat' dir='ltr'><strong>aperte</strong></span> <span class='ocrx_word' id='word_1_300' title='bbox 1923 4123 2042 4169; x_wconf 90' lang='lat' dir='ltr'><strong>nos</strong></span> <span class='ocrx_word' id='word_1_301' title='bbox 2085 4103 2483 4185; x_wconf 86' lang='lat' dir='ltr'><strong>adoriantur,</strong></span> <span class='ocrx_word' id='word_1_302' title='bbox 2529 4124 2607 4171; x_wconf 93' lang='lat' dir='ltr'><strong>eo</strong></span> 
     </span>
     <span class='ocr_line' id='line_1_44' title="bbox 664 4186 2608 4275; baseline 0.002 -22"><span class='ocrx_word' id='word_1_303' title='bbox 664 4188 1021 4271; x_wconf 88' lang='lat' dir='ltr'><strong>paratiores</strong></span> <span class='ocrx_word' id='word_1_304' title='bbox 1063 4187 1308 4254; x_wconf 88' lang='lat' dir='ltr'><strong>erimus</strong></span> <span class='ocrx_word' id='word_1_305' title='bbox 1349 4186 1482 4254; x_wconf 86' lang='lat' dir='ltr'><strong>illis</strong></span> <span class='ocrx_word' id='word_1_306' title='bbox 1527 4187 1950 4271; x_wconf 85' lang='lat' dir='ltr'><strong>excipiendis,</strong></span> <span class='ocrx_word' id='word_1_307' title='bbox 2007 4189 2441 4275; x_wconf 86' lang='lat' dir='ltr'><strong>undecunque</strong></span> <span class='ocrx_word' id='word_1_308' title='bbox 2482 4191 2608 4256; x_wconf 91' lang='lat' dir='ltr'><strong>im-</strong></span> 
     </span>
     <span class='ocr_line' id='line_1_45' title="bbox 662 4271 2609 4359; baseline 0.002 -20"><span class='ocrx_word' id='word_1_309' title='bbox 662 4287 893 4356; x_wconf 88' lang='lat' dir='ltr'><strong>petum</strong></span> <span class='ocrx_word' id='word_1_310' title='bbox 944 4271 1236 4339; x_wconf 88' lang='lat' dir='ltr'><strong>fecerint.</strong></span> <span class='ocrx_word' id='word_1_311' title='bbox 1336 4271 1472 4339; x_wconf 84' lang='lat' dir='ltr'><strong>Sed</strong></span> <span class='ocrx_word' id='word_1_312' title='bbox 1524 4273 1654 4340; x_wconf 88' lang='lat' dir='ltr'><strong>ista</strong></span> <span class='ocrx_word' id='word_1_313' title='bbox 1705 4274 1955 4339; x_wconf 89' lang='lat' dir='ltr'><strong>utinam</strong></span> <span class='ocrx_word' id='word_1_314' title='bbox 2010 4276 2224 4359; x_wconf 89' lang='lat' dir='ltr'><strong>potius</strong></span> <span class='ocrx_word' id='word_1_315' title='bbox 2280 4276 2609 4343; x_wconf 87' lang='lat' dir='ltr'><strong>Dominus</strong></span> 
     </span>
     <span class='ocr_line' id='line_1_46' title="bbox 664 4358 2608 4443; baseline 0.003 -19"><span class='ocrx_word' id='word_1_316' title='bbox 664 4358 851 4425; x_wconf 89' lang='lat' dir='ltr'><strong>Deus</strong></span> <span class='ocrx_word' id='word_1_317' title='bbox 893 4366 1164 4424; x_wconf 84' lang='lat' dir='ltr'><strong>avertat.</strong></span> <span class='ocrx_word' id='word_1_318' title='bbox 1237 4360 1526 4425; x_wconf 72' lang='lat' dir='ltr'><strong>Tantum</strong></span> <span class='ocrx_word' id='word_1_319' title='bbox 1566 4368 1788 4426; x_wconf 90' lang='lat' dir='ltr'><strong>metuo</strong></span> <span class='ocrx_word' id='word_1_320' title='bbox 1831 4359 2238 4443; x_wconf 86' lang='lat' dir='ltr'><strong>quorundam</strong></span> <span class='ocrx_word' id='word_1_321' title='bbox 2272 4362 2608 4429; x_wconf 88' lang='lat' dir='ltr'><strong>temerita-</strong></span> 
     </span>
    </p>
   </div>
   <div class='ocr_carea' id='block_1_4' title="bbox 668 4564 1077 4577">
    <p class='ocr_par' dir='ltr' id='par_1_4' title="bbox 668 4564 1077 4577">
     <span class='ocr_line' id='line_1_47' title="bbox 668 4564 1077 4577; baseline 0 0"><span class='ocrx_word' id='word_1_322' title='bbox 668 4564 1077 4577; x_wconf 95' lang='lat' dir='ltr'><strong> </strong></span> 
     </span>
    </p>
   </div>
   <div class='ocr_carea' id='block_1_5' title="bbox 663 4699 2609 5389">
    <p class='ocr_par' dir='ltr' id='par_1_5' title="bbox 663 4699 2609 5389">
     <span class='ocr_line' id='line_1_48' title="bbox 844 4699 2605 4824; baseline 0.002 -71"><span class='ocrx_word' id='word_1_323' title='bbox 844 4699 934 4768; x_wconf 87' lang='grc'><strong>16)</strong></span> <span class='ocrx_word' id='word_1_324' title='bbox 967 4700 1298 4781; x_wconf 76' lang='lat' dir='ltr'><strong>praefectum</strong></span> <span class='ocrx_word' id='word_1_325' title='bbox 1348 4701 1640 4756; x_wconf 88' lang='lat' dir='ltr'><strong>satellitum</strong></span> <span class='ocrx_word' id='word_1_326' title='bbox 1685 4701 1826 4824; x_wconf 51' lang='lat' dir='ltr'><strong>reffii⁸</strong></span> <span class='ocrx_word' id='word_1_327' title='bbox 1857 4702 2117 4771; x_wconf 85' lang='lat' dir='ltr'><strong>eorporis,</strong></span> <span class='ocrx_word' id='word_1_328' title='bbox 2152 4702 2424 4757; x_wconf 85' lang='lat' dir='ltr'><strong>hominem</strong></span> <span class='ocrx_word' id='word_1_329' title='bbox 2459 4721 2605 4773; x_wconf 81' lang='lat' dir='ltr'><strong>mag-</strong></span> 
     </span>
     <span class='ocr_line' id='line_1_49' title="bbox 668 4767 2605 4849; baseline 0.001 -23"><span class='ocrx_word' id='word_1_330' title='bbox 668 4787 772 4826; x_wconf 83' lang='lat' dir='ltr'><strong>nae</strong></span> <span class='ocrx_word' id='word_1_331' title='bbox 817 4773 1125 4823; x_wconf 76' lang='lat' dir='ltr'><strong>autoritatis</strong></span> <span class='ocrx_word' id='word_1_332' title='bbox 1166 4767 1448 4849; x_wconf 69' lang='lat' dir='ltr'><strong>(Lanquet</strong></span> <span class='ocrx_word' id='word_1_333' title='bbox 1492 4769 1535 4824; x_wconf 92' lang='lat'><strong>1.</strong></span> <span class='ocrx_word' id='word_1_334' title='bbox 1586 4767 1701 4823; x_wconf 77' lang='lat'><strong>185.</strong></span> <span class='ocrx_word' id='word_1_335' title='bbox 1800 4774 1887 4825; x_wconf 69' lang='lat' dir='ltr'><strong>tet.</strong></span> <span class='ocrx_word' id='word_1_336' title='bbox 1925 4770 2045 4826; x_wconf 78' lang='lat' dir='ltr'><strong>cccl.</strong></span> <span class='ocrx_word' id='word_1_337' title='bbox 2082 4771 2124 4824; x_wconf 92' lang='lat'><strong>1.</strong></span> <span class='ocrx_word' id='word_1_338' title='bbox 2156 4770 2303 4840; x_wconf 79' lang='lat'><strong>800).</strong></span> <span class='ocrx_word' id='word_1_339' title='bbox 2373 4770 2605 4827; x_wconf 73' lang='lat' dir='ltr'><strong>Dudum</strong></span> 
     </span>
     <span class='ocr_line' id='line_1_50' title="bbox 663 4836 2606 4921; baseline 0.002 -29"><span class='ocrx_word' id='word_1_340' title='bbox 663 4840 785 4910; x_wconf 70' lang='lat' dir='ltr'><strong>piis</strong></span> <span class='ocrx_word' id='word_1_341' title='bbox 835 4836 1086 4921; x_wconf 63' lang='lat' dir='ltr'><strong>iuream</strong></span> <span class='ocrx_word' id='word_1_342' title='bbox 1135 4837 1428 4919; x_wconf 60' lang='lat' dir='ltr'><strong>diaconum</strong></span> <span class='ocrx_word' id='word_1_343' title='bbox 1616 4909 1626 4920; x_wconf 41' lang='grc' dir='ltr'>Ι</span> <span class='ocrx_word' id='word_1_344' title='bbox 1692 4854 1773 4920; x_wconf 47' lang='lat' dir='ltr'><strong>m·</strong></span> <span class='ocrx_word' id='word_1_345' title='bbox 1796 4854 1833 4894; x_wconf 82' lang='lat' dir='ltr'><strong>a</strong></span> <span class='ocrx_word' id='word_1_346' title='bbox 1889 4842 2146 4894; x_wconf 75' lang='lat' dir='ltr'><strong>concione</strong></span> <span class='ocrx_word' id='word_1_347' title='bbox 2193 4841 2502 4898; x_wconf 72' lang='grc' dir='ltr'><strong>νεᾱοιιοιίοηι</strong></span> <span class='ocrx_word' id='word_1_348' title='bbox 2554 4846 2606 4921; x_wconf 67' lang='lat' dir='ltr'><strong>qt</strong></span> 
     </span>
     <span class='ocr_line' id='line_1_51' title="bbox 671 4905 2609 4990; baseline 0 -25"><span class='ocrx_word' id='word_1_349' title='bbox 671 4923 807 4966; x_wconf 68' lang='lat' dir='ltr'><strong>casu</strong></span> <span class='ocrx_word' id='word_1_350' title='bbox 854 4907 1067 4961; x_wconf 64' lang='lat' dir='ltr'><strong>obvim</strong></span> <span class='ocrx_word' id='word_1_351' title='bbox 1120 4905 1414 4987; x_wconf 37' lang='lat' dir='ltr'><strong>occi-cierat..</strong></span> <span class='ocrx_word' id='word_1_352' title='bbox 1543 4913 1677 4962; x_wconf 64' lang='lat' dir='ltr'><strong>aum</strong></span> <span class='ocrx_word' id='word_1_353' title='bbox 1720 4923 1839 4963; x_wconf 70' lang='lat' dir='ltr'><strong>esua</strong></span> <span class='ocrx_word' id='word_1_354' title='bbox 1862 4909 2145 4990; x_wconf 37' lang='lat' dir='ltr'><strong>‘castellum</strong></span> <span class='ocrx_word' id='word_1_355' title='bbox 2178 4911 2448 4965; x_wconf 68' lang='lat' dir='ltr'><strong>obsessum</strong></span> <span class='ocrx_word' id='word_1_356' title='bbox 2492 4909 2609 4975; x_wconf 65' lang='lat' dir='ltr'><strong>fust</strong></span> 
     </span>
     <span class='ocr_line' id='line_1_52' title="bbox 667 4977 2602 5102; baseline 0.003 -75"><span class='ocrx_word' id='word_1_357' title='bbox 667 4983 1045 5102; x_wconf 41' lang='lat' dir='ltr'><strong>egaeas-W</strong></span> <span class='ocrx_word' id='word_1_358' title='bbox 969 5083 981 5097; x_wconf 34' lang='grc' dir='ltr'>ι</span> <span class='ocrx_word' id='word_1_359' title='bbox 1017 4989 1152 5097; x_wconf 41' lang='grc' dir='ltr'><strong>ὥς..</strong></span> <span class='ocrx_word' id='word_1_360' title='bbox 1216 4989 1333 5043; x_wconf 65' lang='grc' dir='ltr'><strong>ψει</strong></span> <span class='ocrx_word' id='word_1_361' title='bbox 1391 4990 1453 5030; x_wconf 80' lang='lat' dir='ltr'><strong>m</strong></span> <span class='ocrx_word' id='word_1_362' title='bbox 1509 4977 1788 5033; x_wconf 62' lang='lat' dir='ltr'><strong>moenibus</strong></span> <span class='ocrx_word' id='word_1_363' title='bbox 1848 4978 2164 5046; x_wconf 66' lang='lat' dir='ltr'><strong>anterfcctue&#39;</strong></span> <span class='ocrx_word' id='word_1_364' title='bbox 2227 4979 2280 5033; x_wconf 79' lang='lat' dir='ltr'><strong>d.</strong></span> <span class='ocrx_word' id='word_1_365' title='bbox 2330 4977 2416 5032; x_wconf 79' lang='lat'><strong>22.</strong></span> <span class='ocrx_word' id='word_1_366' title='bbox 2470 4978 2602 5035; x_wconf 81' lang='lat' dir='ltr'><strong>Nov.</strong></span> 
     </span>
     <span class='ocr_line' id='line_1_53' title="bbox 665 5043 2605 5238; baseline 0.002 -71"><span class='ocrx_word' id='word_1_367' title='bbox 665 5048 711 5238; x_wconf 52' lang='lat' dir='ltr'><strong>{i</strong></span> <span class='ocrx_word' id='word_1_368' title='bbox 839 5111 1102 5236; x_wconf 46' lang='lat' dir='ltr'><strong>Uztlgff.</strong></span> <span class='ocrx_word' id='word_1_369' title='bbox 1117 5043 1443 5236; x_wconf 33' lang='lat' dir='ltr'><strong>&amp;agaim</strong></span> <span class='ocrx_word' id='word_1_370' title='bbox 1454 5113 1732 5238; x_wconf 54' lang='lat' dir='ltr'><em>w</em></span> <span class='ocrx_word' id='word_1_371' title='bbox 1763 5112 1842 5169; x_wconf 76' lang='lat' dir='ltr'><strong>du</strong></span> <span class='ocrx_word' id='word_1_372' title='bbox 1870 5114 2054 5184; x_wconf 61' lang='lat' dir='ltr'><strong>grand</strong></span> <span class='ocrx_word' id='word_1_373' title='bbox 2086 5115 2288 5172; x_wconf 70' lang='lat' dir='ltr'><strong>eoaeei‘l</strong></span> <span class='ocrx_word' id='word_1_374' title='bbox 2318 5121 2371 5173; x_wconf 77' lang='lat' dir='ltr'><strong>et</strong></span> <span class='ocrx_word' id='word_1_375' title='bbox 2391 5115 2605 5172; x_wconf 59' lang='lat' dir='ltr'><strong>Gir-ard</strong></span> 
     </span>
     <span class='ocr_line' id='line_1_54' title="bbox 669 5249 2604 5389; baseline 0.005 -87"><span class='ocrx_word' id='word_1_376' title='bbox 669 5319 791 5379; x_wconf 58' lang='grc' dir='ltr'><strong>ωσι</strong></span> <span class='ocrx_word' id='word_1_377' title='bbox 824 5249 1123 5389; x_wconf 42' lang='grc' dir='ltr'><strong>Ῑῗδέἓοίιιι.</strong></span> <span class='ocrx_word' id='word_1_378' title='bbox 1166 5249 1357 5305; x_wconf 89' lang='lat' dir='ltr'><strong>Oomte</strong></span> <span class='ocrx_word' id='word_1_379' title='bbox 1402 5251 1471 5307; x_wconf 88' lang='lat' dir='ltr'><strong>de</strong></span> <span class='ocrx_word' id='word_1_380' title='bbox 1517 5251 1754 5314; x_wconf 84' lang='lat' dir='ltr'><strong>Crassol,</strong></span> <span class='ocrx_word' id='word_1_381' title='bbox 1797 5251 1883 5306; x_wconf 68' lang='grc' dir='ltr'><strong>δι’.</strong></span> <span class='ocrx_word' id='word_1_382' title='bbox 1927 5253 1997 5306; x_wconf 87' lang='lat' dir='ltr'><strong>de</strong></span> <span class='ocrx_word' id='word_1_383' title='bbox 2043 5252 2377 5309; x_wconf 85' lang='lat' dir='ltr'><strong>Beaudisner</strong></span> <span class='ocrx_word' id='word_1_384' title='bbox 2428 5254 2604 5322; x_wconf 66' lang='lat' dir='ltr'><strong>(Hinc.</strong></span> 
     </span>
    </p>
   </div>
   <div class='ocr_carea' id='block_1_6' title="bbox 2153 396 3166 466">
    <p class='ocr_par' dir='ltr' id='par_1_6' title="bbox 2153 396 3166 466">
     <span class='ocr_line' id='line_1_55' title="bbox 2153 396 3166 466; baseline 0.002 -4"><span class='ocrx_word' id='word_1_385' title='bbox 2153 396 2680 466; x_wconf 72' lang='lat' dir='ltr'>EPISTOLAE</span> <span class='ocrx_word' id='word_1_386' title='bbox 2738 402 3166 465; x_wconf 81' lang='lat'>3642—3645</span> 
     </span>
    </p>
   </div>
   <div class='ocr_carea' id='block_1_7' title="bbox 2648 587 2667 5361">
    <p class='ocr_par' dir='ltr' id='par_1_7' title="bbox 2648 587 2667 5361">
     <span class='ocr_line' id='line_1_56' title="bbox 2648 587 2667 5361; baseline 0 0"><span class='ocrx_word' id='word_1_387' title='bbox 2648 587 2667 5361; x_wconf 95' lang='lat' dir='ltr'><strong> </strong></span> 
     </span>
    </p>
   </div>
   <div class='ocr_carea' id='block_1_8' title="bbox 4518 404 4624 465">
    <p class='ocr_par' dir='ltr' id='par_1_8' title="bbox 4518 404 4624 465">
     <span class='ocr_line' id='line_1_57' title="bbox 4518 404 4624 465; baseline 0.019 -2"><span class='ocrx_word' id='word_1_388' title='bbox 4518 404 4624 465; x_wconf 86' lang='lat'><strong>160</strong></span> 
     </span>
    </p>
   </div>
   <div class='ocr_carea' id='block_1_9' title="bbox 2699 586 4635 1619">
    <p class='ocr_par' dir='ltr' id='par_1_9' title="bbox 2699 586 4626 741">
     <span class='ocr_line' id='line_1_58' title="bbox 2699 586 4626 672; baseline 0.003 -18"><span class='ocrx_word' id='word_1_389' title='bbox 2699 593 2836 654; x_wconf 91' lang='lat' dir='ltr'><strong>tem</strong></span> <span class='ocrx_word' id='word_1_390' title='bbox 2892 596 2961 654; x_wconf 88' lang='lat' dir='ltr'><strong>et</strong></span> <span class='ocrx_word' id='word_1_391' title='bbox 3013 588 3496 672; x_wconf 88' lang='lat' dir='ltr'><strong>impatientiam</strong></span> <span class='ocrx_word' id='word_1_392' title='bbox 3554 587 3665 671; x_wconf 84' lang='lat' dir='ltr'><strong>qui</strong></span> <span class='ocrx_word' id='word_1_393' title='bbox 3723 586 3977 656; x_wconf 88' lang='lat' dir='ltr'><strong>utinam</strong></span> <span class='ocrx_word' id='word_1_394' title='bbox 4019 589 4254 657; x_wconf 85' lang='lat' dir='ltr'><strong>saltem</strong></span> <span class='ocrx_word' id='word_1_395' title='bbox 4317 588 4445 656; x_wconf 91' lang='lat' dir='ltr'><strong>sibi</strong></span> <span class='ocrx_word' id='word_1_396' title='bbox 4485 590 4626 659; x_wconf 79' lang='lat' dir='ltr'><strong>solis</strong></span> 
     </span>
     <span class='ocr_line' id='line_1_59' title="bbox 2699 680 3026 741; baseline -0.006 0"><span class='ocrx_word' id='word_1_397' title='bbox 2699 680 3026 741; x_wconf 89' lang='lat' dir='ltr'><strong>nocerent.</strong></span> 
     </span>
    </p>

    <p class='ocr_par' dir='ltr' id='par_1_10' title="bbox 2701 757 4635 1619">
     <span class='ocr_line' id='line_1_60' title="bbox 2869 757 4625 844; baseline 0.002 -19"><span class='ocrx_word' id='word_1_398' title='bbox 2869 759 2976 825; x_wconf 94' lang='lat' dir='ltr'><strong>De</strong></span> <span class='ocrx_word' id='word_1_399' title='bbox 3039 758 3313 827; x_wconf 87' lang='lat' dir='ltr'><strong>concilio</strong></span> <span class='ocrx_word' id='word_1_400' title='bbox 3378 759 3763 827; x_wconf 71' lang='lat' dir='ltr'><strong>Tridentino</strong></span> <span class='ocrx_word' id='word_1_401' title='bbox 3827 757 4047 825; x_wconf 88' lang='lat' dir='ltr'><strong>nescio</strong></span> <span class='ocrx_word' id='word_1_402' title='bbox 4110 758 4265 843; x_wconf 84' lang='lat' dir='ltr'><strong>quid</strong></span> <span class='ocrx_word' id='word_1_403' title='bbox 4333 761 4625 844; x_wconf 85' lang='lat' dir='ltr'><strong>agitatur,</strong></span> 
     </span>
     <span class='ocr_line' id='line_1_61' title="bbox 2701 844 4628 931; baseline 0.002 -20"><span class='ocrx_word' id='word_1_404' title='bbox 2701 844 2874 930; x_wconf 90' lang='lat' dir='ltr'><strong>quod</strong></span> <span class='ocrx_word' id='word_1_405' title='bbox 2915 852 3259 930; x_wconf 86' lang='lat' dir='ltr'><strong>postquam</strong></span> <span class='ocrx_word' id='word_1_406' title='bbox 3301 866 3667 931; x_wconf 83' lang='lat' dir='ltr'><strong>cognovero</strong></span> <span class='ocrx_word' id='word_1_407' title='bbox 3710 853 4011 914; x_wconf 87' lang='lat' dir='ltr'><strong>accurate</strong></span> <span class='ocrx_word' id='word_1_408' title='bbox 4052 845 4348 911; x_wconf 88' lang='lat' dir='ltr'><strong>scribam.</strong></span> <span class='ocrx_word' id='word_1_409' title='bbox 4438 845 4628 915; x_wconf 83' lang='lat' dir='ltr'><strong>Vides</strong></span> 
     </span>
     <span class='ocr_line' id='line_1_62' title="bbox 2701 929 4630 1015; baseline 0.001 -18"><span class='ocrx_word' id='word_1_410' title='bbox 2701 930 2868 997; x_wconf 89' lang='lat' dir='ltr'><strong>mihi</strong></span> <span class='ocrx_word' id='word_1_411' title='bbox 2899 931 3007 998; x_wconf 87' lang='lat' dir='ltr'><strong>hic</strong></span> <span class='ocrx_word' id='word_1_412' title='bbox 3049 951 3187 997; x_wconf 93' lang='lat' dir='ltr'><strong>non</strong></span> <span class='ocrx_word' id='word_1_413' title='bbox 3230 932 3455 998; x_wconf 89' lang='lat' dir='ltr'><strong>deesse</strong></span> <span class='ocrx_word' id='word_1_414' title='bbox 3498 933 3607 998; x_wconf 87' lang='lat' dir='ltr'><strong>hic</strong></span> <span class='ocrx_word' id='word_1_415' title='bbox 3648 929 3959 998; x_wconf 86' lang='lat' dir='ltr'><strong>manendi</strong></span> <span class='ocrx_word' id='word_1_416' title='bbox 4000 951 4247 1011; x_wconf 82' lang='lat' dir='ltr'><strong>causas,</strong></span> <span class='ocrx_word' id='word_1_417' title='bbox 4304 952 4472 1015; x_wconf 89' lang='lat' dir='ltr'><strong>quae</strong></span> <span class='ocrx_word' id='word_1_418' title='bbox 4511 932 4630 998; x_wconf 79' lang='lat' dir='ltr'><strong>ufi-</strong></span> 
     </span>
     <span class='ocr_line' id='line_1_63' title="bbox 2701 1016 4632 1102; baseline 0.001 -19"><span class='ocrx_word' id='word_1_419' title='bbox 2701 1037 2859 1083; x_wconf 92' lang='lat' dir='ltr'><strong>nam</strong></span> <span class='ocrx_word' id='word_1_420' title='bbox 2901 1023 3040 1083; x_wconf 89' lang='lat' dir='ltr'><strong>tam</strong></span> <span class='ocrx_word' id='word_1_421' title='bbox 3082 1016 3330 1084; x_wconf 88' lang='lat' dir='ltr'><strong>multae</strong></span> <span class='ocrx_word' id='word_1_422' title='bbox 3385 1024 3452 1083; x_wconf 89' lang='lat' dir='ltr'><strong>et</strong></span> <span class='ocrx_word' id='word_1_423' title='bbox 3494 1027 3630 1083; x_wconf 86' lang='lat' dir='ltr'><strong>tam</strong></span> <span class='ocrx_word' id='word_1_424' title='bbox 3681 1018 3897 1084; x_wconf 89' lang='lat' dir='ltr'><strong>iustae</strong></span> <span class='ocrx_word' id='word_1_425' title='bbox 3934 1038 4067 1083; x_wconf 92' lang='lat' dir='ltr'><strong>non</strong></span> <span class='ocrx_word' id='word_1_426' title='bbox 4112 1025 4359 1097; x_wconf 86' lang='lat' dir='ltr'><strong>essent,</strong></span> <span class='ocrx_word' id='word_1_427' title='bbox 4420 1037 4496 1084; x_wconf 86' lang='lat' dir='ltr'><strong>ac</strong></span> <span class='ocrx_word' id='word_1_428' title='bbox 4534 1040 4632 1102; x_wconf 88' lang='lat' dir='ltr'><strong>po-</strong></span> 
     </span>
     <span class='ocr_line' id='line_1_64' title="bbox 2704 1103 4629 1187; baseline 0.001 -19"><span class='ocrx_word' id='word_1_429' title='bbox 2704 1103 2838 1169; x_wconf 89' lang='lat' dir='ltr'><strong>tius</strong></span> <span class='ocrx_word' id='word_1_430' title='bbox 2894 1103 3187 1170; x_wconf 87' lang='lat' dir='ltr'><strong>suaviter</strong></span> <span class='ocrx_word' id='word_1_431' title='bbox 3246 1104 3380 1169; x_wconf 90' lang='lat' dir='ltr'><strong>iam</strong></span> <span class='ocrx_word' id='word_1_432' title='bbox 3433 1125 3611 1169; x_wconf 91' lang='lat' dir='ltr'><strong>nunc</strong></span> <span class='ocrx_word' id='word_1_433' title='bbox 3651 1111 3728 1169; x_wconf 90' lang='lat' dir='ltr'><strong>ut</strong></span> <span class='ocrx_word' id='word_1_434' title='bbox 3770 1111 3968 1169; x_wconf 86' lang='lat' dir='ltr'><strong>antea</strong></span> <span class='ocrx_word' id='word_1_435' title='bbox 4009 1109 4246 1182; x_wconf 84' lang='lat' dir='ltr'><strong>tecum,</strong></span> <span class='ocrx_word' id='word_1_436' title='bbox 4305 1103 4399 1168; x_wconf 91' lang='lat' dir='ltr'><strong>mi</strong></span> <span class='ocrx_word' id='word_1_437' title='bbox 4440 1111 4629 1187; x_wconf 87' lang='lat' dir='ltr'><strong>pater,</strong></span> 
     </span>
     <span class='ocr_line' id='line_1_65' title="bbox 2702 1186 4632 1275; baseline 0 -19"><span class='ocrx_word' id='word_1_438' title='bbox 2702 1196 2771 1256; x_wconf 90' lang='lat' dir='ltr'><strong>et</strong></span> <span class='ocrx_word' id='word_1_439' title='bbox 2802 1187 3100 1255; x_wconf 87' lang='lat' dir='ltr'><strong>laborare</strong></span> <span class='ocrx_word' id='word_1_440' title='bbox 3135 1199 3201 1254; x_wconf 91' lang='lat' dir='ltr'><strong>et</strong></span> <span class='ocrx_word' id='word_1_441' title='bbox 3232 1190 3567 1273; x_wconf 89' lang='lat' dir='ltr'><strong>quiescere</strong></span> <span class='ocrx_word' id='word_1_442' title='bbox 3600 1189 3841 1255; x_wconf 91' lang='lat' dir='ltr'><strong>liceret.</strong></span> <span class='ocrx_word' id='word_1_443' title='bbox 3912 1186 4049 1255; x_wconf 81' lang='lat' dir='ltr'><strong>Sed</strong></span> <span class='ocrx_word' id='word_1_444' title='bbox 4083 1209 4205 1275; x_wconf 83' lang='lat' dir='ltr'><strong>age</strong></span> <span class='ocrx_word' id='word_1_445' title='bbox 4239 1190 4357 1255; x_wconf 86' lang='lat' dir='ltr'><strong>fiat</strong></span> <span class='ocrx_word' id='word_1_446' title='bbox 4375 1189 4632 1256; x_wconf 89' lang='lat' dir='ltr'><strong>Domini</strong></span> 
     </span>
     <span class='ocr_line' id='line_1_66' title="bbox 2704 1273 4632 1360; baseline -0.001 -19"><span class='ocrx_word' id='word_1_447' title='bbox 2704 1274 3027 1341; x_wconf 83' lang='lat' dir='ltr'><strong>voluntas.</strong></span> <span class='ocrx_word' id='word_1_448' title='bbox 3106 1275 3292 1341; x_wconf 91' lang='lat' dir='ltr'><strong>Bene</strong></span> <span class='ocrx_word' id='word_1_449' title='bbox 3349 1275 3515 1356; x_wconf 83' lang='lat' dir='ltr'><strong>vale,</strong></span> <span class='ocrx_word' id='word_1_450' title='bbox 3583 1275 3676 1341; x_wconf 91' lang='lat' dir='ltr'><strong>mi</strong></span> <span class='ocrx_word' id='word_1_451' title='bbox 3746 1286 3953 1360; x_wconf 86' lang='lat' dir='ltr'><strong>pater,</strong></span> <span class='ocrx_word' id='word_1_452' title='bbox 4030 1296 4182 1341; x_wconf 90' lang='lat' dir='ltr'><strong>cum</strong></span> <span class='ocrx_word' id='word_1_453' title='bbox 4249 1273 4515 1360; x_wconf 87' lang='lat' dir='ltr'><strong>collegis</strong></span> <span class='ocrx_word' id='word_1_454' title='bbox 4573 1282 4632 1340; x_wconf 90' lang='lat' dir='ltr'><strong>et</strong></span> 
     </span>
     <span class='ocr_line' id='line_1_67' title="bbox 2705 1360 4633 1430; baseline 0 -4"><span class='ocrx_word' id='word_1_455' title='bbox 2705 1361 2932 1430; x_wconf 87' lang='lat' dir='ltr'><strong>amicis</strong></span> <span class='ocrx_word' id='word_1_456' title='bbox 2979 1362 3300 1427; x_wconf 88' lang='lat' dir='ltr'><strong>omnibus.</strong></span> <span class='ocrx_word' id='word_1_457' title='bbox 3384 1360 3471 1426; x_wconf 92' lang='lat' dir='ltr'><strong>D.</strong></span> <span class='ocrx_word' id='word_1_458' title='bbox 3516 1361 3706 1429; x_wconf 89' lang='lat' dir='ltr'><strong>Iesus</strong></span> <span class='ocrx_word' id='word_1_459' title='bbox 3762 1369 3830 1427; x_wconf 92' lang='lat' dir='ltr'><strong>te</strong></span> <span class='ocrx_word' id='word_1_460' title='bbox 3885 1360 4278 1428; x_wconf 90' lang='lat' dir='ltr'><strong>incolumem</strong></span> <span class='ocrx_word' id='word_1_461' title='bbox 4320 1367 4538 1428; x_wconf 85' lang='lat' dir='ltr'><strong>servet</strong></span> <span class='ocrx_word' id='word_1_462' title='bbox 4573 1366 4633 1427; x_wconf 92' lang='lat' dir='ltr'><strong>et</strong></span> 
     </span>
     <span class='ocr_line' id='line_1_68' title="bbox 2704 1445 4635 1532; baseline 0.001 -20"><span class='ocrx_word' id='word_1_463' title='bbox 2704 1446 2950 1514; x_wconf 89' lang='lat' dir='ltr'><strong>sanetis</strong></span> <span class='ocrx_word' id='word_1_464' title='bbox 2983 1447 3115 1512; x_wconf 91' lang='lat' dir='ltr'><strong>tuis</strong></span> <span class='ocrx_word' id='word_1_465' title='bbox 3149 1446 3480 1514; x_wconf 88' lang='lat' dir='ltr'><strong>laboribus</strong></span> <span class='ocrx_word' id='word_1_466' title='bbox 3515 1448 3727 1532; x_wconf 87' lang='lat' dir='ltr'><strong>magis</strong></span> <span class='ocrx_word' id='word_1_467' title='bbox 3762 1467 3839 1514; x_wconf 90' lang='lat' dir='ltr'><strong>ac</strong></span> <span class='ocrx_word' id='word_1_468' title='bbox 3878 1447 4088 1532; x_wconf 88' lang='lat' dir='ltr'><strong>magis</strong></span> <span class='ocrx_word' id='word_1_469' title='bbox 4124 1445 4484 1514; x_wconf 86' lang='lat' dir='ltr'><strong>benedicat.</strong></span> <span class='ocrx_word' id='word_1_470' title='bbox 4537 1447 4635 1513; x_wconf 82' lang='lat' dir='ltr'><strong>Ex</strong></span> 
     </span>
     <span class='ocr_line' id='line_1_69' title="bbox 2706 1531 4232 1619; baseline 0.001 -20"><span class='ocrx_word' id='word_1_471' title='bbox 2706 1531 3161 1619; x_wconf 81' lang='lat' dir='ltr'><strong>Sangermano</strong></span> <span class='ocrx_word' id='word_1_472' title='bbox 3219 1536 3315 1600; x_wconf 87' lang='lat'><strong>12.</strong></span> <span class='ocrx_word' id='word_1_473' title='bbox 3361 1533 3763 1601; x_wconf 85' lang='lat' dir='ltr'><strong>Decembris.</strong></span> <span class='ocrx_word' id='word_1_474' title='bbox 4226 1567 4232 1575; x_wconf 95' lang='lat'>·</span> 
     </span>
    </p>
   </div>
   <div class='ocr_carea' id='block_1_10' title="bbox 4059 1669 4478 1736">
    <p class='ocr_par' dir='ltr' id='par_1_11' title="bbox 4059 1669 4478 1736">
     <span class='ocr_line' id='line_1_70' title="bbox 4059 1669 4478 1736; baseline 0 -1"><span class='ocrx_word' id='word_1_475' title='bbox 4059 1670 4241 1735; x_wconf 80' lang='lat' dir='ltr'><strong>Tuus</strong></span> <span class='ocrx_word' id='word_1_476' title='bbox 4281 1669 4478 1736; x_wconf 82' lang='lat' dir='ltr'><strong>Beza.</strong></span> 
     </span>
    </p>
   </div>
   <div class='ocr_carea' id='block_1_11' title="bbox 3104 2284 4191 2535">
    <p class='ocr_par' dir='ltr' id='par_1_12' title="bbox 3104 2284 4191 2535">
     <span class='ocr_line' id='line_1_71' title="bbox 3576 2284 3774 2356; baseline 0 0"><span class='ocrx_word' id='word_1_477' title='bbox 3576 2284 3774 2356; x_wconf 71' lang='lat'><strong>8648.</strong></span> 
     </span>
     <span class='ocr_line' id='line_1_72' title="bbox 3104 2438 4191 2535; baseline 0.002 -30"><span class='ocrx_word' id='word_1_478' title='bbox 3104 2531 3107 2535; x_wconf 76' lang='lat'>.</span> <span class='ocrx_word' id='word_1_479' title='bbox 3155 2438 3670 2506; x_wconf 76' lang='lat' dir='ltr'><strong>GRAVELLE</strong></span> <span class='ocrx_word' id='word_1_480' title='bbox 3714 2441 3778 2506; x_wconf 85' lang='lat' dir='ltr'>A</span> <span class='ocrx_word' id='word_1_481' title='bbox 3821 2439 4191 2508; x_wconf 75' lang='lat' dir='ltr'><strong>oALviN.</strong></span> 
     </span>
    </p>
   </div>
   <div class='ocr_carea' id='block_1_12' title="bbox 2702 2608 4636 2781">
    <p class='ocr_par' dir='ltr' id='par_1_13' title="bbox 2702 2608 4636 2781">
     <span class='ocr_line' id='line_1_73' title="bbox 2875 2608 4636 2695; baseline 0.001 -21"><span class='ocrx_word' id='word_1_482' title='bbox 2875 2608 3144 2694; x_wconf 66' lang='lat' dir='ltr'><strong>L&#39;eylise</strong></span> <span class='ocrx_word' id='word_1_483' title='bbox 3194 2610 3273 2675; x_wconf 82' lang='lat' dir='ltr'><strong>de</strong></span> <span class='ocrx_word' id='word_1_484' title='bbox 3320 2609 3550 2694; x_wconf 74' lang='lat' dir='ltr'><strong>Troyes</strong></span> <span class='ocrx_word' id='word_1_485' title='bbox 3604 2610 3904 2678; x_wconf 72' lang='grc' dir='ltr'><strong>ᾶεηιαηᾱε</strong></span> <span class='ocrx_word' id='word_1_486' title='bbox 3953 2617 4138 2695; x_wconf 73' lang='lat' dir='ltr'><strong>qu’on</strong></span> <span class='ocrx_word' id='word_1_487' title='bbox 4192 2612 4291 2677; x_wconf 76' lang='lat' dir='ltr'><strong>lm·</strong></span> <span class='ocrx_word' id='word_1_488' title='bbox 4345 2612 4539 2679; x_wconf 76' lang='lat' dir='ltr'><strong>luisse</strong></span> <span class='ocrx_word' id='word_1_489' title='bbox 4588 2610 4636 2676; x_wconf 82' lang='lat' dir='ltr'><strong>le</strong></span> 
     </span>
     <span class='ocr_line' id='line_1_74' title="bbox 2702 2694 4506 2781; baseline 0.003 -21"><span class='ocrx_word' id='word_1_490' title='bbox 2702 2695 2986 2761; x_wconf 72' lang='lat' dir='ltr'><strong>ministro</strong></span> <span class='ocrx_word' id='word_1_491' title='bbox 3021 2694 3114 2761; x_wconf 82' lang='lat' dir='ltr'><strong>Le</strong></span> <span class='ocrx_word' id='word_1_492' title='bbox 3159 2695 3301 2781; x_wconf 77' lang='lat' dir='ltr'><strong>Roy</strong></span> <span class='ocrx_word' id='word_1_493' title='bbox 3341 2702 3399 2762; x_wconf 80' lang='lat' dir='ltr'><strong>et</strong></span> <span class='ocrx_word' id='word_1_494' title='bbox 3438 2697 3623 2780; x_wconf 74' lang='lat' dir='ltr'><strong>qu’on</strong></span> <span class='ocrx_word' id='word_1_495' title='bbox 3663 2697 3758 2763; x_wconf 75' lang='lat' dir='ltr'><strong>lui</strong></span> <span class='ocrx_word' id='word_1_496' title='bbox 3800 2698 4007 2764; x_wconf 76' lang='lat' dir='ltr'><strong>envoie</strong></span> <span class='ocrx_word' id='word_1_497' title='bbox 4048 2698 4231 2764; x_wconf 72' lang='lat' dir='ltr'><strong>aussi</strong></span> <span class='ocrx_word' id='word_1_498' title='bbox 4272 2696 4506 2765; x_wconf 68' lang='lat' dir='ltr'><strong>Enoch.</strong></span> 
     </span>
    </p>
   </div>
   <div class='ocr_carea' id='block_1_13' title="bbox 2700 2866 4638 2938">
    <p class='ocr_par' dir='ltr' id='par_1_14' title="bbox 2700 2866 4638 2938">
     <span class='ocr_line' id='line_1_75' title="bbox 2700 2866 4638 2938; baseline 0.002 -17"><span class='ocrx_word' id='word_1_499' title='bbox 2700 2867 3080 2937; x_wconf 68' lang='lat' dir='ltr'><strong>(Autographe</strong></span> <span class='ocrx_word' id='word_1_500' title='bbox 3112 2866 3183 2921; x_wconf 84' lang='lat' dir='ltr'><strong>de</strong></span> <span class='ocrx_word' id='word_1_501' title='bbox 3218 2867 3273 2921; x_wconf 89' lang='lat' dir='ltr'><strong>la</strong></span> <span class='ocrx_word' id='word_1_502' title='bbox 3305 2867 3691 2938; x_wconf 77' lang='lat' dir='ltr'><strong>Bibliotheque</strong></span> <span class='ocrx_word' id='word_1_503' title='bbox 3725 2868 3796 2923; x_wconf 84' lang='lat' dir='ltr'><strong>de</strong></span> <span class='ocrx_word' id='word_1_504' title='bbox 3824 2867 4042 2924; x_wconf 79' lang='lat' dir='ltr'><strong>Gen&#39;eve</strong></span> <span class='ocrx_word' id='word_1_505' title='bbox 4076 2869 4197 2924; x_wconf 85' lang='lat' dir='ltr'><strong>Vol.</strong></span> <span class='ocrx_word' id='word_1_506' title='bbox 4222 2868 4341 2938; x_wconf 79' lang='lat'><strong>196,</strong></span> <span class='ocrx_word' id='word_1_507' title='bbox 4377 2871 4471 2925; x_wconf 83' lang='lat' dir='ltr'><strong>fol.</strong></span> <span class='ocrx_word' id='word_1_508' title='bbox 4502 2866 4638 2936; x_wconf 73' lang='lat'><strong>232.)</strong></span> 
     </span>
    </p>
   </div>
   <div class='ocr_carea' id='block_1_14' title="bbox 2874 3037 4560 3211">
    <p class='ocr_par' dir='ltr' id='par_1_15' title="bbox 2874 3037 4560 3211">
     <span class='ocr_line' id='line_1_76' title="bbox 2874 3037 4403 3126; baseline 0.003 -22"><span class='ocrx_word' id='word_1_509' title='bbox 2874 3039 2942 3104; x_wconf 77' lang='lat' dir='ltr'>A</span> <span class='ocrx_word' id='word_1_510' title='bbox 2983 3037 3327 3105; x_wconf 84' lang='lat' dir='ltr'><strong>Monsieur</strong></span> <span class='ocrx_word' id='word_1_511' title='bbox 3369 3047 3436 3105; x_wconf 90' lang='lat' dir='ltr'><strong>et</strong></span> <span class='ocrx_word' id='word_1_512' title='bbox 3477 3061 3630 3125; x_wconf 90' lang='lat' dir='ltr'><strong>pere</strong></span> <span class='ocrx_word' id='word_1_513' title='bbox 3671 3041 4017 3108; x_wconf 83' lang='lat' dir='ltr'><strong>Monsieur</strong></span> <span class='ocrx_word' id='word_1_514' title='bbox 4058 3039 4403 3126; x_wconf 83' lang='lat' dir='ltr'><strong>dEpeville</strong></span> 
     </span>
     <span class='ocr_line' id='line_1_77' title="bbox 3877 3126 4560 3211; baseline 0.001 -19"><span class='ocrx_word' id='word_1_515' title='bbox 3877 3126 3944 3192; x_wconf 87' lang='lat' dir='ltr'><strong>la</strong></span> <span class='ocrx_word' id='word_1_516' title='bbox 3984 3135 4133 3211; x_wconf 83' lang='lat' dir='ltr'><strong>part</strong></span> <span class='ocrx_word' id='word_1_517' title='bbox 4174 3148 4260 3194; x_wconf 92' lang='lat' dir='ltr'><strong>ou</strong></span> <span class='ocrx_word' id='word_1_518' title='bbox 4301 3126 4353 3193; x_wconf 88' lang='lat' dir='ltr'><strong>il</strong></span> <span class='ocrx_word' id='word_1_519' title='bbox 4397 3147 4560 3195; x_wconf 86' lang='lat' dir='ltr'><strong>sera.</strong></span> 
     </span>
    </p>
   </div>
   <div class='ocr_carea' id='block_1_15' title="bbox 2857 3296 4483 3469">
    <p class='ocr_par' dir='ltr' id='par_1_16' title="bbox 2857 3296 4483 3469">
     <span class='ocr_line' id='line_1_78' title="bbox 2857 3296 4483 3383; baseline 0 -18"><span class='ocrx_word' id='word_1_520' title='bbox 2857 3298 2964 3365; x_wconf 85' lang='lat' dir='ltr'><strong>La</strong></span> <span class='ocrx_word' id='word_1_521' title='bbox 3015 3317 3210 3383; x_wconf 88' lang='lat' dir='ltr'><strong>grace</strong></span> <span class='ocrx_word' id='word_1_522' title='bbox 3267 3306 3335 3364; x_wconf 91' lang='lat' dir='ltr'><strong>et</strong></span> <span class='ocrx_word' id='word_1_523' title='bbox 3388 3298 3544 3381; x_wconf 82' lang='lat' dir='ltr'><strong>paix</strong></span> <span class='ocrx_word' id='word_1_524' title='bbox 3600 3297 3691 3364; x_wconf 89' lang='lat' dir='ltr'><strong>du</strong></span> <span class='ocrx_word' id='word_1_525' title='bbox 3747 3296 4077 3382; x_wconf 84' lang='lat' dir='ltr'><strong>Seigneur</strong></span> <span class='ocrx_word' id='word_1_526' title='bbox 4132 3320 4296 3366; x_wconf 84' lang='lat' dir='ltr'><strong>vous</strong></span> <span class='ocrx_word' id='word_1_527' title='bbox 4352 3300 4483 3368; x_wconf 89' lang='lat' dir='ltr'><strong>soit</strong></span> 
     </span>
     <span class='ocr_line' id='line_1_79' title="bbox 3498 3383 3864 3469; baseline 0.005 -21"><span class='ocrx_word' id='word_1_528' title='bbox 3498 3383 3864 3469; x_wconf 78' lang='lat' dir='ltr'><strong>multiplye.</strong></span> 
     </span>
    </p>
   </div>
   <div class='ocr_carea' id='block_1_16' title="bbox 2706 3536 4643 4825">
    <p class='ocr_par' dir='ltr' id='par_1_17' title="bbox 2706 3536 4643 4825">
     <span class='ocr_line' id='line_1_80' title="bbox 2876 3536 4643 3622; baseline -0.001 -17"><span class='ocrx_word' id='word_1_529' title='bbox 2876 3537 3218 3605; x_wconf 82' lang='lat' dir='ltr'><strong>Monsieur</strong></span> <span class='ocrx_word' id='word_1_530' title='bbox 3260 3542 3329 3602; x_wconf 91' lang='lat' dir='ltr'><strong>et</strong></span> <span class='ocrx_word' id='word_1_531' title='bbox 3370 3557 3546 3622; x_wconf 87' lang='lat' dir='ltr'><strong>pere,</strong></span> <span class='ocrx_word' id='word_1_532' title='bbox 3604 3557 3774 3603; x_wconf 88' lang='lat' dir='ltr'><strong>nous</strong></span> <span class='ocrx_word' id='word_1_533' title='bbox 3816 3559 3980 3605; x_wconf 88' lang='lat' dir='ltr'><strong>vous</strong></span> <span class='ocrx_word' id='word_1_534' title='bbox 4039 3539 4264 3622; x_wconf 80' lang='lat' dir='ltr'><strong>priona</strong></span> <span class='ocrx_word' id='word_1_535' title='bbox 4306 3538 4389 3607; x_wconf 90' lang='lat' dir='ltr'><strong>de</strong></span> <span class='ocrx_word' id='word_1_536' title='bbox 4432 3536 4643 3607; x_wconf 84' lang='lat' dir='ltr'><strong>rechef</strong></span> 
     </span>
     <span class='ocr_line' id='line_1_81' title="bbox 2708 3621 4637 3710; baseline -0.001 -19"><span class='ocrx_word' id='word_1_537' title='bbox 2708 3624 2789 3691; x_wconf 90' lang='lat' dir='ltr'><strong>de</strong></span> <span class='ocrx_word' id='word_1_538' title='bbox 2844 3645 3012 3691; x_wconf 90' lang='lat' dir='ltr'><strong>nous</strong></span> <span class='ocrx_word' id='word_1_539' title='bbox 3066 3623 3230 3689; x_wconf 86' lang='lat' dir='ltr'><strong>faire</strong></span> <span class='ocrx_word' id='word_1_540' title='bbox 3281 3630 3431 3689; x_wconf 87' lang='lat' dir='ltr'><strong>tant</strong></span> <span class='ocrx_word' id='word_1_541' title='bbox 3486 3621 3568 3689; x_wconf 89' lang='lat' dir='ltr'><strong>de</strong></span> <span class='ocrx_word' id='word_1_542' title='bbox 3623 3623 3775 3690; x_wconf 92' lang='lat' dir='ltr'><strong>bien</strong></span> <span class='ocrx_word' id='word_1_543' title='bbox 3818 3644 3944 3708; x_wconf 84' lang='lat' dir='ltr'><strong>que</strong></span> <span class='ocrx_word' id='word_1_544' title='bbox 4004 3623 4221 3692; x_wconf 81' lang='lat' dir='ltr'><strong>desti-e</strong></span> <span class='ocrx_word' id='word_1_545' title='bbox 4263 3627 4481 3693; x_wconf 90' lang='lat' dir='ltr'><strong>moien</strong></span> <span class='ocrx_word' id='word_1_546' title='bbox 4523 3644 4637 3710; x_wconf 86' lang='lat' dir='ltr'><strong>que</strong></span> 
     </span>
     <span class='ocr_line' id='line_1_82' title="bbox 2706 3707 4638 3796; baseline -0.002 -19"><span class='ocrx_word' id='word_1_547' title='bbox 2706 3717 2930 3777; x_wconf 90' lang='lat' dir='ltr'><strong>nostre</strong></span> <span class='ocrx_word' id='word_1_548' title='bbox 2972 3710 3144 3777; x_wconf 84' lang='lat' dir='ltr'><strong>frere</strong></span> <span class='ocrx_word' id='word_1_549' title='bbox 3179 3707 3270 3775; x_wconf 83' lang='lat' dir='ltr'><strong>Le</strong></span> <span class='ocrx_word' id='word_1_550' title='bbox 3301 3707 3443 3793; x_wconf 76' lang='lat' dir='ltr'><strong>Roy</strong></span> <span class='ocrx_word' id='word_1_551' title='bbox 3475 3711 3525 3788; x_wconf 84' lang='grc' dir='ltr'><strong>ι)</strong></span> <span class='ocrx_word' id='word_1_552' title='bbox 3568 3709 3698 3776; x_wconf 88' lang='lat' dir='ltr'><strong>soit</strong></span> <span class='ocrx_word' id='word_1_553' title='bbox 3730 3709 3821 3775; x_wconf 88' lang='lat' dir='ltr'><strong>du</strong></span> <span class='ocrx_word' id='word_1_554' title='bbox 3861 3717 4009 3776; x_wconf 91' lang='lat' dir='ltr'><strong>tout</strong></span> <span class='ocrx_word' id='word_1_555' title='bbox 4048 3721 4290 3791; x_wconf 90' lang='lat' dir='ltr'><strong>nostre,</strong></span> <span class='ocrx_word' id='word_1_556' title='bbox 4325 3734 4457 3780; x_wconf 83' lang='lat' dir='ltr'><strong>veu</strong></span> <span class='ocrx_word' id='word_1_557' title='bbox 4491 3707 4638 3796; x_wconf 88' lang='lat' dir='ltr'><strong>qu&#39;il</strong></span> 
     </span>
     <span class='ocr_line' id='line_1_83' title="bbox 2706 3794 4637 3883; baseline -0.001 -20"><span class='ocrx_word' id='word_1_558' title='bbox 2706 3818 2853 3864; x_wconf 88' lang='lat' dir='ltr'><strong>sera</strong></span> <span class='ocrx_word' id='word_1_559' title='bbox 2895 3817 3076 3863; x_wconf 83' lang='lat' dir='ltr'><strong>assez</strong></span> <span class='ocrx_word' id='word_1_560' title='bbox 3140 3814 3425 3878; x_wconf 88' lang='lat' dir='ltr'><strong>occuppe</strong></span> <span class='ocrx_word' id='word_1_561' title='bbox 3479 3794 3590 3879; x_wconf 78' lang='lat' dir='ltr'><strong>icy</strong></span> <span class='ocrx_word' id='word_1_562' title='bbox 3630 3816 3785 3862; x_wconf 91' lang='lat' dir='ltr'><strong>sans</strong></span> <span class='ocrx_word' id='word_1_563' title='bbox 3849 3816 4025 3880; x_wconf 84' lang='lat' dir='ltr'><strong>quon</strong></span> <span class='ocrx_word' id='word_1_564' title='bbox 4077 3796 4360 3883; x_wconf 80' lang='lat' dir='ltr'><strong>lenvoye</strong></span> <span class='ocrx_word' id='word_1_565' title='bbox 4402 3819 4442 3863; x_wconf 89' lang='lat' dir='ltr'><strong>a</strong></span> <span class='ocrx_word' id='word_1_566' title='bbox 4482 3797 4637 3865; x_wconf 90' lang='lat' dir='ltr'><strong>Bor-</strong></span> 
     </span>
     <span class='ocr_line' id='line_1_84' title="bbox 2709 3879 4636 3968; baseline -0.002 -20"><span class='ocrx_word' id='word_1_567' title='bbox 2709 3881 2947 3949; x_wconf 82' lang='lat' dir='ltr'><strong>deaulx</strong></span> <span class='ocrx_word' id='word_1_568' title='bbox 2978 3901 3150 3965; x_wconf 90' lang='lat' dir='ltr'><strong>pour</strong></span> <span class='ocrx_word' id='word_1_569' title='bbox 3184 3879 3515 3946; x_wconf 86' lang='lat' dir='ltr'><strong>travailler</strong></span> <span class='ocrx_word' id='word_1_570' title='bbox 3534 3901 3575 3946; x_wconf 90' lang='lat' dir='ltr'><strong>a</strong></span> <span class='ocrx_word' id='word_1_571' title='bbox 3607 3879 3872 3949; x_wconf 79' lang='lat' dir='ltr'><strong>loeuvre</strong></span> <span class='ocrx_word' id='word_1_572' title='bbox 3906 3880 3993 3947; x_wconf 91' lang='lat' dir='ltr'><strong>du</strong></span> <span class='ocrx_word' id='word_1_573' title='bbox 4016 3879 4365 3968; x_wconf 83' lang='lat' dir='ltr'><strong>Seigneur,</strong></span> <span class='ocrx_word' id='word_1_574' title='bbox 4399 3899 4636 3950; x_wconf 87' lang='lat' dir='ltr'><strong>comme</strong></span> 
     </span>
     <span class='ocr_line' id='line_1_85' title="bbox 2708 3964 4635 4053; baseline -0.002 -18"><span class='ocrx_word' id='word_1_575' title='bbox 2708 3988 2879 4035; x_wconf 87' lang='lat' dir='ltr'><strong>nous</strong></span> <span class='ocrx_word' id='word_1_576' title='bbox 2920 3987 3123 4034; x_wconf 87' lang='lat' dir='ltr'><strong>avons</strong></span> <span class='ocrx_word' id='word_1_577' title='bbox 3166 3964 3455 4032; x_wconf 87' lang='lat' dir='ltr'><strong>entendu</strong></span> <span class='ocrx_word' id='word_1_578' title='bbox 3491 3986 3665 4050; x_wconf 87' lang='lat' dir='ltr'><strong>quon</strong></span> <span class='ocrx_word' id='word_1_579' title='bbox 3699 3966 3973 4034; x_wconf 88' lang='lat' dir='ltr'><strong>voulloit</strong></span> <span class='ocrx_word' id='word_1_580' title='bbox 4005 3967 4185 4034; x_wconf 89' lang='lat' dir='ltr'><strong>faire.</strong></span> <span class='ocrx_word' id='word_1_581' title='bbox 4254 3969 4305 4037; x_wconf 87' lang='lat' dir='ltr'><strong>J</strong></span> <span class='ocrx_word' id='word_1_582' title='bbox 4303 3970 4482 4036; x_wconf 88' lang='lat' dir='ltr'><strong>oinct</strong></span> <span class='ocrx_word' id='word_1_583' title='bbox 4520 3986 4635 4053; x_wconf 85' lang='lat' dir='ltr'><strong>que</strong></span> 
     </span>
     <span class='ocr_line' id='line_1_86' title="bbox 2707 4053 4634 4134; baseline -0.001 -13"><span class='ocrx_word' id='word_1_584' title='bbox 2707 4075 2875 4121; x_wconf 88' lang='lat' dir='ltr'><strong>nous</strong></span> <span class='ocrx_word' id='word_1_585' title='bbox 2916 4053 3166 4119; x_wconf 84' lang='lat' dir='ltr'><strong>l&#39;avons</strong></span> <span class='ocrx_word' id='word_1_586' title='bbox 3207 4053 3535 4119; x_wconf 89' lang='lat' dir='ltr'><strong>tousiours</strong></span> <span class='ocrx_word' id='word_1_587' title='bbox 3566 4059 3796 4119; x_wconf 91' lang='lat' dir='ltr'><strong>retenu</strong></span> <span class='ocrx_word' id='word_1_588' title='bbox 3830 4074 4084 4120; x_wconf 89' lang='lat' dir='ltr'><strong>comme</strong></span> <span class='ocrx_word' id='word_1_589' title='bbox 4125 4062 4370 4134; x_wconf 92' lang='lat' dir='ltr'><strong>nostre,</strong></span> <span class='ocrx_word' id='word_1_590' title='bbox 4415 4076 4501 4121; x_wconf 88' lang='lat' dir='ltr'><strong>au</strong></span> <span class='ocrx_word' id='word_1_591' title='bbox 4535 4073 4634 4120; x_wconf 85' lang='lat' dir='ltr'><strong>cas</strong></span> 
     </span>
     <span class='ocr_line' id='line_1_87' title="bbox 2709 4136 4633 4225; baseline -0.002 -19"><span class='ocrx_word' id='word_1_592' title='bbox 2709 4159 2837 4223; x_wconf 86' lang='lat' dir='ltr'><strong>que</strong></span> <span class='ocrx_word' id='word_1_593' title='bbox 2878 4139 2976 4206; x_wconf 90' lang='lat' dir='ltr'><strong>les</strong></span> <span class='ocrx_word' id='word_1_594' title='bbox 3017 4138 3222 4205; x_wconf 85' lang='lat' dir='ltr'><strong>freres</strong></span> <span class='ocrx_word' id='word_1_595' title='bbox 3266 4137 3349 4205; x_wconf 90' lang='lat' dir='ltr'><strong>de</strong></span> <span class='ocrx_word' id='word_1_596' title='bbox 3389 4136 3591 4222; x_wconf 70' lang='lat' dir='ltr'><strong>Dijon</strong></span> <span class='ocrx_word' id='word_1_597' title='bbox 3631 4160 3715 4204; x_wconf 92' lang='lat' dir='ltr'><strong>ne</strong></span> <span class='ocrx_word' id='word_1_598' title='bbox 3769 4159 3840 4205; x_wconf 91' lang='lat' dir='ltr'><strong>se</strong></span> <span class='ocrx_word' id='word_1_599' title='bbox 3894 4140 4299 4210; x_wconf 86' lang='lat' dir='ltr'><strong>souciassent</strong></span> <span class='ocrx_word' id='word_1_600' title='bbox 4338 4142 4524 4225; x_wconf 89' lang='lat' dir='ltr'><strong>point</strong></span> <span class='ocrx_word' id='word_1_601' title='bbox 4562 4137 4633 4203; x_wconf 91' lang='lat' dir='ltr'><strong>de</strong></span> 
     </span>
     <span class='ocr_line' id='line_1_88' title="bbox 2710 4223 4634 4312; baseline -0.002 -21"><span class='ocrx_word' id='word_1_602' title='bbox 2710 4226 2847 4312; x_wconf 78' lang='lat' dir='ltr'><strong>luy.</strong></span> <span class='ocrx_word' id='word_1_603' title='bbox 2917 4223 2997 4291; x_wconf 84' lang='lat' dir='ltr'><strong>Si</strong></span> <span class='ocrx_word' id='word_1_604' title='bbox 3038 4224 3215 4291; x_wconf 87' lang='lat' dir='ltr'><strong>aussi</strong></span> <span class='ocrx_word' id='word_1_605' title='bbox 3257 4223 3305 4289; x_wconf 89' lang='lat' dir='ltr'><strong>il</strong></span> <span class='ocrx_word' id='word_1_606' title='bbox 3339 4245 3500 4292; x_wconf 83' lang='lat' dir='ltr'><strong>vous</strong></span> <span class='ocrx_word' id='word_1_607' title='bbox 3532 4223 3731 4307; x_wconf 88' lang='lat' dir='ltr'><strong>plaist</strong></span> <span class='ocrx_word' id='word_1_608' title='bbox 3772 4245 3937 4291; x_wconf 90' lang='lat' dir='ltr'><strong>nous</strong></span> <span class='ocrx_word' id='word_1_609' title='bbox 3978 4225 4143 4290; x_wconf 85' lang='lat' dir='ltr'><strong>faire</strong></span> <span class='ocrx_word' id='word_1_610' title='bbox 4183 4233 4332 4292; x_wconf 88' lang='lat' dir='ltr'><strong>tant</strong></span> <span class='ocrx_word' id='word_1_611' title='bbox 4372 4225 4455 4292; x_wconf 92' lang='lat' dir='ltr'><strong>de</strong></span> <span class='ocrx_word' id='word_1_612' title='bbox 4496 4225 4634 4291; x_wconf 88' lang='lat' dir='ltr'><strong>bien</strong></span> 
     </span>
     <span class='ocr_line' id='line_1_89' title="bbox 2711 4309 4633 4397; baseline -0.002 -20"><span class='ocrx_word' id='word_1_613' title='bbox 2711 4331 2838 4396; x_wconf 89' lang='lat' dir='ltr'><strong>que</strong></span> <span class='ocrx_word' id='word_1_614' title='bbox 2893 4309 2974 4378; x_wconf 89' lang='lat' dir='ltr'><strong>de</strong></span> <span class='ocrx_word' id='word_1_615' title='bbox 3025 4311 3344 4394; x_wconf 86' lang='lat' dir='ltr'><strong>rescripre</strong></span> <span class='ocrx_word' id='word_1_616' title='bbox 3402 4331 3495 4375; x_wconf 90' lang='lat' dir='ltr'><strong>un</strong></span> <span class='ocrx_word' id='word_1_617' title='bbox 3551 4311 3717 4395; x_wconf 88' lang='lat' dir='ltr'><strong>petit</strong></span> <span class='ocrx_word' id='word_1_618' title='bbox 3772 4319 3912 4376; x_wconf 90' lang='lat' dir='ltr'><strong>mot</strong></span> <span class='ocrx_word' id='word_1_619' title='bbox 3952 4332 3993 4377; x_wconf 92' lang='lat' dir='ltr'><strong>a</strong></span> <span class='ocrx_word' id='word_1_620' title='bbox 4032 4314 4510 4397; x_wconf 89' lang='lat' dir='ltr'><strong>messeigneurs</strong></span> <span class='ocrx_word' id='word_1_621' title='bbox 4561 4309 4633 4375; x_wconf 90' lang='lat' dir='ltr'><strong>de</strong></span> 
     </span>
     <span class='ocr_line' id='line_1_90' title="bbox 2708 4395 4632 4464; baseline 0 -2"><span class='ocrx_word' id='word_1_622' title='bbox 2708 4398 2777 4463; x_wconf 89' lang='lat' dir='ltr'><strong>la</strong></span> <span class='ocrx_word' id='word_1_623' title='bbox 2816 4396 3021 4464; x_wconf 84' lang='lat' dir='ltr'><strong>classe</strong></span> <span class='ocrx_word' id='word_1_624' title='bbox 3063 4395 3143 4462; x_wconf 92' lang='lat' dir='ltr'><strong>de</strong></span> <span class='ocrx_word' id='word_1_625' title='bbox 3182 4395 3608 4463; x_wconf 86' lang='lat' dir='ltr'><strong>Neufchastel</strong></span> <span class='ocrx_word' id='word_1_626' title='bbox 3648 4396 3968 4462; x_wconf 87' lang='lat' dir='ltr'><strong>touchant</strong></span> <span class='ocrx_word' id='word_1_627' title='bbox 4008 4395 4260 4464; x_wconf 85' lang='lat' dir='ltr'><strong>laffaire</strong></span> <span class='ocrx_word' id='word_1_628' title='bbox 4301 4397 4384 4464; x_wconf 90' lang='lat' dir='ltr'><strong>de</strong></span> <span class='ocrx_word' id='word_1_629' title='bbox 4424 4405 4632 4464; x_wconf 85' lang='lat' dir='ltr'><strong>nostre</strong></span> 
     </span>
     <span class='ocr_line' id='line_1_91' title="bbox 2709 4480 4633 4569; baseline -0.001 -20"><span class='ocrx_word' id='word_1_630' title='bbox 2709 4484 2879 4549; x_wconf 78' lang='lat' dir='ltr'><strong>frere</strong></span> <span class='ocrx_word' id='word_1_631' title='bbox 2907 4480 3100 4561; x_wconf 66' lang='grc' dir='ltr'><strong>δονεῖ,</strong></span> <span class='ocrx_word' id='word_1_632' title='bbox 3122 4486 3180 4561; x_wconf 75' lang='lat'><strong>²)</strong></span> <span class='ocrx_word' id='word_1_633' title='bbox 3223 4503 3266 4547; x_wconf 88' lang='lat' dir='ltr'><strong>a</strong></span> <span class='ocrx_word' id='word_1_634' title='bbox 3296 4502 3372 4549; x_wconf 92' lang='lat' dir='ltr'><strong>ce</strong></span> <span class='ocrx_word' id='word_1_635' title='bbox 3405 4481 3542 4565; x_wconf 86' lang='lat' dir='ltr'><strong>quil</strong></span> <span class='ocrx_word' id='word_1_636' title='bbox 3580 4482 3800 4565; x_wconf 87' lang='lat' dir='ltr'><strong>puisse</strong></span> <span class='ocrx_word' id='word_1_637' title='bbox 3844 4502 4003 4549; x_wconf 83' lang='lat' dir='ltr'><strong>avec</strong></span> <span class='ocrx_word' id='word_1_638' title='bbox 4045 4482 4191 4549; x_wconf 90' lang='lat' dir='ltr'><strong>leur</strong></span> <span class='ocrx_word' id='word_1_639' title='bbox 4231 4492 4436 4569; x_wconf 85' lang='lat' dir='ltr'><strong>conge</strong></span> <span class='ocrx_word' id='word_1_640' title='bbox 4476 4492 4633 4549; x_wconf 85' lang='lat' dir='ltr'><strong>estre</strong></span> 
     </span>
     <span class='ocr_line' id='line_1_92' title="bbox 2711 4566 4631 4654; baseline -0.001 -21"><span class='ocrx_word' id='word_1_641' title='bbox 2711 4566 2800 4633; x_wconf 85' lang='lat' dir='ltr'><strong>du</strong></span> <span class='ocrx_word' id='word_1_642' title='bbox 2843 4576 2991 4634; x_wconf 90' lang='lat' dir='ltr'><strong>tout</strong></span> <span class='ocrx_word' id='word_1_643' title='bbox 3031 4576 3275 4643; x_wconf 89' lang='lat' dir='ltr'><strong>nostre,</strong></span> <span class='ocrx_word' id='word_1_644' title='bbox 3319 4588 3486 4633; x_wconf 87' lang='lat' dir='ltr'><strong>vous</strong></span> <span class='ocrx_word' id='word_1_645' title='bbox 3521 4587 3689 4634; x_wconf 89' lang='lat' dir='ltr'><strong>nous</strong></span> <span class='ocrx_word' id='word_1_646' title='bbox 3722 4567 4042 4653; x_wconf 83' lang='lat' dir='ltr'><strong>obligeres</strong></span> <span class='ocrx_word' id='word_1_647' title='bbox 4077 4568 4158 4635; x_wconf 88' lang='lat' dir='ltr'><strong>de</strong></span> <span class='ocrx_word' id='word_1_648' title='bbox 4190 4568 4343 4654; x_wconf 86' lang='lat' dir='ltr'><strong>plus</strong></span> <span class='ocrx_word' id='word_1_649' title='bbox 4381 4592 4462 4637; x_wconf 92' lang='lat' dir='ltr'><strong>en</strong></span> <span class='ocrx_word' id='word_1_650' title='bbox 4495 4567 4631 4654; x_wconf 86' lang='lat' dir='ltr'><strong>plus</strong></span> 
     </span>
     <span class='ocr_line' id='line_1_93' title="bbox 2709 4651 4630 4748; baseline -0.001 -29"><span class='ocrx_word' id='word_1_651' title='bbox 2709 4674 2750 4719; x_wconf 90' lang='lat' dir='ltr'><strong>a</strong></span> <span class='ocrx_word' id='word_1_652' title='bbox 2812 4676 2997 4722; x_wconf 83' lang='lat' dir='ltr'><strong>vous.</strong></span> <span class='ocrx_word' id='word_1_653' title='bbox 3079 4654 3181 4721; x_wconf 86' lang='lat' dir='ltr'><strong>Le</strong></span> <span class='ocrx_word' id='word_1_654' title='bbox 3246 4651 3576 4738; x_wconf 82' lang='lat' dir='ltr'><strong>Seigneur</strong></span> <span class='ocrx_word' id='word_1_655' title='bbox 3637 4673 3799 4720; x_wconf 83' lang='lat' dir='ltr'><strong>vous</strong></span> <span class='ocrx_word' id='word_1_656' title='bbox 3862 4654 4052 4720; x_wconf 92' lang='lat' dir='ltr'><strong>benie</strong></span> <span class='ocrx_word' id='word_1_657' title='bbox 4113 4674 4154 4719; x_wconf 92' lang='lat' dir='ltr'><strong>a</strong></span> <span class='ocrx_word' id='word_1_658' title='bbox 4207 4655 4463 4748; x_wconf 81' lang='lat' dir='ltr'><strong>jamais.</strong></span> <span class='ocrx_word' id='word_1_659' title='bbox 4536 4653 4630 4719; x_wconf 88' lang='lat' dir='ltr'><strong>De</strong></span> 
     </span>
     <span class='ocr_line' id='line_1_94' title="bbox 2708 4737 3997 4825; baseline 0 -20"><span class='ocrx_word' id='word_1_660' title='bbox 2708 4741 2957 4825; x_wconf 74' lang='lat' dir='ltr'><strong>Troyes</strong></span> <span class='ocrx_word' id='word_1_661' title='bbox 2998 4761 3071 4806; x_wconf 92' lang='lat' dir='ltr'><strong>ce</strong></span> <span class='ocrx_word' id='word_1_662' title='bbox 3114 4740 3262 4823; x_wconf 82' lang='lat' dir='ltr'><strong>xiij·</strong></span> <span class='ocrx_word' id='word_1_663' title='bbox 3303 4741 3452 4825; x_wconf 79' lang='lat' dir='ltr'><strong>jour</strong></span> <span class='ocrx_word' id='word_1_664' title='bbox 3494 4738 3575 4804; x_wconf 91' lang='lat' dir='ltr'><strong>de</strong></span> <span class='ocrx_word' id='word_1_665' title='bbox 3617 4737 3997 4820; x_wconf 89' lang='lat' dir='ltr'><strong>Decembre.</strong></span> 
     </span>
    </p>
   </div>
   <div class='ocr_carea' id='block_1_17' title="bbox 3221 4874 4476 5051">
    <p class='ocr_par' dir='ltr' id='par_1_18' title="bbox 3221 4874 4476 5051">
     <span class='ocr_line' id='line_1_95' title="bbox 3221 4874 4476 4964; baseline 0.002 -23"><span class='ocrx_word' id='word_1_666' title='bbox 3221 4876 3462 4943; x_wconf 87' lang='lat' dir='ltr'><strong>Vostre</strong></span> <span class='ocrx_word' id='word_1_667' title='bbox 3503 4874 3610 4941; x_wconf 85' lang='lat' dir='ltr'><strong>filz</strong></span> <span class='ocrx_word' id='word_1_668' title='bbox 3652 4877 3983 4943; x_wconf 89' lang='lat' dir='ltr'><strong>obeissant</strong></span> <span class='ocrx_word' id='word_1_669' title='bbox 4024 4899 4111 4944; x_wconf 90' lang='lat' dir='ltr'><strong>au</strong></span> <span class='ocrx_word' id='word_1_670' title='bbox 4154 4877 4476 4964; x_wconf 84' lang='lat' dir='ltr'><strong>Seigueur</strong></span> 
     </span>
     <span class='ocr_line' id='line_1_96' title="bbox 3268 4960 4429 5051; baseline 0 -21"><span class='ocrx_word' id='word_1_671' title='bbox 3268 4962 3334 5030; x_wconf 87' lang='lat' dir='ltr'><strong>J.</strong></span> <span class='ocrx_word' id='word_1_672' title='bbox 3379 4960 3695 5028; x_wconf 81' lang='lat' dir='ltr'><strong>Gravelle</strong></span> <span class='ocrx_word' id='word_1_673' title='bbox 3735 4983 3818 5029; x_wconf 90' lang='lat' dir='ltr'><strong>au</strong></span> <span class='ocrx_word' id='word_1_674' title='bbox 3862 4984 4017 5029; x_wconf 92' lang='lat' dir='ltr'><strong>nom</strong></span> <span class='ocrx_word' id='word_1_675' title='bbox 4062 4963 4143 5031; x_wconf 89' lang='lat' dir='ltr'><strong>de</strong></span> <span class='ocrx_word' id='word_1_676' title='bbox 4184 4963 4429 5051; x_wconf 90' lang='lat' dir='ltr'><strong>leglise.</strong></span> 
     </span>
    </p>
   </div>
   <div class='ocr_carea' id='block_1_18' title="bbox 2707 5138 3108 5147">
    <p class='ocr_par' dir='ltr' id='par_1_19' title="bbox 2707 5138 3108 5147">
     <span class='ocr_line' id='line_1_97' title="bbox 2707 5138 3108 5147; baseline 0 0"><span class='ocrx_word' id='word_1_677' title='bbox 2707 5138 3108 5147; x_wconf 95' lang='lat' dir='ltr'><strong> </strong></span> 
     </span>
    </p>
   </div>
   <div class='ocr_carea' id='block_1_19' title="bbox 2707 5251 3761 5395">
    <p class='ocr_par' dir='ltr' id='par_1_20' title="bbox 2707 5251 3761 5395">
     <span class='ocr_line' id='line_1_98' title="bbox 2707 5251 3465 5317; baseline 0 -9"><span class='ocrx_word' id='word_1_678' title='bbox 2707 5253 2895 5309; x_wconf 74' lang='lat'><strong>8648.</strong></span> <span class='ocrx_word' id='word_1_679' title='bbox 2917 5253 2977 5317; x_wconf 83' lang='lat'><strong>1)</strong></span> <span class='ocrx_word' id='word_1_680' title='bbox 3009 5253 3087 5310; x_wconf 85' lang='lat' dir='ltr'><strong>N.</strong></span> <span class='ocrx_word' id='word_1_681' title='bbox 3121 5251 3276 5307; x_wconf 82' lang='grc'><strong>3569.</strong></span> <span class='ocrx_word' id='word_1_682' title='bbox 3310 5251 3465 5308; x_wconf 81' lang='grc'><strong>8608.</strong></span> 
     </span>
     <span class='ocr_line' id='line_1_99' title="bbox 2911 5321 3761 5395; baseline 0.006 -19"><span class='ocrx_word' id='word_1_683' title='bbox 2911 5321 2969 5390; x_wconf 82' lang='grc'><strong>2)</strong></span> <span class='ocrx_word' id='word_1_684' title='bbox 3019 5322 3192 5395; x_wconf 68' lang='lat' dir='ltr'><strong>Voyea</strong></span> <span class='ocrx_word' id='word_1_685' title='bbox 3224 5323 3283 5379; x_wconf 81' lang='lat' dir='ltr'><strong>la</strong></span> <span class='ocrx_word' id='word_1_686' title='bbox 3312 5324 3464 5379; x_wconf 73' lang='lat' dir='ltr'><strong>lettre</strong></span> <span class='ocrx_word' id='word_1_687' title='bbox 3493 5326 3761 5381; x_wconf 64' lang='lat' dir='ltr'><strong>cuinam.</strong></span> 
     </span>
    </p>
   </div>
   <div class='ocr_carea' id='block_1_20' title="bbox 4810 5 4826 6078">
    <p class='ocr_par' dir='ltr' id='par_1_21' title="bbox 4810 5 4826 6078">
     <span class='ocr_line' id='line_1_100' title="bbox 4810 5 4826 6078; baseline 0 0"><span class='ocrx_word' id='word_1_688' title='bbox 4810 5 4826 6078; x_wconf 95' lang='lat' dir='ltr'><strong> </strong></span> 
     </span>
    </p>
   </div>
  </div>
 </body>
</html>
