4850 6117
623 413 761 481 -427

623 603 894 670 assidue
957 608 1031 666 ut
1092 594 1401 667 ecclesiae
1466 617 1625 662 suae
1688 594 1859 662 adsit
1920 601 1989 660 et
2052 592 2454 658 truculentos
2511 600 2580 656 et

637 688 1090 774 sanguinarios
1123 685 1274 751 illos
1308 685 1596 748 latrones
1643 689 1914 748 evertat.
1994 678 2173 746 Sane
2207 678 2578 761 inauspica-

635 785 778 842 tum
814 786 915 841 est
950 771 1138 856 quod,
1184 790 1388 854 quum
1432 769 1637 834 nostri
1679 769 1773 833 ita
1816 768 1951 833 sint
1992 766 2311 843 instructi,
2357 765 2582 830 sinant

636 861 762 929 sibi
804 861 874 924 in
918 868 1267 942 conspectu
1313 855 1407 921 eri
1455 856 1477 919 i
1535 864 1648 918 aut
1705 852 2010 937 occupari
2051 851 2400 935 Estampes
2417 854 2473 925 ²)
2517 856 2584 914 et

637 948 852 1031 copias
911 941 1211 1028 progredi
1273 941 1409 1006 Rot
1457 960 1761 1023 omagum
1822 959 2065 1004 versus.
2153 936 2292 1003 Gur
2349 935 2584 1014 nostri,

636 1053 838 1118 quum
883 1030 1102 1096 hostes
1145 1027 1511 1094 exercitum
1554 1045 1748 1092 suum
1793 1023 2113 1101 dividant,
2161 1044 2287 1089 non
2335 1021 2583 1087 medios

639 1140 709 1185 se
754 1119 1065 1202 ingerunt
1110 1126 1175 1180 et
1217 1122 1471 1197 partem
1516 1112 1789 1178 alteram
1847 1108 2220 1175 invadunt?
2307 1107 2583 1174 Utinam

635 1203 823 1270 brevi
889 1200 1233 1267 audiamus
1287 1198 1560 1264 feliciter
1616 1216 1947 1281 pugnasse
2004 1205 2276 1261 nostros.
2366 1193 2584 1258 Hodie

639 1288 832 1357 audio
855 1287 1280 1370 Bollvylerum
1322 1285 1538 1368 copias
1572 1282 1978 1349 conscribere
1999 1281 2280 1370 Hispani
2317 1279 2583 1345 nomine

638 1378 710 1443 in
755 1375 1131 1441 Germania.
1198 1372 1422 1437 Nostri
1464 1388 1717 1453 quoque
1761 1368 1955 1433 vicini
1999 1366 2310 1432 foederati
2355 1367 2422 1430 in
2460 1364 2584 1430 hoc

640 1473 799 1528 sunt
833 1460 954 1524 toti
997 1466 1072 1524 ut
1105 1465 1457 1524 excurrant
1492 1456 1559 1520 in
1587 1452 1892 1520 Galliam.
1972 1454 2350 1519 Potuissent
2374 1451 2585 1516 nostri

635 1546 1047 1647 prohibuisse
1089 1542 1203 1608 illa
1246 1540 1482 1617 omnia,
1529 1541 1584 1606 si
1629 1550 1886 1605 mature
1931 1539 2259 1624 progressi
2301 1537 2586 1603 fuissent

638 1655 711 1699 ιιι
770 1632 1042 1698 hostem.
1129 1629 1382 1694 Verum
1453 1636 1556 1691 sat
1621 1627 1748 1692 cito
1826 1627 1880 1691 si
1948 1635 2051 1691 sat
2118 1626 2299 1691 bene.
2389 1621 2585 1703 Quod

644 1717 892 1795 scribis,
941 1736 1057 1781 nos
1100 1724 1168 1779 et
1211 1714 1404 1780 urbes
1448 1711 1858 1796 evangelicas
1901 1711 2158 1796 frigere,
2203 1730 2358 1775 vere
2404 1708 2583 1774 dicis.

642 1805 735 1871 Et
774 1824 898 1889 ego
941 1802 1062 1867 hoc
1107 1801 1301 1865 anxie
1337 1819 1574 1882 queror
1609 1808 1676 1863 et
1724 1798 1897 1863 insto
1948 1808 2263 1881 quantum
2299 1814 2583 1879 possum.

643 1889 779 1958 Sed
815 1889 1125 1955 maiorem
1182 1898 1333 1969 opto
1378 1905 1765 1951 successum.
1848 1884 2059 1949 Fama
2093 1882 2285 1947 hodie
2341 1880 2584 1959 attulit,

641 1974 952 2060 quosdam
998 1982 1063 2039 et
1110 1977 1145 2037 5
1190 1972 1391 2056 Pagis
1455 1970 1741 2055 cogitare
1799 1969 1879 2034 de
1942 1966 2388 2053 opprimendis
2435 1965 2586 2032 Ola-

641 2060 1051 2138 ronensibus‚
1070 2060 1128 2142 ⁸)
1174 2056 1347 2141 quod
1391 2057 1515 2122 sibi
1560 2056 1845 2121 habeant
1886 2075 2284 2138 persuasum,
2341 2074 2410 2118 se
2453 2071 2588 2118 non

639 2168 829 2232 posse
869 2146 1075 2212 libere
1118 2144 1191 2208 in
1235 2142 1525 2209 Galliam
1570 2142 1888 2225 proficisci
1935 2142 2065 2207 nisi
2107 2141 2211 2205 his
2263 2136 2588 2223 oppressis

644 2242 714 2300 et
752 2231 940 2298 nobis
983 2250 1240 2314 quoque
1283 2229 1630 2294 subversis.
1721 2228 1912 2293 Missi
1956 2240 2109 2293 sunt
2144 2226 2589 2309 exploratores

647 2320 760 2404 qui
814 2327 1085 2384 conatus
1144 2318 1417 2380 istorum
1476 2321 1887 2397 cognoscant.
1977 2313 2248 2379 Certum
2288 2320 2389 2377 est
2431 2312 2589 2375 istos

647 2412 904 2470 tantum
968 2423 1103 2468 non
1159 2401 1465 2466 insanire.
1557 2402 1655 2465 Ac
1720 2409 2058 2482 postquam
2122 2397 2306 2463 divisi
2365 2417 2590 2462 sumus

647 2492 719 2557 in
782 2488 1107 2565 Helvetia,
1193 2485 1437 2563 dubito,
1505 2487 1559 2551 si
1628 2486 1711 2551 ab
1778 2484 2100 2569 aliquibus
2166 2490 2590 2550 monerentur

651 2573 1172 2660 Burgundiones,
1247 2573 1441 2638 sicuti
1485 2582 1556 2636 tu
1600 2592 1845 2650 mones,
1913 2592 1998 2637 an
2042 2576 2587 2654 optemperat-ent.

646 2662 854 2729 Plura
895 2660 1298 2742 colloquutus
1342 2680 1488 2724 sum
1531 2679 1681 2724 cum
1722 2658 1924 2723 fratre
1958 2672 2182 2721 nostro
2227 2656 2350 2721 hoc
2396 2654 2586 2731 Iulio,

649 2748 761 2832 qui
804 2746 1024 2813 omnia
1065 2743 1183 2809 tibi
1229 2745 1484 2810 referet.
1574 2742 1859 2810 Oremus
1893 2743 2273 2820 Dominum,
2338 2742 2409 2805 in
2461 2760 2589 2823 quo

648 2854 778 2900 uno
822 2835 955 2898 fixa
996 2840 1094 2897 est
1137 2852 1287 2914 spes
1331 2838 1570 2907 nostra,
1617 2851 1701 2894 ne
1743 2850 1862 2896 nos
1906 2827 2162 2895 deserat
2205 2838 2402 2911 atque
2437 2825 2587 2890 hos-

649 2920 829 2985 tibus
870 2938 986 2984 ora
1020 2918 1270 3001 aperiat
1324 2914 1644 3001 gloriandi
1701 2914 1895 2981 fidem
1953 2926 2246 2981 nostram
2289 2931 2432 2978 esse
2477 2932 2589 2977 va-

654 3025 826 3071 nam.
915 3001 1151 3069 Nescio
1195 3022 1277 3067 an
1332 3002 1578 3068 ultimis
1635 3001 1843 3068 literis
1898 3001 2321 3086 significarim
2365 3020 2404 3062 a
2447 2996 2590 3081 qui-

652 3089 928 3156 busdam
971 3087 1442 3155 Basiliensibus
1483 3088 1803 3154 usurariis
1862 3087 1997 3171 peti
2039 3086 2383 3170 pecuniam
2428 3104 2595 3167 quae

651 3175 968 3242 militibus
1011 3175 1266 3259 erogari
1301 3176 1529 3258 possit,
1576 3173 1808 3241 saltem
1854 3181 1927 3239 ut
1966 3195 2051 3239 ex
2085 3170 2393 3238 Helvetia
2435 3168 2594 3235 edu-

654 3270 908 3330 cantur.
997 3260 1087 3325 Et
1130 3259 1298 3342 quod
1342 3258 1555 3326 Mosei
1594 3263 1972 3343 irruperunt
2025 3259 2097 3323 in
2141 3257 2450 3323 Russiam
2494 3263 2591 3319 at-

653 3369 779 3432 que
822 3366 1018 3429 supra
1060 3349 1187 3411 200
1251 3345 1744 3412 combusserunt
1786 3366 2004 3430 pagos.
2094 3343 2283 3422 Vale,
2329 3343 2436 3408 vir
2477 3340 2594 3407 ho-

652 3431 944 3500 norande
987 3440 1054 3495 et
1093 3430 1297 3496 frater
1340 3433 1691 3509 carissime,
1757 3444 1825 3497 et
1877 3452 2074 3515 quam
2115 3432 2403 3513 primum
2452 3427 2597 3493 fieri

651 3527 868 3605 potest
910 3516 1118 3584 scribe
1162 3516 1243 3582 de
1285 3517 1478 3583 rebus
1520 3526 1896 3582 nostrornm
1938 3518 2010 3582 in
2054 3515 2293 3582 Gallia.
2374 3514 2595 3580 Vehe-

652 3614 913 3671 menter
977 3602 1155 3667 enim
1219 3604 1397 3667 anxii
1463 3624 1688 3668 sumus
1754 3613 1820 3668 et
1881 3604 1950 3668 in
2028 3620 2324 3667 moerore
2388 3600 2593 3685 gravi.

655 3689 888 3776 'figuti
926 3691 1008 3753 30
1043 3689 1206 3754 Maii
1257 3693 1436 3754 1562.
1520 3688 1755 3754 Saluta
1787 3688 2142 3767 Budaeum,
2181 3686 2599 3753 lonviuaeum

657 3785 725 3843 et
763 3775 945 3841 alios.
1037 3773 1354 3840 Salutant
1399 3786 1462 3840 te
1506 3776 1711 3840 nostri
1767 3795 2013 3854 omnes,
2068 3773 2368 3857 inprimis
2415 3771 2598 3839 Mar-

655 3868 756 3947 ὑφ·
798 3868 918 3928 etc.

1371 3997 1554 4064 Tuus
1597 4017 1680 4062 ex
1726 3998 1944 4062 animo
1985 3994 2424 4080 Bullingerus.

858 4149 919 4217 2)
955 4150 1209 4218 Leuconoe
1241 4149 1291 4203 3.
1331 4150 1460 4205 Mai
1483 4166 1547 4219 p.
1583 4149 1711 4204 ⁸222.-
1756 4150 1859 4204 Die
1894 4151 2102 4215 Martis,
2141 4165 2279 4218 quae
2325 4149 2434 4202 erit
2473 4147 2508 4201 5
2543 4147 2595 4200 h.

655 4238 726 4274 m.
765 4219 1160 4275 Connestabilis
1195 4224 1253 4271 et
1278 4220 1557 4273 Aumalius
1592 4219 1824 4273 educent
1855 4219 1982 4272 hinc
2014 4219 2290 4285 (Lutetia)
2323 4217 2508 4297 copias
2535 4222 2600 4297 et

658 4298 850 4410 petent
885 4286 1140 4357 oppidum
1177 4287 1469 4368 Estampes
1505 4287 1651 4368 quod
1686 4294 1772 4341 est
1812 4289 1870 4340 in
1913 4289 2028 4368 via·
2048 4286 2443 4351 Aurelianemu,
2494 4301 2601 4338 nisi

679 4364 800 4410 orte
849 4373 942 4409 eos
992 4363 1347 4425 praeveniant
1393 4357 1812 4411 Aurelianenses
1866 4372 1959 4425 qm
2011 4372 2120 4409 iam
2167 4358 2436 4424 vagantur
2478 4369 2599 4407 cum

659 4425 906 4494 equitatu
941 4429 998 4476 et
1033 4424 1286 4478 videntur
1302 4427 1503 4479 moturi
1530 4431 1717 4479 castra.
1765 4425 2190 4494 Rotomageuses

661 4510 835 4562 nuper
871 4492 1206 4562 dissiparunt
1251 4495 1458 4563 aliquot
1503 4494 1754 4548 cohortes
1800 4493 2032 4548 militum
2079 4508 2216 4562 quae

658 4563 821 4684 Ἐξ
854 4560 1660 4689 fflw‘tffssffffi

749 4767 758 4777 ι
855 4697 927 4778 ,3)
965 4696 1044 4752 Ν.
1081 4697 1216 4752 3767
1251 4708 1362 4756 not.
1396 4699 1431 4754 8
1465 4706 1519 4755 et
1549 4701 1614 4752 N.
1649 4698 1717 4754 37
1756 4699 1785 4752 1
1832 4706 1941 4754 not.
1976 4698 2025 4753 3.
2101 4696 2323 4754 Ructat
2367 4697 2462 4752 v1.
2496 4695 2600 4751 444

659 4783 756 4890 ἵζ’
778 4773 994 4890 &Q
987 4769 1489 4892 ”mmmmm
1512 4768 1912 4906 &35:⁸3
1935 4767 2185 4906 ,aff
2177 4769 2332 4892 ⁶132.ssss
2364 4767 2605 4891 ‘imm‘
2456 4766 2601 4849 ΠΨ

666 4903 1025 4959 Claronmses
1055 4905 1264 4972 puniri.

2323 4424 2432 4478 essi
2465 4423 2599 4476 urbe

2298 4508 2365 4546 uc
2409 4490 2599 4545 tende·

1663 4563 1834 4684 &titi
1887 4569 2044 4616 eram
2091 4562 2143 4616 d.
2193 4560 2275 4614 15.
2323 4561 2461 4630 Apr.
2507 4558 2601 4625 (de

2134 401 2657 471 EPIS‘I'OLAE
2703 405 3126 468 3796-3800

4470 410 4572 475 428

3556 589 3754 662 3797.

3073 743 3741 812 BULLINGERUS
3792 745 4225 815 GALVINO.

2867 916 3236 1001 Usquam
3276 915 3709 995 ᾱθΗοῑυσιίίε,
3749 916 4586 986 ικαωὺκεΒΙιαώίεόκΘαῖ-

2684 1003 2842 1070 liam
2885 1003 3211 1069 evocandis
3252 1009 3322 1067 ut
3367 1000 3674 1069 Condensi
3718 1003 4038 1069 auxilium
4074 1003 4303 1086 ferant.

2680 1175 2791 1243 (Ex
2842 1175 3177 1244 autographo
3214 1175 3376 1229 Arch.
3414 1175 3593 1230 Turio.
3626 1175 3770 1229 Plut.
3815 1175 3914 1231 vl.
3949 1175 4067 1232 Vol.
4115 1174 4228 1242 129,
4275 1176 4403 1230 olim
4445 1175 4590 1231 Seria.

2909 1244 2973 1297 B.
3008 1244 3146 1314 Epp.
3184 1244 3336 1298 Tom.
3373 1243 3456 1298 30.
3492 1244 3583 1299 fol.
3619 1243 3739 1298 434.
3777 1271 3841 1283 -—
3877 1245 4073 1300 Simler
4105 1245 4227 1299 Vol.
4263 1243 4403 1312 104.)

2856 1415 3235 1483 Clarissimo
3293 1417 3377 1482 D.
3423 1416 3657 1482 Ioanni
3713 1416 3993 1483 Calvino
4049 1417 4451 1484 Genevensis
4507 1437 4593 1483 ec-

2685 1503 2919 1567 clesiae
2962 1502 3339 1568 fidelissimo
3382 1503 3630 1586 pastori
3687 1512 3756 1568 et
3818 1525 3895 1568 eo
3951 1503 4217 1570 absente
4258 1501 4342 1568 D.
4390 1502 4597 1569 Ioanni

2686 1586 2958 1654 Budaeo
3017 1590 3122 1654 vel
3167 1588 3525 1654 Ionvillaeo
3580 1588 3861 1655 dominis
3914 1587 4310 1656 honorandis
4364 1598 4430 1654 et
4486 1589 4597 1654 fra-

2686 1673 2899 1739 tribus
2941 1675 3294 1741 carissimis
3340 1677 3518 1740 meis.

4235 1760 4453 1828 Genff.

2859 1931 2927 1999 S.
2975 1933 3058 1997 D.
3106 1932 3324 2016 Cogor
3361 1932 3480 1997 has
3523 1933 3807 1999 scribere
3850 1954 4046 2018 quam
4087 1933 4439 2010 celerrime,
4480 1954 4602 2017 pro·

2686 2018 2841 2084 inde
2884 2018 3279 2085 condonabis
3338 2017 3524 2097 mihi,
3579 2018 3958 2085 honorande
4002 2018 4261 2085 domine
4303 2028 4370 2084 et
4422 2018 4602 2084 frater

2687 2105 2881 2188 longe
2925 2104 3276 2170 carissime.
3366 2104 3556 2170 Missi
3599 2114 3758 2171 sunt
3821 2127 3860 2169 a
3904 2107 4145 2171 nostris
4186 2105 4604 2188 exploratores

2688 2189 2771 2255 ad
2808 2196 2865 2255 5.
2891 2190 3123 2289 Pagos:
3193 2188 3516 2290 Redeunt,
3552 2191 3847 2256 referunt
3879 2191 4025 2256 illos
4059 2201 4409 2275 erupturos
4431 2192 4604 2256 etiam

2689 2277 3949 2460 {ttffffifftffiffitsstzt
3975 2277 4604 2439 {ffiiof'ffi'ffif'ssl

2690 2447 2942 2515 Omnes
3002 2448 3366 2526 conficient,
3437 2450 3493 2515 si
3549 2449 3877 2515 Dominus
3934 2448 4317 2532 permiserit.
4420 2445 4605 2532 Spero

2691 2544 2912 2599 tamen
2958 2535 3343 2599 inventuros
3386 2534 3532 2601 illos
3574 2534 3797 2600 divina
3840 2535 4320 2618 dispensatione
4362 2545 4428 2600 et
4458 2533 4606 2598 iudi·

2691 2622 2790 2685 oio
2855 2620 3209 2685 iustissimo
3264 2618 3436 2703 quod
3488 2642 3617 2686 non
3663 2629 4002 2704 quaerunt.
4093 2620 4303 2686 Fama
4342 2627 4444 2686 est
4481 2618 4607 2685 illos

2692 2706 2898 2771 ituros
2938 2727 3056 2789 per
3097 2704 3552 2790 Burgundiam
3587 2708 3954 2773 Divionem.
4043 2706 4301 2772 Iactant
4339 2728 4410 2772 se
4444 2705 4608 2771 habi-

2694 2801 2875 2858 turos
2918 2791 3286 2858 Germanos
3327 2801 3403 2857 et
3437 2792 3770 2876 Hispanos
3814 2794 4020 2860 socios
4061 2792 4234 2857 belli.
4300 2790 4631 2858 obstitere-

2694 2878 3012 2944 hactenus
3055 2879 3262 2943 nostri
3306 2888 3627 2960 quantum
3672 2888 4050 2961 potuerunt,
4095 2878 4213 2944 sed
4245 2877 4610 2944 Frodn‘ohius

2693 2965 2805 3030 ille
2846 2965 3127 3049 impiger
3168 2973 3283 3030 est.
3362 2964 3469 3029 Ita
3513 2986 3667 3030 vero
3699 2965 4164 3048 gratitudinem
4200 2985 4382 3030 suam
4416 2963 4612 3029 decla·

2694 3060 2800 3115 rat
2861 3052 2931 3115 in
2976 3050 3266 3116 Galliam
3329 3070 3495 3134 quae
3560 3071 3643 3115 ex
3707 3050 4004 3117 mendico
4067 3050 4401 3117 dominum
4459 3047 4612 3115 feeit.

2697 3134 2835 3202 Oro
2899 3135 3260 3202 Dominum
3324 3144 3394 3201 et
3465 3135 3693 3203 sedulo
3747 3137 3929 3204 dico:
4014 3135 4289 3220 Dissipa
4348 3135 4616 3201 Domine

2696 3231 2955 3308 gentem
3025 3242 3193 3305 quae
3254 3222 3426 3288 bella
3489 3222 3650 3288 vult.
3740 3222 3997 3290 Deinde
4060 3222 4316 3288 videtur
4373 3229 4616 3288 mature

2696 3308 3147 3397 admonepdus
3211 3307 3315 3372 111.
3391 3307 3732 3376 (londensis
3807 3331 3892 3376 ne
3970 3309 4262 3393 negligat
4321 3308 4615 3374 Rhaetos.

2696 3395 2892 3461 Natio
2935 3384 3097 3461 lkec
3139 3393 3494 3461 fortissima
3514 3404 3616 3461 est
3637 3405 3704 3461 et
3739 3394 4086 3479 aliquando
4119 3395 4265 3479 regi
4300 3392 4618 3460 manciaco

2697 3485 2865 3547 2000
2931 3479 3112 3546 dedit
3167 3479 3450 3545 militum
3503 3482 4021 3548 fortissimorum.
4106 3480 4260 3547 Scio
4322 3480 4619 3563 Guysim

2696 3568 2865 3633 serio
2906 3567 3155 3632 instare
3198 3575 3277 3631 ut
3318 3566 3596 3632 militem
3641 3567 3752 3633 det
3772 3567 4074 3634 Rhaetia.
4143 3567 4288 3651 Ego
4310 3584 4617 3649 quaeeun-

2693 3674 2822 3736 que
2867 3652 3106 3718 habere
3141 3653 3324 3736 potui
3369 3655 3759 3736 scriptorum
3796 3651 4135 3719 Govtdensis
4166 3673 4285 3737 per
4316 3651 4616 3717 Ioannem

2697 3738 3057 3804 Fabritium
3089 3746 3415 3822 pastorem
3441 3738 3825 3805 Ouriensem
3860 3738 4428 3824 vigilantissimum
4456 3756 4616 3803 com-

2695 3825 3029 3891 municavi
3088 3822 3577 3907 potentioribus,
3639 3834 3706 3889 et
3762 3845 3879 3908 per
3943 3823 4223 3909 gratiam
4265 3822 4395 3888 Dei
4445 3819 4615 3888 effeci

2697 3921 2772 3976 ut
2836 3909 3053 3995 palam
3117 3911 3186 3975 in
3253 3911 3533 3976 comitiis
3597 3910 4027 3977 Ouriensibus
4091 3930 4268 3976 nunc
4333 3907 4615 3993 negarint

2697 3996 2972 4062 militem
3021 3996 3277 4081 θυμία.
3367 3994 3560 4078 Quod
3605 3997 4042 4063 certissimum
4087 4009 4204 4062 est.
4283 3994 4429 4061 Hac
4469 3994 4617 4057 hora

2697 4083 2941 4166 accipio
2986 4082 3208 4147 literas
3252 4082 3454 4148 Curia
3495 4082 3939 4166 significantes
3981 4082 4391 4165 profuturum
4432 4077 4617 4163 pluri·

2698 4190 2877 4234 mum
2922 4169 2979 4234 si
3014 4168 3253 4234 scribat
3295 4167 3385 4232 ill.
3432 4168 3735 4251 princeps
3778 4169 4022 4234 amicas
4064 4166 4147 4232 ad
4189 4167 4364 4250 ipsos
4396 4166 4617 4261 literas:

2697 4255 2806 4319 Ita
2846 4252 3304 4319 retinebuntur
3343 4255 3415 4318 in
3459 4253 3689 4320 officio.
3779 4252 3954 4321 Sunt
4010 4253 4255 4336 alioqui
4296 4252 4481 4317 multi
4519 4268 4619 4332 qm

2698 4340 2984 4408 clamant
3018 4362 3089 4406 se
3124 4340 3463 4423 praeteriri
3499 4342 3972 4424 contemnique.
4045 4342 4207 4423 Age,
4253 4339 4343 4404 mi
4380 4336 4617 4403 domine

2700 4440 2767 4491 et
2820 4428 3038 4503 frater,
3105 4427 3289 4492 effice
3346 4436 3423 4491 ut
3477 4426 3800 4492 scribatur
3859 4425 3942 4491 ad
3995 4446 4123 4491 eos.
4212 4423 4291 4491 Si
4351 4445 4475 4490 non
4511 4440 4618 4506 per

2701 4512 3061 4595 principem
3105 4512 3319 4577 curari
3366 4521 3631 4594 possent
3672 4512 3928 4589 melius,
3973 4530 4096 4595 ego
4138 4511 4384 4595 optime
4417 4520 4617 4594 potero

2700 4598 2921 4663 literas
2964 4618 3215 4676 curare,
3259 4606 3326 4662 et
3368 4600 3495 4663 cito
3537 4607 3606 4663 et
3647 4607 3809 4675 tuto,
3853 4599 3910 4662 si
3957 4596 4061 4663 vel
4104 4597 4187 4662 ad
4230 4617 4336 4663 me
4380 4597 4619 4661 mittan-

2701 4694 2825 4748 tur.
2925 4682 3015 4747 Et
3078 4683 3359 4748 libenter
3421 4683 3674 4749 faciam.
3777 4683 3929 4749 Non
3994 4681 4220 4749 desino
4280 4682 4439 4749 alias
4486 4678 4616 4745 illos

2700 4768 2949 4835 hortari
2990 4776 3058 4835 et
3100 4769 3381 4834 retinere
3424 4777 3545 4835 etc.
3634 4767 3895 4835 Scribat
3950 4779 4167 4835 autem
4223 4763 4614 4853 amplissimis

2696 4854 2881 4940 Coss.
2909 4853 3334 4921 Ouriensibus
3370 4864 3435 4919 et
3456 4853 4053 4921 Oommunitatibus
4087 4857 4288 4920 trium
4310 4852 4614 4921 foederum

2701 4940 3024 5006 Rhaetiae
3065 4949 3184 5006 etc.
3274 4938 3443 5006 Vale
3500 4950 3571 5008 et
3611 4951 3836 5008 curato
3879 4939 4040 5006 haec
4081 4962 4200 5025 pro
4242 4951 4360 5007 tua
4400 4937 4515 5006 fide
4551 4943 4613 5000 et

2701 5024 3043 5111 diligentia
3082 5025 3233 5092 cito.
3316 5024 3401 5091 D.
3442 5027 3698 5112 Mar-tyr
3733 5036 3802 5093 et
3843 5036 4249 5112 symmystae
4292 5024 4613 5111 honorifice

2702 5119 2769 5260 ¹120
2827 5121 3103 5195 tuosque
3157 5111 3464 5178 salutant.
3566 5113 3892 5180 Dominus
3945 5112 4283 5180 benedicat
4338 5112 4463 5178 tibi.
4550 5112 4606 5171 4.

2742 5197 2883 5262 unii
2932 5200 3112 5261 1562.

3362 5319 3785 5405 Heinrychus
3826 5320 4249 5406 Bullingerus
4292 5328 4453 5384 tuus.
