4850 6117
653 375 777 441 667

824 562 895 630 S.
969 558 1242 628 Gaudeo
1279 580 1456 639 sane,
1493 560 1599 626 vir
1631 559 2074 643 integerrime,
2110 557 2284 643 quod
2319 578 2587 623 munus·

651 650 874 717 culum
927 667 968 711 a
1015 646 1230 712 Trecio
1286 653 1511 711 nostro
1566 656 1903 733 acceptum
1959 644 2081 711 tibi
2137 653 2275 708 tam
2326 652 2590 727 gratum

650 735 853 801 fuisse
906 733 1273 817 intellig-am
1301 752 1413 832 ’ex
1455 732 1586 798 tuis
1629 731 1855 808 literis,
1919 728 2447 796 Admonitionem
2489 729 2590 793 in-

649 817 1810 1004 3233..¹3.m0⁶;}3}221?‘3..¹‘33335.
1850 818 2126 1002 tm
2151 825 2594 1001 22³3..ssss

647 991 831 1059 labor
864 1012 1009 1057 meo
1043 990 1304 1073 quidem
1338 990 1578 1056 iudicio
1611 1010 1748 1055 non
1788 988 2057 1054 inutilis.
2127 987 2402 1054 Utinam
2437 1007 2593 1052 vero

648 1078 901 1162 gratius
942 1075 1186 1159 aliquid
1251 1076 1563 1142 haberem
1620 1073 1790 1158 quod
1856 1074 1974 1141 tibi
2033 1073 2270 1139 offerre
2332 1073 2588 1138 liceret!

647 1164 795 1230 Iam
851 1184 970 1247 pro
1028 1173 1143 1227 tua
1196 1162 1603 1227 humanitate
1659 1162 1942 1244 gratiam
1996 1160 2234 1236 habeo,
2290 1158 2468 1242 quod
2524 1166 2592 1224 te

646 1250 1006 1317 missurum
1047 1247 1343 1313 libellum
1379 1267 1510 1313 non
1550 1246 1978 1312 iniucundum
2013 1244 2354 1329 pellicerio,
2399 1265 2593 1326 quem

645 1337 812 1402 mihi
845 1342 1227 1419 pergratum
1268 1333 1408 1432 fore
1449 1354 1582 1399 non
1598 1332 1891 1432 dubites,
1934 1352 2138 1415 quum
2172 1331 2287 1396 abs
2325 1337 2389 1396 te
2422 1329 2591 1395 nihil

648 1443 786 1488 non
819 1431 1420 1603 fflffiuptremg
1440 1427 1869 1603 &aarum
1921 1524 2043 1587 ego
2095 1502 2376 1602 libenter
2425 1521 2593 1585 quae

648 1601 827 1662 certo
878 1592 1012 1659 scio
1055 1591 1241 1658 vobis
1293 1610 1565 1656 seorsim
1606 1588 2096 1673 personberem‚
2140 1589 2266 1654 nisi
2311 1589 2393 1653 D.
2445 1586 2591 1653 Gal-

646 1682 834 1746 vimcs
877 1678 961 1743 ad
1003 1697 1311 1761 unguem,
1365 1675 1520 1742 licet
1570 1695 1688 1758 pro
1746 1696 1867 1741 sua
1911 1675 2228 1742 brevitate
2283 1673 2592 1757 copiosis-

650 1765 838 1844 sima,
874 1763 959 1829 D.
997 1762 1366 1846 Bullinqero
1407 1776 1626 1829 vestro
1668 1770 2024 1844 exponeret
2067 1780 2233 1843 quae
2273 1761 2416 1842 ipso
2460 1757 2594 1826 dic-

650 1859 833 1916 tante
912 1849 1182 1932 excipio.
1287 1848 1424 1914 Nec
1485 1846 1650 1913 mihi
1728 1844 2000 1912 dubium
2064 1855 2165 1912 est
2226 1846 2387 1929 quin
2450 1846 2593 1911 eius

650 1936 882 2002 literae
916 1936 1102 2003 vobis
1135 1935 1271 2000 sint
1302 1953 1701 2000 communes.
1772 1933 1873 1998 Ne
1907 1932 2111 2017 igitur
2144 1941 2362 1998 actum
2399 1952 2592 2016 agam

651 2021 737 2087 ad
777 2021 927 2087 illas
961 2031 1027 2086 te
1063 2020 1344 2087 remitto.
1419 2020 1501 2084 D.
1527 2018 1770 2086 Bezam
1804 2018 2063 2083 salvum
2097 2027 2166 2084 et
2197 2018 2593 2084 incolumem

651 2128 796 2174 esse
842 2107 968 2172 Dei
1025 2113 1156 2188 opt.
1200 2126 1371 2170 max.
1428 2105 1660 2189 gratia,
1717 2125 1850 2170 non
1910 2104 2139 2171 dubito
2198 2104 2314 2171 sed
2369 2102 2595 2169 nullae

652 2191 735 2258 ab
778 2214 854 2259 eo
897 2192 1123 2258 literae
1187 2190 1603 2257 adferuntur:
1660 2190 1933 2256 ultimae
1972 2197 2163 2255 erant
2225 2188 2416 2255 datae
2472 2188 2594 2256 sub

650 2279 855 2344 finem
897 2276 1208 2344 Ianuarii.
1291 2276 1355 2343 N
1357 2297 1430 2342 ec
1486 2278 1733 2342 mirum
1784 2275 1910 2342 hoc
1950 2275 2157 2341 videri
2211 2274 2402 2341 debet
2443 2275 2596 2358 quia

651 2386 803 2431 cum
848 2364 1186 2430 Amiraldo
1224 2363 1294 2426 in
1339 2362 1808 2429 Normandiam
1849 2362 2178 2445 profectus
2220 2368 2336 2428 est.
2381 2398 2467 2408 —
2509 2397 2595 2409 -

825 2535 1140 2603 Genevae
1189 2538 1283 2600 10.
1321 2533 1547 2600 Martii
1600 2536 1779 2600 1563.

1832 2669 1981 2736 Car.
2027 2668 2423 2735 Ionvillaeus

1806 2757 1904 2822 tui
1946 2755 2449 2822 amantissimus.

1540 3301 1736 3374 8915.

1062 3472 1731 3543 BULLINGERUS
1767 3475 2202 3544 OALVINO.

656 3644 1074 3799 Mearm
1138 3664 1218 3710 ex
1276 3643 1498 3711 Gallia
1554 3646 1633 3713 de
1694 3653 1876 3730 capta
1930 3648 2223 3730 Aurelia,
2285 3650 2459 3716 mira
2521 3670 2598 3717 ex

960 3901 1069 3969 (Ex
1104 3898 1442 3971 autographo
1477 3899 1609 3955 Ood.
1646 3901 1814 3960 Goth.
1844 3901 1967 3973 404,
2000 3904 2091 3960 sol.
2128 3903 2273 3975 757.)

827 4069 1206 4139 Clarissimo
1263 4073 1404 4139 viro
1463 4074 1543 4138 D.
1590 4073 1827 4140 Ioanni
1883 4074 2160 4143 Calvino
2217 4078 2594 4146 fidelissimo

656 4156 1071 4225 Genevensis
1104 4158 1412 4225 ecclesiae
1443 4161 1694 4242 pastori
1717 4161 2001 4228 Domino
2035 4183 2179 4230 meo
2213 4163 2594 4235 honorando

654 4252 723 4308 et
763 4243 955 4309 fratri
997 4244 1291 4311 carissim'
1204 4244 1218 4258 '
1292 4265 1351 4311 o.
2198 4334 2410 4402 Genff

823 4498 895 4567 S.
942 4500 1032 4567 D.
1098 4501 1350 4566 Tristes
1412 4522 1536 4567 nos
1599 4501 1886 4570 reddunt
1950 4506 2283 4574 Helvetici
2348 4506 2594 4591 aliquot

652 4583 896 4683 milites
932 4586 1045 4669 qui
1085 4585 1211 4653 hac
1250 4586 1615 4671 septimana
1648 4600 1971 4656 venerunt
2013 4613 2097 4657 ex
2135 4593 2366 4658 castris
2400 4594 2593 4679 Guy-

655 4751 884 4820 relicta
896 4675 1221 4821 qssrgffi
1285 4674 2141 4827 abiitreitiimlzlld’rgoaztffi
2165 4678 2595 4831 ffdzmgrnaz‘lzotss

659 4838 977 4923 Θαψίων)
1017 4860 1243 4910 omnes
1286 4853 1434 4928 post
1486 4845 1704 4931 ipsum
1744 4857 1976 4932 pontes
2020 4847 2343 4930 deiecisse,
2398 4786 2594 4935 ἔφη,

653 5131 831 5255 ffl'
851 5130 910 5199 1)
946 5129 1033 5195 or.
1066 5130 1145 5214 gv.
1179 5130 1333 5185 3912.
1365 5132 1519 5188 3913.
1591 5135 1826 5191 merere
1856 5139 2065 5205 tamam
2099 5138 2167 5195 a«
2199 5146 2368 5194 morte
2406 5139 2596 5196 θαεεει·

656 5216 1084 5326 mmm
1226 5202 1548 5271 pau-misse.
1634 5202 1744 5273 Qun·
1783 5214 1963 5263 tanen
2006 5211 2120 5265 ian·
2154 5225 2205 5264 a.
2244 5209 2296 5263 d.
2335 5209 2436 5266 Vl.
2474 5209 2590 5266 Gal.

2159 365 2676 436 EPISTOLAE
2717 370 3141 435 3914—3918

4502 375 4619 438 668

2692 557 2788 623 ita
2827 556 3014 623 illum
3070 556 3479 641 prohibuisse
3520 560 3602 626 ab
3646 560 3920 628 Aurelia
3959 579 4156 644 quam
4210 560 4476 626 interim
4515 560 4623 627 ob·

2692 641 2951 723 sederit,
3017 644 3273 728 magnis
3337 645 3681 713 tormentis
3744 647 4170 725 concusserit,
4235 644 4502 712 tandem
4561 654 4625 711 et

2690 730 3207 881 ceperitadcaptis
3249 731 3549 883 pgggiiilgs
3591 733 3861 884 aliquot¹3
3908 730 4201 800 liberatis
4240 731 4521 816 captivis
4561 741 4626 797 et

2690 836 2963 967 3333..
3004 837 3280 984 ..ἓξ-ἓξ,
3322 816 4628 987 ωηῗωὲᾚέἒεὲᾙὲῗῆοἶίῗ

2691 989 2888 1072 magi.
2958 987 3226 1053 Mallem
3269 990 3557 1072 profecto
3589 990 3760 1056 mori
3793 1011 3990 1074 quam
4022 989 4250 1056 audire
4269 989 4627 1066 Aureliam,

2692 1074 2762 1173 in
2805 1094 2955 1174 qua·
2978 1081 3134 1139 sunt
3176 1081 3276 1140 tot
3317 1075 3548 1156 sancti,
3592 1076 3675 1143 ab
3716 1076 4042 1177 isto-lupo
4085 1075 4385 1177 irrumpi.
4472 1075 4631 1141 Pro-

2693 1157 2876 1311 {1350
2876 1181 3001 1310 lisga
3017 1180 3138 1226 nos
3188 1180 3373 1227 amas
3431 1168 3687 1229 mature
3743 1163 4007 1229 scnb1to
4050 1161 4206 1246 quid
4268 1171 4360 1227 sit
4418 1169 4631 1228 actum

2864 1330 3048 1396 Dum
3125 1332 3287 1399 haec
3364 1334 3575 1400 scribo
3639 1334 3842 1400 Curia
3917 1332 4306 1400 adferuntur
4386 1332 4629 1399 literae.

2694 1414 2917 1482 Verba
2970 1438 3057 1483 ex
3111 1418 3217 1485 his
3272 1439 3453 1484 nunc
3507 1420 3733 1486 refero.
3814 1419 4213 1503 Capitaneus
4267 1419 4632 1503 Gregorius

2694 1501 3061 1655 {egam
3098 1512 3321 1604 narrat
3365 1504 3527 1570 mihi
3570 1505 3765 1658 Uerg.
3804 1505 4331 1656 'Il'jridentEfuriis
4376 1525 4632 1587 correp·

2694 1683 3015 1754 narraret,
3059 1599 3653 1743 gembggnssffiggs
3695 1612 4005 1744 diffugiis
4039 1591 4284 1743 nostiam}1
4286 1613 4409 1744 113111
4448 1590 4633 1742 hm

2693 1761 2958 1826 nomine
2999 1762 3286 1829 civitatis
3320 1765 3656 1847 negotium
3693 1764 3819 1829 fuit
3861 1784 4011 1830 oum
4054 1770 4276 1829 nostro
4312 1762 4630 1846 episcopo,

2694 1845 2806 1929 qui
2851 1845 3221 1912 affirmabat
3264 1848 3644 1933 episcopum
3678 1849 4064 1916 Ouriensem
4097 1849 4328 1915 eadem
4372 1849 4630 1914 referre.

2694 1930 3108 1999 Addiderunt
3162 1933 3549 2001 Pontificem
3605 1943 3943 2020 aegrotare
4004 1935 4293 2019 graviter
4358 1944 4442 2000 ut
4505 1954 4632 1998 non

2695 2018 2886 2102 longe
2928 2018 3097 2085 absit
3139 2040 3180 2083 a
3220 2028 3447 2086 morte.
3473 2024 3528 2101 ⁸)
3596 2019 3951 2088 Caeterum
3991 2022 4413 2106 Augustinus
4449 2018 4632 2101 May-

2693 2104 2938 2171 nardus
3003 2110 3040 2167 7
3044 2151 3061 2168 .
3127 2105 3352 2171 Martii
3415 2105 3757 2173 Clavenna
3819 2106 4046 2174 scribit
4108 2107 4192 2172 ad
4257 2105 4631 2183 Fabi-isium,

2695 2190 3087 2256 Pontificem
3128 2192 3546 2258 constituisse
3579 2193 3996 2276 capitaneum
4028 2192 4342 2259 ecclesiae
4379 2191 4630 2256 Ducem

2699 2275 3058 2342 Sabaudiae
3113 2297 3241 2361 quo
3294 2278 3557 2344 nomine
3598 2279 3946 2363 quotannis
3989 2280 4049 2344 ei
4092 2277 4371 2344 redeunt
4424 2287 4631 2344 souto-

2695 2382 2845 2427 rum
2890 2364 3119 2428 60000.
3202 2363 3622 2430 Oardinalem
3674 2364 4153 2448 Lothan‘nyium
4192 2362 4633 2447 Oenipontem

2697 2445 2780 2513 ad
2823 2448 2989 2532 Imp.
3035 2449 3414 2532 profectum.
3440 2454 3497 2528 ⁴)
3566 2451 3859 2517 Venetos
3916 2471 4186 2535 gravem
4241 2469 4516 2515 movere
4564 2448 4632 2511 in

2697 2531 2923 2599 fideles
2964 2536 3574 2687 persequutionem}⁸1
3639 2533 3883 2688 Ulygeis
3915 2536 4172 2603 comitis
4206 2534 4379 2601 bona
4414 2534 4633 2601 omnia

2696 2639 2840 2685 esse
2895 2621 3244 2686 confiscata
3293 2631 3414 2688 etc.
3575 2642 3690 2688 aec
3792 2623 4054 2689 revibus
4115 2622 4511 2705 consignare
4572 2627 4633 2683 et

2699 2703 2782 2771 ad
2816 2712 2883 2771 te
2915 2706 3181 2772 mittere
3215 2707 3412 2774 volui.
3495 2707 3892 2775 constanter
3925 2709 4089 2773 item
4121 2706 4434 2774 scribitur
4469 2706 4630 2771 'Pur-

2698 2810 2845 2856 cam
2888 2801 3116 2857 contra
3156 2792 3493 2877 Hispanos
3548 2793 3825 2859 classem
3875 2793 4203 2860 instruere
4252 2801 4374 2860 etc.
4448 2790 4628 2867 Vale,

2702 2886 2771 2941 et
2825 2896 3020 2960 quam
3044 2887 3259 2978 ‚potes
3313 2888 3576 2979 mature
3631 2878 3894 2946 scribito
3944 2879 4099 2963 quid
4149 2880 4267 2945 fiat
4309 2877 4626 2944 Aureliae.

2701 2959 3096 3063 Salvus-,sit
3153 2964 3535 3066 Ionmlfaeus
3587 2987 3723 3031 una
3775 2987 3922 3032 cum
3979 2963 4245 3032 Budaeo
4306 2962 4516 3030 fratre
4568 2969 4629 3028 et

2700 3045 3102 3220 gngmgnge
3145 3051 3377 3135 'Pigun
3450 3056 3544 3116 12.
3611 3052 3837 3118 Martii
3910 3056 4092 3117 1563.
4194 3049 4508 3118 Salutant
4566 3057 4627 3114 te

2964 3156 2998 3201 s
3105 3186 3120 3201 .

3827 3274 4252 3360 Bullingerus
4290 3281 4465 3341 tuus.

2725 3563 2740 3577 ²
2868 3478 3114 3545 Addidi
3157 3480 3516 3565 Apologiae
3557 3501 3743 3547 meae
3794 3481 4251 3565 compendium
4293 3499 4489 3547 verae
4529 3497 4623 3544 re-

2697 3562 2959 3649 hgionis
2992 3565 3169 3650 quod
3204 3566 3578 3650 germanice
3611 3567 3860 3650 scripsi,
3904 3586 4107 3651 gener
4140 3586 4327 3632 meus
4358 3566 4624 3631 latinum

2695 3650 2868 3731 fecit,
2926 3672 3063 3717 non
3105 3660 3180 3718 ut
3234 3651 3391 3718 inde
3447 3651 3784 3733 erudiaris,
3842 3651 3957 3719 sed
4000 3652 4323 3719 duntaxat
4365 3659 4442 3717 ut
4480 3671 4623 3736 gns·

2696 3744 2840 3801 tum
2873 3737 3162 3822 aliquem
3207 3736 3449 3805 habeas
3482 3738 3663 3805 illius
3695 3738 3827 3804 mei
3868 3739 4100 3823 operis.
4172 3738 4339 3804 Vale
4376 3737 4618 3804 iterum.

2900 4027 2964 4166 Ως
2995 4028 3075 4112 Ν.
3108 4027 3261 4083 3799.
3345 4029 3534 4110 Vanae
3566 4034 3689 4083 erat
3719 4045 3922 4086 mor.

2696 4096 2963 4291 'Pl-iden}
3004 4097 3278 4249 Len-qtlog
3294 4166 3422 4250 Cal..
3460 4104 3745 4236 Βοῦν-ΨΦ.
3772 4237 3784 4249 ι
3863 4167 3945 4237 1).·
3988 4166 4286 4223 cardinalis
4330 4170 4417 4220 est
4460 4163 4619 4244 adhnp

2993 4237 3087 4290 ubi
3132 4236 3461 4305 ahquamdlu
3508 4243 3830 4307 aegrotant.
3911 4237 4124 4292 Dicitur
4165 4241 4428 4318 venturus
4470 4232 4614 4289 cem·

2769 4305 3036 4429 ⁰⁶⁶¹¹¹03⁸2
3058 4305 3485 4430 ffl'ffirssffimm'·
3522 4304 3741 4429 {epora
3774 4322 3893 4362 eum
3926 4321 3979 4361 a.
4016 4302 4154 4359 1563
4186 4310 4385 4360 ιτα-ωσι
4418 4318 4477 4359 σο
4501 4315 4619 4372 pro-
