4850 6117
364 386 501 452 205

549 575 909 655 Monsieur,
973 573 1203 656 Quant
1256 575 1314 658 jl
1379 581 1559 642 66661
1665 575 1775 641 166
1830 597 1871 643 6
1922 577 2099 644 Dien
2154 596 2321 645 vous

366 661 688 747 pom'voir
743 660 1074 726 d'homme
1126 659 1436 727 suffisant
1489 682 1533 744 p
1657 662 1760 727 ela
1813 661 2154 729 tellement
2196 684 2321 747 que

367 748 441 814 le
481 755 706 814 retour
745 744 829 811 de
869 753 1092 813 nostre
1126 746 1257 812 bon
1300 757 1365 812 et
1408 744 1625 812 fidelle
1657 749 1957 815 ministre
1990 748 2320 834 spectable

370 832 717 900 Theodore
757 834 836 900 dc
875 831 1080 898 Besae
1122 853 1205 897 ne
1256 853 1419 898 vous
1471 833 1607 899 fust
1657 835 1844 916 point
1885 854 2063 901 venu
2103 834 2236 901 mal
2280 856 2321 901 a

370 940 498 1004 gre
540 939 705 986 nons
737 917 1083 985 heussions
1117 917 1250 983 1166
1282 919 1553 984 16611616
1588 917 1671 984 de
1706 940 1871 987 nous
1912 941 1996 986 en
2037 921 2321 987 resiouir

366 1014 447 1070 et
486 1006 672 1071 louer
712 1003 907 1070 Dieu.
996 1003 1131 1071 Car
1184 1024 1307 1069 son
1350 1004 1626 1071 absence
1669 1014 1819 1072 nest
1857 1026 1976 1089 pas
2019 1027 2173 1072 sans
2216 1027 2316 1072 re-

368 1100 526 1176 3161
565 1098 708 1156 1661
750 1090 833 1155 (16
875 1097 1059 1156 16616
1112 1089 1339 1174 leglise
1382 1110 1507 1173 que
1550 1090 1665 1156 des
1707 1092 2036 1159 escolliers
2079 1092 2193 1175 qui
2234 1112 2319 1159 ne

368 1186 667 1262 peuvent
707 1177 892 1243 avoir
932 1176 1264 1242 tonsiours
1305 1175 1527 1242 lecons
1560 1197 1643 1242 en
1672 1177 2027 1262 Theologie
2068 1197 2319 1245 comme

371 1262 461 1329 de
513 1268 866 1330 coustnme.
953 1261 1149 1347 Mays
1211 1279 1383 1345 puys
1448 1282 1573 1346 que
1627 1284 1790 1330 vous
1858 1284 2017 1329 avez
2082 1271 2318 1333 trouve

368 1349 509 1415 bon
553 1348 633 1416 de
692 1348 756 1414 le
818 1348 1066 1413 retenir
1128 1367 1394 1414 encores
1449 1368 1616 1430 pour
1672 1355 1903 1432 quatre
1944 1349 2111 1415 mois
2153 1370 2320 1415 nous

366 1455 689 1519 66661666
730 1454 856 1517 666
898 1453 1017 1498 6611
1060 1432 1290 1499 16116111·
1331 1441 1680 1517 apportera
1722 1434 1812 1500 tel
1854 1435 2053 1500 fruict
2086 1457 2211 1519 que
2245 1456 2318 1502 66

364 1541 541 1586 6666
583 1541 732 1586 sera
765 1519 1060 1586 occasion
1096 1517 1177 1583 de
1212 1519 1509 1601 patience
1542 1540 1627 1585 en
1669 1541 1743 1586 66
1775 1520 1913 1603 6611
1949 1542 2116 1587 6666
2158 1542 2319 1587 6616

369 1606 663 1692 defailly.
732 1606 824 1671 Et
852 1626 1025 1689 puys
1057 1625 1186 1687 6116
1220 1625 1384 1670 vous
1424 1626 1465 1671 a
1506 1604 1659 1688 6166
1692 1604 1976 1689 prendre
2006 1606 2074 1671 la
2107 1607 2315 1690 peine,

368 1693 733 1771 Monsienr,
799 1689 882 1757 de
938 1711 1103 1756 nous
1158 1709 1241 1755 en
1306 1691 1565 1768 escrire,
1631 1711 1798 1756 116116
1854 1693 2104 1759 6611666
2159 1692 2317 1759 bien

360 1797 636 1864 marrys
691 1776 771 1842 de
826 1778 1062 1842 navoir
1112 1775 1488 1859 obtempere
1530 1797 1571 1842 6
1611 1784 1835 1843 vostre
1879 1777 2071 1859 desir,
2132 1776 2316 1843 daul-

362 1871 515 1929 11161
570 1884 698 1948 666
755 1882 925 1928 6666
976 1862 1354 1929 vouldrions
1410 1862 1560 1928 bien
1625 1861 1809 1930 661611
1871 1870 2092 1930 nostre
2155 1864 2318 1947 petit

362 1951 646 2033 pouvoir
700 1970 867 2016 nous
921 1947 1237 2033 emploier
1290 1969 1331 2012 6
1372 1969 1541 2016 vous
1598 1948 1762 2014 faire
1825 1957 1975 2015 tous
2034 1950 2315 2016 services

364 2054 623 2102 comme
677 2034 742 2100 la
796 2036 1015 2101 bonne
1071 2033 1381 2099 devotion
1422 2056 1470 2118 y
1513 2041 1630 2099 est.
1720 2035 1919 2119 Mays
1964 2057 2137 2120 puys
2191 2056 2316 2119 que

362 2142 536 2188 nous
600 2141 873 2207 aymone
936 2120 1162 2186 mieux
1225 2125 1396 2186 estre
1466 2119 1858 2203 despouillea
1932 2142 2101 2205 pour
2175 2141 2316 2206 663

362 2214 585 2290 temps
648 2206 830 2291 dung
883 2206 941 2273 si
997 2204 1211 2290 grand
1262 2206 1418 2272 bien
1461 2225 1589 2289 que
1640 2204 1721 2272 de
1762 2227 1929 2274 vous
1971 2205 2327 2291 desplaire,

362 2314 536 2360 nous
578 2313 746 2360 vous
787 2293 1032 2377 priene,
1074 2292 1429 2373 Monsieur,
1472 2312 1598 2374 que
1640 2291 1703 2357 le
1748 2298 1955 2358 terme
1992 2313 2116 2376 par
2149 2313 2313 2359 vous

359 2381 630 2464 assigno
684 2386 901 2445 estant
953 2378 1196 2444 6661166
1237 2376 1373 2461 61111
1414 2398 1577 2444 vous
1631 2377 1838 2462 plaise
1879 2387 2053 2444 estre
2094 2379 2312 2444 moien

358 2485 494 2548 que
534 2485 704 2548 pour
743 2465 806 2530 le
846 2464 1108 2547 moings
1141 2462 1198 2548 jl
1245 2483 1412 2530 66116
1468 2463 1599 2528 6611
1652 2462 1833 2529 111616
1874 2464 2084 2529 rendu
2122 2462 2312 2529 Affin

362 2571 502 2634 666
553 2559 776 2617 666116
839 2548 1051 2616 666616
1093 2550 1205 2633 6111
1269 2556 1370 2615 661
1424 2569 1511 2614 66
1563 2550 1776 2632 661116
1841 2549 2120 2633 dissipee
2183 2550 2311 2615 soit

358 2636 605 2703 remise
659 2636 974 2705 audessus
1026 2642 1094 2702 et
1135 2655 1263 2718 que
1319 2655 1486 2701 nous
1543 2633 1763 2701 soions
1806 2634 2031 2702 edifiez
2073 2655 2195 2720 par
2236 2654 2311 2701 sa

360 2722 660 2825 doctrine
713 2720 794 2789 de
850 2721 1131 2805 laquelle
1176 2719 1235 2804 jl
1288 2740 1457 2786 nous
1512 2720 1670 2787 faict
1724 2719 1874 2786 11166
1916 2721 2049 2786 1661
2092 2720 2311 2787 (166116

412 2829 609 2876 nvez.

352 2830 409 2894 P
537 2894 896 2972 Monsienr,
940 2913 1129 2977 apres
1162 2911 1331 2958 nous
1365 2898 1538 2959 estre
1578 2891 2170 2959 treshumblement
2208 2911 2309 2957 re-

357 2979 785 3047 commandez
820 2999 861 3044 6
900 2985 1124 3047 vostre
1164 2978 1378 3045 bonne
1421 2999 1617 3063 grace
1659 2999 1826 3045 nous
1868 2977 2205 3062 supplions
2246 2976 2309 3042 le

355 3087 523 3151 pere
564 3065 803 3132 6616616
844 3086 1011 3131 vous
1053 3064 1405 3130 maintenir
1444 3065 1770 3131 tousiours
1808 3085 1893 3130 66
1940 3084 2016 3128 66
2055 3071 2308 3147 protec-

356 3152 525 3231 tion,
581 3173 745 3220 vous
801 3151 1076 3217 fortifier
1132 3168 1255 3234 par
1306 3170 1381 3217 sa
1432 3157 1621 3216 vertu
1678 3157 1744 3215 et
1798 3157 2184 3234 augmentet
2225 3168 2310 3214 en

354 3245 551 3304 toute
592 3238 972 3322 prosper-ite.
1036 3236 1142 3302 De
1173 3234 1443 3303 Geneve
1485 3257 1558 3302 66
1599 3236 1791 3301 xxvi·
1834 3233 1917 3300 de
1949 3234 2310 3302 Decembre

365 3327 534 3390 1562
579 3324 720 3408 pris
763 3344 804 3387 6
842 3321 911 3389 16
950 3321 1243 3388 nativite.

694 3459 837 3525 Voz
868 3457 1021 3525 bien
1056 3458 1360 3525 humbles
1395 3464 1464 3524 61
1498 3458 1919 3525 affectionnez
1953 3457 2308 3525 serviteurs

828 3545 928 3610 166
971 3543 1325 3630 syndiques
1368 3550 1435 3610 61
1477 3543 1719 3611 conseil
1764 3542 1845 3609 de
1888 3542 2176 3612 Geneve.

1236 4089 1439 4162 3668.
1554 4080 1557 4083 ⁴

499 4245 630 4313 LE
676 4229 982 4312 smum
1024 4243 1153 4312 DE
1199 4228 1582 4312 GENEVE
1626 4247 1689 4310 A
1732 4241 2176 4312 coLIGNY.

534 4416 745 4484 Meme
784 4417 964 4499 sajet.
995 4418 1044 4500 ¹)

422 4589 727 4660 (Archives
761 4591 832 4645 de
866 4586 1102 4645 Geneve.
1172 4588 1391 4643 Lettres
1425 4588 1495 4642 de
1527 4587 1584 4641 16
1617 4586 1951 4656 seigneurie.
2023 4584 2237 4656 Oopie.)

534 4762 892 4862 Monsieur,
936 4762 1145 4827 Aiant
1180 4781 1371 4828 receu
1392 4767 1626 4861 'vostre
1668 4760 1834 4825 16116
1867 4778 1987 4843 par
2029 4757 2308 4910 laqtsselle

358 4870 560 5021 {330
574 4868 922 5000 ξῗθέαὲῧὲ
954 4846 1272 5007 3355?
1290 4845 2308 5017 220332'33023530303323032233

358 5020 670 5086 daultant
713 5040 837 5104 666
879 5039 953 5086 66
992 5039 1305 5103 presence
1362 5027 1462 5086 661
1514 5039 1782 5104 6666166
1841 5017 1994 5083 11166
2049 5018 2308 5100 1666166

356 5104 652 5191 pardela,
706 5126 875 5171 6666
928 5124 1185 5172 navens
1243 5125 1362 5190 pas
1404 5105 1608 5171 voulu
1651 5127 1699 5190 y
1741 5103 2106 5171 conti-edire
2162 5105 2308 5167 tant

358 5311 635 5380 6666.1)
669 5309 926 5382 demm
958 5313 995 5369 6
1033 5311 1109 5368 Ν.
1142 5308 1296 5365 3619.

2076 391 2237 454 1561
2282 386 2692 457 DEOEMB.

4227 394 4353 459 206

2417 596 2659 662 pource
2712 596 2838 658 que
2891 595 3060 642 6666
3112 575 3408 643 desirons
3451 576 3953 645 ladvancement
3994 579 4075 645 de
4124 579 4353 647 levan-

2418 662 2552 747 3116
2594 681 2679 727 66
2698 661 3046 728 Roiaulme
3078 659 3160 728 de
3193 663 3415 729 france
3450 684 3577 747 que
3608 683 3807 749 aussy
3840 685 4007 748 pour
4038 665 4105 731 16
4136 664 4353 732 bonne

2418 748 2720 814 affection
2762 769 2887 832 que
2929 768 3093 813 6666
3135 768 3339 815 avons
3373 747 3455 814 de
3494 770 3651 816 vous
3689 750 4042 834 complaire
4081 759 4150 817 et
4189 751 4354 819 faire

2419 834 2671 899 service
2727 854 2810 898 en
2864 840 3006 898 1661
3061 854 3135 899 66
3187 834 3302 917 661
3352 854 3523 901 6666
3578 855 3724 901 sera
3778 835 4073 919 possible.
4166 836 4353 923 Vray

2417 927 2523 985 661
2564 940 2688 1002 666
2731 937 2805 984 sa
2836 922 3146 1003 presence
3190 928 3290 986 est
3324 919 3476 986 bien
3517 940 3590 985 16
3707 930 3813 988 166
3845 943 3969 1006 par
4000 920 4162 989 deca
4200 929 4354 988 tant

2417 1003 2501 1070 de
2544 1024 2710 1070 ceux
2753 1006 2866 1088 qui
2921 1004 3250 1071 estndient
3305 1025 3391 1070 66
3443 1004 3598 1071 11166
3623 1007 3768 1091 6316
3809 1026 3937 1090 666
3980 1007 4062 1074 de
4104 1014 4247 1074 tout
4284 1006 4353 1074 16

2417 1091 2672 1174 666616,
2715 1090 3055 1156 tellement
3074 1111 3200 1175 que
3242 1091 3324 1157 611
3346 1111 3510 1158 6666
3550 1113 3633 1157 66
3672 1091 3882 1158 falloit
3922 1100 4095 1159 estre
4125 1093 4352 1178 privet

2417 1176 2570 1260 plus
2621 1176 2780 1260 long
2832 1185 3042 1259 temps
3097 1197 3263 1243 nous
3315 1197 3362 1260 y
3404 1178 3668 1244 auriens
3724 1177 3933 1263 grand
3987 1176 4351 1263 dommage.

2416 1262 2746 1346 Parquoy‚
2789 1262 3145 1340 Monsieur,
3204 1261 3385 1328 selon
3429 1283 3554 1346 que
3573 1283 3760 1330 -vous
3802 1283 3968 1329 nous
4008 1264 4190 1332 voiez
4239 1266 4351 1349 jn-

2419 1347 2587 1414 clins
2645 1356 2713 1411 61
2768 1347 3167 1415 volontaires
3208 1368 3248 1414 a
3289 1369 3455 1414 6666
3508 1347 3815 1415 accorder
3862 1356 3932 1414 et
3985 1350 4357 1433 acquiescet

2419 1452 2461 1497 a
2501 1442 2722 1499 vostre
2762 1433 2891 1498 bon
2944 1433 3190 1517 plaisir,
3249 1454 3412 1499 nous
3455 1454 3659 1500 avons
3703 1434 3785 1500 de
3827 1442 4054 1500 nostre
4093 1442 4269 1502 coste
4310 1454 4353 1500 a

2419 1538 2582 1584 vous
2623 1520 2800 1603 prier
2831 1539 2957 1603 que
2998 1520 3060 1585 le
3101 1526 3309 1585 terme
3350 1526 3565 1586 estant
3598 1522 3824 1603 expire
3858 1520 3914 1605 jl
3946 1541 4111 1588 vous
4143 1521 4351 1605 plaise

2418 1602 2635 1672 destre
2678 1606 2895 1670 moien
2938 1605 3073 1688 quil
3127 1616 3431 1670 retourne
3471 1627 3623 1671 vers
3664 1626 3829 1671 nous
3870 1605 4030 1671 affin
4073 1605 4155 1673 de
4195 1625 4350 1675 con·

2417 1691 2639 1756 tinuer
2682 1711 2721 1755 a
2763 1690 2924 1755 faire
2966 1711 3038 1756 ce
3080 1691 3215 1775 quil
3258 1711 3298 1756 a
3340 1690 3489 1757 bien
3532 1711 3919 1758 commence.

2587 1776 2955 1856 Monsienr,
3022 1796 3210 1860 apres
3273 1796 3438 1842 6666
3502 1785 3673 1843 estre
3735 1775 4187 1843 humblement
4242 1797 4350 1844 re·

2415 1860 2833 1928 commandez
2875 1882 2916 1927 a
2957 1874 3173 1928 vostre
3222 1861 3436 1928 bonne
3487 1881 3681 1945 grace
3722 1883 3887 1928 6666
3938 1861 4349 1947 66661161666

2414 1948 2480 2012 16
2539 1968 2697 2031 6616
2763 1947 2845 2013 de
2908 1947 3324 2014 misericorde
3388 1968 3551 2014 vous
3614 1946 3799 2013 avoir
3854 1967 3940 2013 en
3995 1968 4071 2013 sa
4123 1948 4344 2034 garde,

2414 2053 2581 2099 vous
2639 2033 2986 2101 accroistre
3031 2054 3114 2099 en
3170 2041 3317 2099 tous
3367 2032 3528 2100 dous
3589 2034 3665 2098 de
3720 2053 3841 2099 son
3894 2033 4098 2118 esprit
4153 2041 4221 2099 et
4261 2056 4346 2100 en

2412 2120 2626 2185 bonne
2666 2119 3044 2203 prosperite.
3116 2119 3221 2184 De
3244 2118 3517 2185 Geneve
3549 2139 3623 2185 ce
3657 2118 3846 2184 xxvie
3881 2117 3962 2183 de
3984 2118 4346 2187 Decembre

2421 2208 2584 2269 1562
2626 2206 2764 2288 pris
2807 2225 2846 2270 a
2888 2204 2954 2270 16
2996 2205 3287 2270 nativite.

3170 2495 3590 2509 —u—*u

3279 2749 3478 2821 8669.

2773 2902 3517 2971 OAPROPHON'PES
3560 2900 3994 2970 OALVINO.

2586 3075 2860 3142 Gratum
2899 3075 3184 3141 oenimum
3224 3076 3413 3158 effuse
3441 3073 3768 3158 profitetur
3807 3079 3862 3138 et
3909 3072 4170 3154 fioribus
4201 3079 4344 3159 6οό-

2408 3166 2970 3314 murm,
3034 3161 3227 3228 simul
3287 3181 3541 3226 munere
3592 3159 3781 3225 misso
3848 3162 4155 3225 sincerum
4217 3180 4348 3227 esse

2407 3419 2521 3486 (Ex
2555 3417 2892 3489 autographo
2925 3416 3057 3472 Ood.
3089 3416 3255 3474 Goth.
3288 3414 3409 3479 405,
3443 3416 3533 3470 fol.
3569 3414 3655 3471 45.
3712 3415 4052 3486 Singularem
4084 3416 4190 3471 viri
4222 3415 4345 3471 lafi—

2406 3489 2638 3543 nitatem
2671 3489 2761 3541 vel
2807 3488 2866 3542 111
2911 3485 3245 3555 simplicibus
3277 3486 3453 3540 literis
3486 3484 3808 3539 servandam
3843 3500 3963 3539 esse
3993 3487 4344 3556 putavimus.)

2579 3657 2959 3725 Clarissimo
2996 3658 3141 3724 viro
3174 3657 3410 3724 Ioanni
3443 3656 3721 3723 Calvino
3762 3655 4126 3723 Novoduno
4157 3675 4345 3739 prae-

2408 3745 2610 3812 stanti
2666 3750 3069 3830 symmystae
3111 3744 3352 3809 summi
3395 3742 3538 3808 viv-i
3581 3741 3711 3808 Dei
3751 3740 3824 3807 in
3864 3741 4027 3807 urbe
4071 3740 4345 3809 Geneva

2410 3830 2671 3897 domino
2714 3838 2782 3896 et
2822 3831 2996 3914 patri
3028 3830 3101 3895 in
3136 3828 3403 3895 01111616
3437 3848 3693 3894 summa
3726 3828 4142 3894 observantia
4173 3846 4344 3893 sem-

2407 3937 2528 4001 per
2570 3914 2840 3983 colendo
2884 3937 2960 3983 ac
3001 3913 3394 3983 venerande.

2578 4001 2878 4067 Firmam
2956 4007 3023 4066 et
3096 4001 3451 4083 perfectam
3525 4019 3643 4084 per
3716 3997 4004 4082 graciam
4075 3996 4345 4063 Domini

2408 4097 2716 4172 precatur
2769 4089 2843 4151 in
2895 4086 3286 4171 apostolicae
3343 4083 3496 4151 fidei
3550 4081 3809 4150 assiduo
3860 4082 4081 4148 labore
4124 4080 4343 4149 studio

2408 4182 2479 4241 et
2521 4174 2919 4242 confessione
2960 4171 3158 4238 simul
3200 4170 3654 4238 constanciam.

2571 4259 2946 4326 Clarissimo
2966 4266 3034 4325 et
3052 4256 3412 4324 reverende
3427 4254 3687 4320 domine
3709 4260 3776 4319 et
3787 4258 3974 4337 pater
3992 4253 4066 4317 in
4075 4251 4344 4320 01111616

2409 4346 2696 4412 Domino
2760 4345 2944 4414 salva
3011 4343 3436 4410 observancia
3478 4338 3746 4406 colende
3808 4345 3877 4403 et
3940 4336 4341 4406 charissime.

2409 4433 2557 4498 Etsi
2616 4429 2800 4496 nulla
2854 4430 3021 4495 mihi
3078 4448 3367 4512 unquam
3424 4445 3571 4491 cum
3616 4424 3701 4488 V.
3757 4424 3841 4489 R„
3900 4425 4346 4491 intercesserit

2408 4517 2653 4582 noticia
2694 4524 2759 4582 et
2801 4513 3223 4593 consuetudo,
3267 4510 3441 4578 unde
3483 4511 3691 4595 possit
3733 4509 3952 4594 aliqua
3993 4510 4244 4578 occasio
4278 4519 4347 4576 et

2410 4601 2682 4668 audacia
2703 4602 2893 4680 sumi,
2916 4620 3044 4685 qna
3064 4600 3391 4664 animatus
3413 4595 3758 4663 scriberem
3783 4596 3865 4661 ad
3889 4596 3972 4661 V.
3995 4597 4098 4674 R,
4120 4605 4344 4662 tamen

2409 4690 2632 4753 divina
2687 4689 2987 4770 specifica
3086 4682 3450 4750 rovidencia
3502 4682 3705 4748 efficit
3758 4688 3836 4747 ut
3876 4681 4100 4764 procul
4152 4681 4345 4748 valde

2406 4774 2616 4840 dissiti
2662 4781 2729 4838 et
2770 4773 2979 4857 ignoti
3070 4770 3337 4836 ‘vinitas
3380 4770 3811 4836 innotescant.
3905 4767 4097 4834 Nunc
4137 4768 4346 4853 igitur

2405 4861 2613 4927 fretus
2652 4878 2923 4943 syncera
2983 4856 3225 4940 pietate
3290 4862 3355 4919 et
3417 4854 3770 4920 clemencia
3836 4860 4127 4935 paterna,
4212 4873 4345 4938 qua

2405 4946 2705 5011 affectam
2747 4963 2887 5009 esse
2986 4962 3324 5007 6166666111
3365 4939 3572 5007 1161166
3627 4940 3899 5006 eandem
3955 4959 4115 5023 erga
4153 4958 4343 5024 apos—

2407 5030 2637 5095 tolicae
2702 5028 2852 5095 fidei
2962 5028 3323 5106 omesticos,
3388 5046 3537 5092 cum
3598 5044 3854 5110 magna,
3920 5043 4005 5089 ne
4060 5023 4342 5089 dixerim

2407 5114 2754 5182 temeraria
2794 5113 3122 5199 parrhisia
3163 5132 3239 5180 ac
3279 5113 3505 5180 &arsia
3558 5113 3757 5178 statui
3802 5108 3884 5175 ad
3926 5109 4010 5174 V.
4054 5109 4138 5175 B.
4171 5109 4344 5176 scri·

2409 5201 2649 5267 berem.
2704 5200 2959 5267 Verum
2995 5220 3303 5284 praesens
3347 5206 3701 5265 statueram
3745 5194 4016 5263 eandem
4058 5193 4343 5264 salutare

2410 5297 2478 5354 et
2512 5287 2785 5372 alloqui:
2830 5284 3000 5371 quod
3033 5293 3103 5353 et
3134 5285 3431 5353 fecissem
3465 5285 3591 5351 nisi
3626 5284 3829 5350 hostis
3863 5280 4157 5348 veritatis
4191 5300 4342 5346 son-
