4850 6117
659 387 786 453 543
2152 381 2680 454 EPISTOLAE
2721 383 3146 449 3857-3868
4502 392 4606 457 544

705 574 999 659 rincipia‚
1064 571 1197 640 duo
1259 571 1576 658 ingenita,
1630 572 1844 657 qualis
1896 571 2027 639 fuit
2066 571 2364 639 Marcion
2378 573 2439 650 2)
2483 576 2608 639 etc.

657 596 778 730 gio
819 661 1123 727 distincte
1166 658 1356 725 docet
1408 668 1478 725 et
1517 659 1817 726 Iustinus
1872 657 2268 726 credendum
2310 678 2472 737 esse,
2535 657 2610 721 in

658 746 880 814 libello
920 753 1149 814 contra
1189 746 1246 812 T
1373 745 1613 812 honem
1645 744 1984 823 Iudaeum,
2049 744 2164 811 ubi
2218 743 2420 810 etiam
2474 763 2609 809 non

659 839 928 901 veretur
987 831 1201 896 filium
1325 832 1386 897 ei
1441 830 1656 897 dicere
1720 830 1922 896 alium
1965 831 2185 896 Deum
2237 849 2514 894 numero
2569 847 2611 893 a

658 925 967 985 creatore.
1054 914 1246 984 Sicut
1302 923 1371 982 et
1426 916 1716 1016 Basilius
1790 937 2002 981 unum
2055 916 2276 1017 Deum
2331 934 2608 980 numero

657 1009 1258 1172 ffiissffiqu‘?
1286 998 2610 1172 AEffp?{1¹z¹¹÷rs}?·f01¹.ttefzpffiffl‘lt

656 1175 785 1242 hoc
836 1174 1130 1242 defendit
1183 1183 1249 1239 et
1300 1173 1397 1239 ita
1449 1172 1766 1257 loquitur:
1826 1172 2020 1240 Unus
2076 1182 2144 1238 et
2186 1192 2357 1237 unus
2400 1170 2607 1249 Deus,

656 1261 845 1328 Deus
863 1260 1217 1346 ingenitus,
1230 1258 1420 1326 Deus
1436 1259 1839 1343 unigenitus.
1874 1258 1983 1325 De
2004 1267 2192 1343 patre
2215 1265 2284 1323 et
2303 1256 2456 1335 filio,
2475 1276 2609 1323 non

658 1343 789 1413 duo
832 1346 944 1425 dii,
986 1346 1218 1430 inquit,
1262 1344 1380 1411 sed
1401 1343 1587 1410 Deus
1620 1352 1690 1410 et
1708 1345 1908 1411 Deus.
1977 1344 2093 1411 Sic
2133 1346 2204 1409 in
2240 1344 2383 1408 Deo
2417 1351 2609 1426 patre

661 1439 732 1498 et
792 1432 868 1498 in
930 1432 1070 1498 filio
1133 1451 1347 1514 neque
1413 1430 1575 1496 duos
1637 1430 2139 1498 connumerabis
2202 1429 2374 1507 deos,
2456 1428 2610 1512 quia

656 1538 867 1583 unum
909 1526 1186 1601 uterque
1243 1524 1428 1593 sunt,
1493 1535 1703 1599 neque
1760 1516 2162 1601 singularem
2204 1514 2610 1599 praedicabis

655 1604 811 1687 quia
851 1614 1127 1687 uterque
1166 1622 1304 1668 non
1344 1621 1518 1668 unus
1561 1610 1679 1669 est.
1765 1601 1919 1667 Non
1961 1601 2162 1667 habet
2200 1600 2407 1686 igitur
2444 1598 2608 1666 fides

655 1687 1014 1774 apostolica
1062 1687 1228 1754 duos
1285 1685 1456 1767 deos,
1534 1688 1689 1771 quia
1744 1709 1866 1755 nec
1919 1687 2083 1754 duos
2129 1694 2350 1771 patres
2408 1685 2610 1751 habet

654 1795 779 1842 nec
843 1774 1004 1841 duos
1058 1774 1250 1840 filios.
1335 1771 1514 1854 Quin
1572 1780 1638 1839 et
1692 1771 1966 1840 Sabellii
2021 1773 2292 1856 impiam
2354 1771 2607 1855 opinio-

657 1881 814 1927 nem
871 1859 1257 1943 perstringit
1312 1859 1427 1942 qui
1479 1880 1688 1925 unum
1732 1859 1951 1924 Deum
1986 1868 2243 1943 patrem
2285 1864 2355 1924 et
2394 1857 2609 1924 filium

656 1945 1032 2030 praedicare
1093 1945 1300 2028 impia
1351 1945 1731 2012 confusione
1787 1965 1986 2011 ausus
2046 1952 2149 2011 est
2201 1951 2321 2011 etc.
2419 1943 2611 2009 Idem

654 2030 1320 2183 ἓὲἰςῗθὶᾶίἰῇἒέῗί
1344 2029 1523 2183 Ἢέῗ
1558 2031 1925 2200 ῧίῗὲἑὲἶέθ
1963 2027 2612 2182 ἓῗοὲθὲεᾶξίῗθῑιὲθ

657 2204 864 2270 tincte
906 2223 1051 2269 esse
1091 2201 1492 2287 loquendum
1526 2200 1609 2267 de
1641 2209 1829 2286 patre
1863 2210 1931 2268 et
1961 2201 2097 2268 filio
2132 2202 2320 2267 docet
2353 2200 2614 2288 (contra

656 2287 901 2356 Sabell.
946 2290 1132 2354 Tom.
1197 2294 1225 2352 1
1275 2286 1387 2353 fol.
1450 2286 1624 2373 503),
1681 2296 1878 2371 atque
1927 2309 2005 2354 eo
2059 2290 2201 2371 ipso
2245 2286 2609 2354 Sabellium

656 2373 890 2441 cadere
931 2380 1001 2440 et
1041 2373 1401 2440 Anomium
1418 2377 1479 2453 ⁸)
1519 2382 1749 2441 contra
1791 2372 1983 2441 dicit:
2068 2373 2263 2441 Unus
2303 2374 2493 2439 Deus
2541 2379 2610 2438 et

656 2467 865 2543 pater,
907 2480 1082 2526 unus
1117 2459 1301 2525 Deus
1341 2468 1411 2525 et
1450 2458 1644 2539 filius,
1686 2479 1822 2525 non
1865 2458 1959 2525 dii
2012 2460 2173 2527 duo:
2233 2479 2390 2525 nam
2434 2459 2609 2541 patri

657 2544 835 2612 filius
889 2544 1123 2611 similis
1163 2553 1281 2612 est.
1368 2545 1434 2610 Ν
1435 2565 1524 2609 on
1567 2544 1743 2610 enim
1785 2544 1982 2611 aliam
2021 2546 2096 2611 in
2134 2553 2323 2630 patre
2365 2543 2606 2610 divini-

657 2639 863 2698 tatem
904 2632 1182 2709 intueor,
1224 2639 1293 2697 et
1329 2629 1528 2697 aliam
1583 2631 1658 2695 in
1711 2630 1867 2710 filio,
1924 2651 2136 2715 neque
2187 2631 2384 2697 aliam
2425 2629 2608 2695 illius

658 2726 725 2784 et
770 2716 963 2783 aliam
1008 2716 1206 2782 huius
1248 2725 1554 2783 naturam
1605 2735 1779 2801 pono
1836 2725 1955 2784 etc.
2044 2716 2160 2784 Sic
2201 2717 2608 2782 Athanasius

658 2802 744 2871 ad
765 2803 1144 2888 Epictetum
1186 2810 1256 2868 et
1295 2810 1528 2869 contra
1559 2801 1862 2902 gregales
1906 2800 2198 2881 Sabeffii,
2249 2802 2315 2867 N
2315 2802 2608 2867 azianze-

657 2910 787 2956 nus
828 2898 950 2957 etc.
1034 2887 1172 2956 Sed
1212 2887 1512 2955 videmus
1553 2909 1784 2973 purius
1825 2887 2004 2973 loqui
2046 2888 2251 2955 multo
2295 2886 2377 2953 de
2418 2886 2609 2952 trini-

657 2982 796 3042 tate
860 2995 974 3042 eos
1037 2974 1153 3058 qui
1217 2973 1549 3058 apostolos
1612 2975 1869 3057 sequuti
1936 2982 2109 3053 sunt,
2193 2971 2478 3040 necdum
2516 2972 2612 3037 ita

657 3061 881 3130 variae
923 3060 1228 3127 haereses
1268 3059 1555 3127 faecibus
1586 3060 1726 3126 suis
1756 3061 2106 3128 veritatem
2152 3059 2610 3138 obscurarunt,

660 3146 839 3232 qu‘od
898 3154 1048 3230 post
1112 3145 1363 3212 factum
1424 3153 1528 3213 est
1589 3166 1631 3211 a
1691 3146 2178 3230 posterioribus.
2267 3144 2612 3212 Obiiciunt

661 3228 961 3316 quidam:
1027 3229 1105 3298 Si
1135 3229 1322 3298 Deus
1356 3241 1457 3298 est
1488 3253 1660 3298 unus
1693 3232 1807 3316 qui
1849 3240 1950 3299 est
1989 3239 2195 3317 pater,
2238 3250 2396 3315 ergo
2429 3230 2610 3295 filius

661 3319 850 3384 Deus
914 3336 1049 3382 non
1113 3326 1215 3383 est
1277 3317 1481 3383 Deus.
1580 3315 1764 3384 Satis
1832 3317 2240 3401 respondisse
2301 3324 2612 3400 putamus

663 3402 1148 3469 Tertullianum
1203 3401 1276 3467 in
1338 3403 1505 3470 libro
1570 3401 1650 3469 de
1692 3403 2022 3470 Trinitate
2077 3411 2145 3469 et
2208 3402 2405 3469 alias:
2470 3409 2611 3467 tum

662 3488 963 3555 Hilarius
1027 3486 1140 3553 lib.
1207 3491 1267 3553 9.
1334 3488 1417 3554 de
1457 3488 1782 3555 Trinitate
1845 3489 1954 3555 fol.
2029 3493 2166 3555 176.
2232 3496 2299 3555 et
2352 3487 2609 3555 caeteri.

663 3571 1232 3655 Quemadmodum
1297 3574 1473 3639 enim
1524 3573 1718 3653 filius,
1782 3576 1893 3658 qui
1950 3584 2221 3642 vocatur
2260 3573 2611 3653 Dominus,

661 3680 800 3726 non
843 3659 1097 3725 auferat
1138 3659 1312 3743 patri
1354 3658 1703 3742 quominus
1745 3661 1834 3726 sit
1875 3661 2069 3726 etiam
2105 3660 2451 3738 Dominus,
2515 3658 2613 3723 ita

660 3752 865 3827 pater,
901 3746 1016 3829 qui
1048 3765 1227 3810 unus
1246 3745 1431 3811 Deus
1462 3744 1705 3812 dicitur
1724 3745 1859 3811 filio
1881 3745 2294 3813 divinitatem
2327 3766 2461 3810 non
2497 3743 2611 3809 ab·

662 3829 868 3907 stuli't,
934 3851 1133 3914 quem
1191 3830 1412 3896 Deum
1466 3851 1551 3897 ex
1608 3851 1679 3897 se
1734 3830 2080 3914 praevidit.
2167 3830 2608 3913 Quemadmo-

662 3916 823 3983 dum
863 3937 986 3984 nec
1025 3916 1223 3996 filius,
1266 3919 1381 4000 qui
1419 3917 1606 3984 Deus
1647 3916 1890 3983 dicitur
1931 3917 2122 3986 Rom.
2169 3923 2227 3984 9.
2268 3916 2500 3983 Ioann.
2548 3920 2607 3981 ὅ.

660 4002 892 4069 Ioann.
937 4007 1040 4069 20.
1083 4001 1195 4079 (de
1258 4001 1397 4068 solo
1449 4004 1626 4068 enim
1669 4000 1933 4069 Christo
1975 4002 2214 4068 dicitur
2267 4003 2392 4079 ibi)
2434 4000 2611 4086 patri

662 4087 1070 4155 divinitatem
1131 4086 1363 4153 aufert.
1448 4086 1565 4156 Sic
1628 4087 1710 4154 de
1774 4088 1911 4155 solo
1973 4088 2112 4154 filio
2177 4088 2414 4155 dicitur
2457 4090 2606 4154 Act.

663 4178 776 4240 20:
890 4172 1233 4258 Sanguine
1293 4173 1426 4240 Dei
1498 4172 1798 4240 mundati
1874 4194 2100 4241 sumus
2162 4173 2206 4239 i.
2285 4193 2342 4239 e.
2406 4172 2609 4239 solius

661 4259 935 4340 Christi,
979 4279 1118 4325 non
1157 4259 1386 4342 patris,
1428 4268 1496 4325 et
1536 4267 1759 4325 tamen
1800 4280 1877 4326 eo
1920 4258 2231 4327 divinitas
2268 4258 2443 4343 patri
2474 4278 2609 4324 non

663 4346 1013 4412 auferetur.
1079 4343 1188 4410 Ita
1223 4344 1455 4411 Ioann.
1498 4349 1571 4409 3:
1638 4344 1752 4411 Sic
1784 4343 1972 4411 Deus
2006 4344 2237 4410 dilexit
2267 4343 2606 4422 mundum,

661 4430 706 4495 i.
750 4451 806 4496 e.
849 4438 1052 4515 pater,
1119 4440 1199 4496 ut
1252 4429 1467 4496 filium
1519 4428 1706 4495 daret
1755 4431 1866 4513 qui
1916 4428 2093 4496 solus
2136 4428 2335 4495 habet
2372 4429 2606 4508 filium,

663 4522 734 4581 et
773 4524 996 4582 tamen
1037 4514 1161 4583 hoc
1200 4516 1344 4584 loeo
1384 4535 1507 4582 nec
1547 4537 1589 4582 a
1620 4514 1959 4582 divinitate
2012 4514 2187 4582 filius
2218 4514 2610 4597 excluditur,

662 4621 787 4667 nec
828 4620 870 4665 a
910 4599 1255 4667 dilectione
1310 4621 1439 4686 qua
1488 4621 1612 4667 nos
1668 4602 1868 4667 etiam
1924 4621 2184 4667 summa
2237 4600 2473 4667 dilexit
2533 4613 2609 4666 ut

663 4688 873 4754 vitam
936 4684 1126 4753 daret
1188 4708 1309 4771 pro
1369 4686 1580 4765 nobis,
1641 4694 1719 4753 ut
1754 4686 2035 4754 Ioannes
2091 4694 2163 4753 et
2217 4686 2473 4752 Paulus
2533 4686 2608 4751 in

664 4771 814 4839 aliis
875 4770 1035 4839 locis
1095 4778 1444 4839 testantur.
1531 4771 1648 4840 Sic
1690 4771 1996 4840 Christus
2047 4772 2335 4858 loquitur
2392 4771 2474 4838 de
2537 4793 2608 4839 se

664 4858 832 4926 solo:
895 4857 1262 4941 Antequam
1301 4856 1642 4924 Abraham
1678 4860 1865 4925 fieret
1904 4878 2027 4943 ego
2067 4879 2232 4939 sum,
2276 4864 2347 4924 et
2385 4864 2606 4924 tamen

664 4963 801 5010 non
836 4950 1121 5027 negatur
1154 4962 1234 5009 eo
1266 4941 1408 5010 loco
1441 4951 1694 5028 patrem
1724 4944 1926 5012 fuisse
1959 4952 2113 5012 ante
2132 4942 2608 5022 Abrahamum,

664 5030 797 5096 imo
839 5049 963 5096 nec
1004 5027 1167 5107 Noe,
1225 5048 1346 5095 nec
1389 5026 1607 5096 Adam
1647 5029 2029 5098 excluditur.
2115 5029 2211 5099 Ut
2252 5050 2409 5115 ergo
2450 5051 2613 5097 vera

959 5233 1063 5317 ’,ὅθι

960 5316 1231 5372 mmor.

2694 568 2974 637 trinitas
3004 589 3142 637 non
3174 570 3446 638 confusa
3477 569 3802 638 credenda
3833 578 3952 651 est,
3988 571 4086 638 ita
4118 592 4323 656 quum
4340 573 4612 643 distincte

2708 655 2998 740 loquitur
3038 657 3370 742 scriptura
3409 657 3493 722 de
3533 657 3680 723 Deo
3732 665 3937 741 patre,
4003 656 4085 724 de
4124 657 4264 723 filio
4295 660 4449 734 Deo,
4486 662 4615 727 Deo

2709 762 2795 807 ex
2836 740 3000 820 Deo,
3042 740 3124 808 de
3161 743 3403 827 spiritu
3456 750 3681 811 sancto
3722 743 3884 822 Deo,
3937 763 4073 810 non
4114 745 4466 829 corrumpit
4498 767 4616 813 uno

2708 826 2852 894 loco
2896 826 3116 908 alium,
3158 849 3373 913 neque
3430 829 3756 896 annihilat
3807 828 4117 897 divinitas
4167 832 4373 914 patris
4412 830 4617 897 divini-

2707 920 2913 979 tatem
2953 913 3073 980 filii
3116 922 3238 982 etc.

2880 997 3019 1065 Sed
3059 1000 3192 1066 iam
3255 999 3449 1083 plura
3489 1021 3623 1067 non
3664 1020 3931 1084 possum
3972 1009 4253 1085 urgente
4289 999 4618 1082 tabellario,

2709 1103 2831 1149 nec
2869 1092 3033 1169 puto
3077 1106 3265 1169 posse
3306 1085 3532 1152 literas
3573 1094 3945 1153 nostrorum
3989 1086 4620 1169 superintendentum

2709 1179 3125 1253 praevertere
3167 1173 3329 1238 istas
3355 1173 3591 1255 quibus
3632 1180 3873 1257 rogant
3914 1181 3989 1238 ut
4009 1171 4387 1239 Stancarico
4424 1172 4621 1239 libello

2709 1256 2909 1323 misso
2964 1256 3049 1323 ad
3110 1277 3234 1324 vos
3289 1257 3748 1342 respondeatis.
3835 1257 4047 1323 Video
4100 1259 4457 1324 Dominum
4514 1260 4621 1326 hoc

2710 1341 2852 1407 eius
2914 1342 3248 1410 Iudaismo
3322 1344 3493 1410 velle
3564 1364 3926 1429 repurgare
3995 1342 4299 1411 ecclesias
4373 1351 4621 1411 nostras.

2709 1426 2887 1494 Sunt
2948 1429 3315 1496 cantilenae
3374 1430 3671 1513 impurae
3732 1428 4050 1513 quaedam
4111 1437 4178 1496 et
4218 1428 4621 1507 sabellianae,

2707 1512 2822 1578 ubi
2886 1514 3152 1581 trinitas
3204 1515 3472 1581 confusa
3527 1515 3874 1582 invocatur
3912 1534 4034 1601 per
4073 1515 4416 1599 Christum
4454 1534 4621 1600 quar·

2709 1607 2873 1664 tum.
2938 1600 3229 1667 Trinitas
3270 1607 3546 1686 rogatur
3576 1622 3695 1685 pro
3737 1600 3976 1684 spiritu
4007 1622 4125 1668 suo
4160 1608 4403 1679 sancto,
4444 1621 4624 1684 quum

2710 1693 2969 1751 tantum
3033 1687 3240 1771 patris
3303 1695 3371 1752 et
3432 1686 3554 1752 filii
3616 1687 3885 1771 spiritus
3937 1688 4039 1753 sit.
4128 1685 4469 1752 Trinitatis
4523 1686 4627 1752 filii

2712 1770 3008 1853 dicimur,
3074 1793 3274 1856 quum
3332 1793 3507 1838 unus
3562 1773 3652 1838 sit
3703 1781 3889 1857 pater
3929 1779 4169 1853 noster,
4214 1772 4518 1839 Christus
4553 1773 4627 1838 sit

2710 1857 2915 1923 frater
2954 1866 3021 1924 et
3061 1878 3184 1925 nos
3222 1858 3519 1923 membra
3557 1859 3720 1925 eius.
3808 1857 3983 1925 Sunt
4028 1858 4322 1944 plerique
4364 1858 4626 1924 ministri

2710 1943 2866 2009 boni
2923 1943 3051 2011 viri
3110 1946 3223 2029 qui
3277 1944 3404 2011 hoc
3460 1966 3596 2009 non
3659 1943 4052 2028 intelligunt.
4137 1943 4457 2011 Monendi
4496 1964 4626 2026 ergo

2711 2036 2874 2095 sunt
2914 2036 2984 2095 et
3025 2029 3307 2114 urgendi
3349 2037 3423 2095 ut
3469 2030 3708 2115 psalmi
3771 2029 3897 2097 soli
3936 2050 4059 2115 pro
4121 2030 4466 2096 cantilenis
4504 2030 4627 2095 istis

2709 2114 3216 2182 introducantur
3254 2117 3328 2182 in
3348 2115 3653 2183 ecclesias
3674 2126 3933 2183 nostras
3973 2123 4040 2183 et
4083 2114 4391 2184 distincte
4423 2113 4626 2182 dcccv

2709 2209 2820 2267 tur
2862 2200 2944 2266 de
2984 2201 3300 2268 trinitate.

2878 2286 3068 2373 Rogo
3107 2309 3228 2371 per
3258 2286 3483 2354 Iesum
3502 2286 3847 2354 Christum
3878 2294 3974 2368 ut,
4016 2287 4075 2355 si
4106 2308 4237 2372 qua
4272 2287 4345 2353 in
4381 2307 4452 2353 re
4483 2306 4623 2365 erro,

2709 2371 2821 2440 hic
2883 2371 3171 2441 doceatis
3233 2393 3357 2439 nos
3421 2373 3725 2440 docentes
3789 2373 3896 2458 pie
3959 2379 4029 2440 et
4082 2378 4324 2453 sancte,
4382 2379 4459 2439 ut
4495 2372 4627 2438 Iesu

2711 2457 2967 2527 Ohristi
3026 2459 3384 2543 praecipua
3444 2478 3709 2545 organa,
3774 2468 3841 2525 et
3902 2458 4071 2526 mihi
4134 2479 4177 2525 a
4218 2459 4302 2525 D.
4342 2478 4391 2525 α
4431 2458 4624 2535 Lam,

2708 2544 2824 2610 illo
2859 2545 3276 2611 ornatissimo
3307 2545 3471 2626 viro,
3516 2544 3970 2612 commendata
4008 2565 4289 2612 veneror
4319 2554 4388 2612 et
4427 2543 4624 2629 magni

2709 2628 2897 2697 facio.
2913 2634 2969 2708 ⁴)
3051 2628 3472 2714 Respondete
3511 2652 3669 2697 vero
3709 2631 3904 2698 citius
3945 2651 4029 2697 ne
4070 2630 4228 2715 quid
4261 2630 4420 2696 mali
4450 2628 4624 2696 eccle-

2712 2717 2813 2781 sia
2854 2716 3114 2795 habeat,
3171 2729 3240 2782 et
3278 2716 3377 2783 ita
3417 2716 3679 2800 quidem
3720 2724 3799 2783 ut
3839 2716 4086 2783 nullius
4127 2724 4492 2801 respectum
4526 2714 4626 2780 ha·

2712 2802 2944 2879 beatis,
3000 2801 3251 2868 nullius
3291 2802 3558 2886 gloriae,
3600 2813 4062 2887 praeterquam
4104 2801 4235 2868 Dei
4276 2809 4346 2868 et
4383 2799 4625 2867 Domini

2712 2887 2873 2954 Iesu
2901 2886 3153 2954 Ohristi
3194 2886 3528 2970 studeatis,
3574 2895 3645 2954 et
3683 2894 3907 2956 cavete
3942 2908 4030 2955 ne
4064 2887 4357 2974 gladium
4390 2891 4625 2954 sumant

2712 2973 2941 3041 furiosi
3001 2974 3115 3058 qui
3168 2994 3239 3041 se
3290 2981 3517 3041 vestra
3568 2975 3915 3042 autoritate
3968 2980 4257 3041 tuentun
4341 2972 4485 3059 Ego
4529 2992 4626 3038 ex·

2711 3066 2934 3143 specto
2975 3078 3361 3144 responsum
3399 3065 3693 3128 vestrum
3738 3080 3890 3128 cum
3940 3079 4197 3127 summo
4239 3056 4561 3125 desiderio,
4582 3059 4625 3135 ⁵)

2710 3145 3040 3212 Dominus
3081 3146 3268 3214 vobis
3303 3145 3644 3214 benedicat
3683 3153 3755 3212 et
3793 3145 4031 3230 spiritu
4069 3165 4192 3213 suo
4222 3151 4427 3231 regat.
4491 3143 4625 3211 cra-

2713 3230 2938 3300 coviae
2979 3235 3084 3298 24.
3130 3230 3499 3317 Septembr.
3551 3234 3734 3298 1562.

3473 3368 3714 3435 Frater
3753 3373 3975 3437 vester
4014 3389 4100 3435 ex
4141 3366 4360 3434 animo
4391 3372 4555 3434 totus

3694 3453 4057 3539 Gregorius
4098 3454 4351 3521 Paulus

3390 3539 3702 3607 dioecesis
3742 3540 4200 3608 Oracoviensis
4241 3540 4624 3625 superinten-

3505 3623 3667 3694 dens
3701 3634 3771 3692 et
3802 3626 4105 3693 minister
4136 3624 4505 3694 Oracoviae.

2860 3795 3213 3882 Perlegere
3255 3795 3453 3863 etiam
3498 3818 3631 3864 non

2859 3882 3063 3950 licuit.
3130 3881 3475 3969 Ignoscite.

2814 4309 2829 4323 ·
2911 4170 2975 4310 ἐξ
3002 4187 3360 4326 ”Saf'wpmnt
3390 4242 3554 4300 stiam
3587 4241 4268 4324 Senium-etministriin
4300 4240 4495 4314 synodo
4517 4237 4621 4319 Pin·

2707 4326 2950 4365 conensi
2989 4327 3218 4393 minoris
3250 4312 3511 4394 Polomae
3553 4317 3867 4394 congregati
3945 4311 4307 4368 rofessoribus
4346 4309 4617 4377 theologiae

2707 4381 3112 4505 amer
3145 4381 3411 4574 ξπ.
3420 4378 4333 4574 ..Magoras-...unffi
4365 4392 4517 4460 0⁰·-
4511 4390 4616 4528 ,τε

2705 4592 2841 4640 runt
2877 4585 3152 4728 m·
3184 4534 3745 4713 Patalam-Laetos&
3822 4588 3833 4601 ⁴
3941 4533 4207 4656 wudu-3,
4235 4582 4614 4648 mla·
