4850 6117
211 424 322 488 589

210 610 455 679 dentiae
495 616 576 676 ut
625 615 766 677 tam
810 614 1037 695 aperte
1094 609 1443 677 saevirent.
1551 606 1688 677 Sed
1743 612 1967 676 tamen
2023 606 2171 675 Deo

209 696 445 767 volenti
486 696 589 762 ita
614 695 868 763 accidit.
910 696 1240 763 Dictitant
1262 695 1522 779 quidem
1567 714 1685 760 suo
1725 714 1910 761 more
1952 714 2025 761 se
2065 695 2169 759 in·

211 784 351 854 sciis
392 782 619 849 omnia
707 788 848 849 esta
890 802 1052 860 esse,
1094 789 1172 847 ut
1213 802 1284 847 se
1328 781 1519 865 culpa
1561 800 1787 847 carere
1828 780 2016 865 vulgi
2051 801 2169 845 au-

209 869 380 938 ribus
422 888 664 952 persua
710 873 882 935 eant.
930 865 1067 935 Sed
1111 864 1328 933 surdis
1371 867 1571 952 (quod
1617 868 1833 945 aiunt)
1875 865 2165 932 fabulam

211 964 459 1023 canunt.
549 955 727 1020 Nam
778 954 1129 1021 Tosaanum
1169 954 1369 1019 huius
1401 951 1773 1038 tragoediae
1806 951 2165 1036 choragum

210 1051 339 1108 0880
375 1041 510 1105 10111
555 1049 661 1107 est
702 1041 777 1104 in
820 1060 934 1106 ore
975 1041 1153 1106 omni
1195 1039 1452 1123 populo.
1474 1041 1530 1116 8)

366 1127 569 1193 Mitto
629 1124 713 1192 ad
770 1135 837 1191 te
894 1126 1394 1192 tumultuariam
1451 1125 1818 1210 apologiam
1861 1144 2166 1208 supremo

212 1213 456 1283 senatui
499 1234 542 1277 0
575 1231 686 1277 1110
719 1211 1084 1278 exhibitam
1116 1211 1186 1277 in
1257 1231 1386 1294 qua
1425 1212 1645 1296 legere
1685 1211 1929 1294 poteris
1963 1211 2166 1276 totius

211 1299 434 1385 tragici
478 1298 770 1382 impetus
805 1297 1137 1365 doctrinae
1171 1317 1368 1363 causa
1407 1298 1481 1362 in
1521 1318 1630 1363 me
1668 1297 1824 1363 facti
1866 1317 2166 1381 progres-

212 1406 348 1454 sum
388 1390 456 1450 et
501 1382 823 1450 ordinem.
884 1383 1082 1449 Mitto
1124 1384 1324 1449 etiam
1370 1384 1771 1468 farraginem
1807 1403 1973 1466 quae
2008 1381 2166 1448 hinc

211 1473 277 1538 in
317 1471 753 1539 Germaniam
796 1470 1151 1554 composito
1193 1470 1396 1536 missa
1439 1478 1507 1535 et
1550 1491 1587 1536 e
1630 1469 1997 1537 Germania
2037 1468 2168 1535 huc

207 1558 473 1624 remissa
516 1556 727 1624 veluti
769 1556 1015 1623 fecialis
1057 1555 1303 1621 bellum
1344 1555 1641 1623 indicens
1692 1555 1834 1621 fuit.
1922 1553 2167 1621 Statim

213 1650 419 1709 autem
485 1650 686 1726 atque
750 1643 821 1706 in
888 1640 1175 1707 medium
1241 1641 1503 1724 prodiit,
1569 1648 1827 1725 apertas
1890 1641 2168 1708 insidias

213 1730 366 1795 mihi
423 1729 616 1808 strui,
683 1734 751 1794 et
808 1729 881 1793 111
935 1728 1284 1794 ministerii
1347 1729 1477 1794 mei
1543 1726 2019 1794 abdicationem
2084 1746 2166 1792 ex

214 1814 493 1901 professo
528 1812 824 1882 incumbi
861 1814 1191 1880 subolfeci.
1246 1814 1417 1879 Nam
1458 1811 1743 1881 sciebam
1771 1814 2168 1898 farraginem

215 1901 386 1967 illam
428 1921 553 1967 sex
611 1900 872 1967 circiter
927 1900 1165 1966 abhinc
1218 1901 1427 1979 annis,
1449 1905 1503 1980 ⁴)
1548 1921 1750 1984 quum
1792 1900 2009 1967 adhuc
2050 1901 2165 1964 fie-

215 1988 354 2054 bam
416 1986 839 2054 consiliorum
880 1987 1151 2052 Tossani
1213 1988 1561 2071 particeps,
1624 1985 1697 2052 in
1755 2007 1908 2052 eum
1965 1987 2166 2051 finem

219 2073 543 2140 collectam
599 2081 669 2138 et
724 2071 1162 2156 conscriptam
1205 2074 1426 2151 fuisse,
1472 2079 1551 2137 ut
1589 2072 1912 2137 ministris
1955 2070 2166 2137 omni-

217 2159 344 2237 bus,
378 2166 696 2242 tanquam
744 2181 781 2224 e
817 2157 1180 2224 Germania
1212 2159 1433 2237 missa,
1469 2157 1885 2242 approbanda
1918 2167 1988 2224 et
2021 2155 2170 2223 sub-

219 2245 524 2329 signanda
542 2250 1041 2329 proponeretur,
1076 2252 1170 2323 ut,
1208 2245 1436 2310 sicam
1458 2245 1898 2328 approbarent
1932 2252 1998 2309 et
2019 2243 2168 2310 sub-

221 2332 564 2415 signarent,
609 2331 1073 2396 fraenarentur
1125 2340 1194 2394 et
1235 2350 1310 2395 os
1375 2338 1634 2396 tantum
1699 2331 2167 2414 semiapertum

220 2416 551 2482 haberent:
613 2417 716 2482 sin
772 2418 1007 2497 minus,
1073 2415 1511 2501 abigerentur.
1601 2417 1748 2501 Ego
1791 2415 2166 2500 decipulum

219 2502 618 2585 ignorantiae
674 2523 860 2567 meae
913 2508 1208 2586 tempore
1270 2503 1526 2585 saepius
1582 2524 1786 2568 manu
1850 2523 2000 2567 mea
2055 2502 2165 2566 de-

221 2589 436 2672 scripsi
493 2597 564 2655 et
626 2588 921 2674 probavi.
1010 2588 1353 2667 Errabam,
1411 2587 1638 2654 fateor.
1726 2586 1903 2671 Quid
1955 2608 2108 2654 vero
2131 2587 2162 2651 ⁴?

222 2673 500 2740 'l'andem
547 2676 789 2741 erroris
831 2674 964 2740 mei
1014 2696 1258 2759 poenas
1300 2675 1536 2740 merito
1581 2674 1745 2739 dedi.
1834 2674 2007 2739 Nam
2051 2695 2165 2738 au·

223 2777 402 2842 cupes
434 2762 782 2845 negotium
824 2760 993 2826 mihi
1033 2760 1352 2827 facessere
1396 2760 1737 2827 studentes
1779 2760 1947 2825 illud
1988 2759 2165 2825 idem

225 2844 599 2929 decipulum,
660 2854 731 2912 ut
787 2867 895 2911 me
953 2846 1007 2912 si
1069 2853 1335 2929 possent
1369 2853 1705 2930 caperent,
1747 2846 1913 2911 mihi
1955 2851 2164 2911 teten-

226 2930 464 3012 derunt,
511 2941 712 3016 atque
767 2932 864 2999 ita
907 2932 1294 3016 perplexum
1337 2942 1404 2997 et
1445 2933 1720 2998 anxium
1763 2931 2165 3016 aliquamdiu

224 3016 652 3084 reddiderunt.
728 3019 913 3084 Laus
954 3026 1175 3084 tamen
1221 3020 1309 3085 sit
1348 3019 1635 3084 Domino
1678 3017 1842 3098 Deo,
1890 3019 1999 3101 qui
2034 3038 2166 3083 non

223 3122 437 3185 passus
494 3111 599 3171 est
660 3104 873 3170 adhuc
916 3125 1023 3170 me
1066 3104 1229 3188 capi,
1274 3112 1352 3169 ut
1394 3126 1478 3170 ex
1521 3105 1638 3170 illa
1678 3124 1825 3170 mea
1869 3104 2168 3189 apologia

227 3186 454 3256 discere
498 3190 740 3257 licebit.

377 3277 579 3343 Mitto
633 3278 907 3360 insuper
960 3275 1042 3341 ad
1093 3276 1494 3362 farraginem
1549 3274 1736 3341 illam
1792 3296 2004 3342 meam
2051 3295 2165 3340 ex-

227 3361 703 3445 temporaneam
761 3361 1270 3445 responsionem,
1328 3382 1457 3446 qua
1511 3363 1902 3445 praesertim
1959 3361 2164 3445 signi-

226 3445 335 3512 fico
388 3470 492 3515 me
551 3471 688 3516 non
745 3469 1090 3532 passurum
1148 3448 1451 3513 staenum
1506 3447 1674 3512 mihi
1722 3448 1922 3526 iniici,
1980 3449 2167 3531 quasi

227 3528 605 3601 histrionum
658 3554 845 3600 more
886 3534 955 3598 id
998 3541 1258 3599 tantum
1301 3534 1478 3617 loqui
1521 3533 1791 3600 debeam
1835 3532 2008 3618 apud
2051 3554 2166 3616 po-

227 3618 440 3698 pulum
482 3620 661 3705 quod
707 3622 775 3685 in
818 3641 1047 3686 aurem
1081 3619 1246 3685 mihi
1280 3622 1361 3686 ab
1395 3619 1660 3685 homine
1695 3618 1912 3703 aliquo
1954 3619 2166 3684 infun-

234 3699 423 3771 detur.
506 3707 714 3772 Nolui
770 3728 920 3773 cum
964 3704 1253 3785 Luthero,
1298 3705 1692 3772 Melanthone
1733 3711 1801 3770 et
1842 3705 1985 3770 aliis
2028 3724 2165 3769 ma-

232 3807 377 3854 num
432 3812 795 3870 conserere,
849 3790 962 3858 sed
1018 3791 1101 3857 ad
1155 3790 1543 3875 prudentiae
1595 3797 1745 3856 tuae
1789 3790 2166 3874 exemplum

232 3891 326 3939 me
374 3898 790 3962 componens,
845 3878 1017 3960 quod
1075 3877 1156 3943 de
1192 3876 1585 3943 Melanthone
1635 3877 1707 3941 111
1765 3877 2168 3959 praefatione

232 3957 296 4022 in
334 3960 502 4030 locos
542 3963 725 4031 illius
763 3983 1142 4030 communes
1185 3963 1518 4047 scripsisti,
1544 3966 1594 4041 ὅ)
1635 3962 1705 4027 id
1745 3962 1826 4027 de
1870 3962 2169 4028 omnibus

232 4042 555 4124 pluraliter
600 4050 873 4134 loquens
908 4050 1158 4133 scripsi.

390 4133 464 4200 Si
507 4135 664 4220 quid
706 4137 962 4202 interea
995 4135 1241 4219 egerim
1278 4133 1451 4218 quod
1485 4132 1815 4217 agendum
1856 4153 1991 4198 non
2028 4133 2168 4199 fue-

233 4223 344 4295 rat,
385 4230 498 4288 aut
554 4243 687 4289 non
733 4222 977 4306 egerim
1021 4220 1194 4305 quod
1239 4221 1454 4286 fuerat
1496 4217 1840 4303 agendum,
1886 4218 2168 4302 denique

234 4301 283 4363 si
317 4308 585 4373 tacenda
642 4307 921 4374 dixerim
964 4315 1079 4372 aut
1122 4305 1398 4373 dicenda
1436 4305 1771 4384 tacuerim,
1816 4325 1932 4370 oro
1975 4313 2041 4370 te
2084 4326 2168 4370 ex

236 4388 433 4458 animo
475 4401 550 4460 ut
583 4393 749 4459 illud
791 4392 957 4458 mihi
996 4392 1344 4476 significes,
1388 4412 1514 4475 quo
1556 4398 1812 4457 mature
1855 4399 1923 4456 et
1956 4392 2167 4475 primo

235 4490 468 4559 quoque
511 4489 805 4564 tempore
847 4478 1026 4544 omni
1068 4477 1244 4543 malo
1288 4479 1373 4556 (si
1413 4477 1582 4561 quod
1632 4478 1760 4561 est)
1803 4475 2168 4543 remedium

237 4557 624 4632 adhibeatur.
725 4566 871 4649 Ego
927 4563 1246 4629 hactenus
1300 4570 1488 4629 tanta
1542 4584 1692 4629 cum
1739 4562 2060 4630 modestia
2100 4571 2168 4629 et

236 4647 579 4732 prudentia,
637 4650 864 4718 divina
919 4649 1279 4733 opitulante
1322 4650 1551 4735 gratia,
1611 4669 1838 4716 veram
1895 4669 2166 4733 eamque

236 5013 383 5126 1ξίῑὶυὸοο
452 5017 560 5067 atet
586 5011 734 5094 quod
765 5026 985 5094 manere
1000 5011 1288 5068 abdicatam
1317 5012 1431 5078 ficit
1446 4939 2168 5080 αἶ’ἰῦξῖἰςῇιιῗηῶποοᾞὲξξ

326 5088 703 5219 sendra-giu
704 5086 913 5207 331ιά.
950 5147 1087 5204 1556
1121 5152 1249 5231 ante
1280 5153 1502 5205 mortem
1531 5147 1766 5231 ,Comitia-
1795 5145 2020 5216 Georqa·
2051 5162 2168 5201 mu·

241 5217 354 5288 ”fre
384 5226 479 5268 auo
510 5216 853 5288 funqebatur,
890 5221 1003 5275 sca.
1040 5219 1112 5273 ab
1143 5218 1312 5273 hunus
1344 5217 1590 5275 consum
1621 5218 1856 5274 medum
1890 5216 2169 5287 quandam

233 5286 365 5334 mm
391 5289 825 5368 persequentibus
843 5304 965 5369 ‘non
997 5287 1308 5371 abhorreas.
1543 5356 1553 5367 Ι

425 5351 481 5421 5)
514 5373 577 5412 m
605 5358 951 5426 praesumem
985 5357 1061 5412 ad
1092 5371 1387 5413 ver-atonem
1415 5355 1671 5426 qallzcam
1706 5354 1861 5411 1551.

422 4939 480 5005 3)
517 4942 688 4999 Hunc
722 4947 902 4998 tamen
946 4958 1059 4997 non
1103 4957 1306 5011 purum

1911 420 2076 485 1562
2113 416 2524 486 DEOEMB.

4099 430 4228 494 590

2267 607 2597 691 integram
2666 605 2750 674 de
2809 607 3423 692 praedestinationis
3497 608 3799 679 doctrina
3874 612 4222 682 veritatem

2266 694 2595 777 proposui,
2653 701 2733 760 ut
2785 695 2947 762 satis
3005 695 3609 777 demonstraverim,
3668 718 3775 764 me
3833 699 3999 765 nihil
4043 700 4225 767 aliud

2268 800 2467 862 quam
2507 776 2639 845 Dei
2680 778 2961 863 gloriam
3004 789 3072 847 et
3114 782 3423 849 ecclesiae
3466 783 3983 852 aedificationem
4025 807 4226 870 quae-

2265 885 2428 931 rere.
2517 865 2690 931 Nam
2733 886 2930 932 usum
2973 865 3308 935 doctrinae
3350 890 3606 953 semper
3654 869 3894 951 addidi,
3939 878 4008 937 et
4049 874 4222 940 eius-

2266 949 2416 1017 dem
2480 951 2804 1017 utilitates
2865 953 3285 1036 potissimum
3350 962 3649 1038 quatuor,
3715 955 3797 1022 de
3852 957 4089 1040 quibus
4145 965 4223 1025 tu

2264 1038 2386 1103 sub
2444 1037 2708 1102 initium
2772 1039 2988 1122 operis
3051 1040 3364 1107 adversus
3418 1039 3736 1126 Pighium
3798 1049 3866 1108 et
3917 1042 4091 1123 alibi,
4147 1046 4222 1110 in

2261 1122 2554 1189 medium
2613 1122 2874 1190 adduxi.
2961 1124 3157 1192 Unde
3223 1126 3470 1192 factum
3525 1127 3803 1194 arbitror
3857 1136 3935 1194 ut
3972 1130 4043 1194 in
4095 1129 4223 1196 hac

2263 1208 2606 1293 tragoedia
2648 1230 2838 1275 nemo
2880 1232 2988 1276 me
3033 1209 3113 1277 de
3154 1210 3751 1296 praedestinatione
3794 1213 4223 1281 disserentem

2266 1296 2496 1360 audire
2530 1294 2831 1361 voluerit.
2898 1295 3032 1362 Sed
3075 1305 3298 1363 tamen
3342 1298 3469 1365 scis
3501 1319 3645 1364 rem
3686 1299 3851 1364 mihi
3893 1320 4036 1368 esse
4069 1320 4221 1367 cum

2265 1380 2706 1447 callidissimis
2768 1382 3069 1449 hostibus
3134 1383 3244 1458 (de
3308 1382 3393 1449 iis
3458 1384 3685 1468 loquor
3744 1386 3854 1469 qui
3912 1386 4222 1471 frigidam

2266 1466 2675 1546 suffundunt,
2730 1488 2867 1534 non
2931 1468 3012 1534 de
3066 1467 3434 1569 iudicibus).
3523 1471 3754 1554 Itaque
3808 1492 3939 1537 non
3991 1471 4221 1538 dubito

2267 1552 2427 1636 quin
2470 1573 2731 1619 omnem
2785 1555 3034 1619 moturi
3091 1555 3229 1620 sint
3269 1554 3558 1640 lapldem
3601 1565 3677 1622 ut
3718 1578 3827 1623 me
3869 1558 3927 1623 si
3970 1560 4223 1641 possint

2268 1637 2553 1723 abigant.
2640 1639 2706 1704 N
2707 1659 2836 1704 11110
2892 1641 3117 1724 itaque
3158 1640 3327 1721 vide,
3385 1642 3671 1720 obsecro,
3714 1643 3809 1708 mi
3851 1652 4055 1728 pater,
4096 1643 4222 1710 hoc

2267 1726 2325 1791 si
2369 1726 2749 1808 consequuti
2792 1727 3058 1806 fuerint,
3117 1726 3427 1810 quidnam
3472 1729 3798 1811 agendum
3843 1730 4010 1795 mihi
4053 1731 4217 1795 erit:

2267 1831 2354 1876 an
2399 1812 2702 1894 protinus
2753 1810 3113 1878 cedendum
3169 1820 3238 1877 et
3295 1812 3448 1880 hinc
3500 1814 3942 1898 migrandum,
4005 1836 4093 1880 an
4137 1813 4223 1880 ad

2265 1895 2595 1980 principes
2651 1897 2946 1965 dominos
3000 1907 3249 1964 tutores
3291 1920 3648 1982 eorumque
3696 1898 4030 1985 theologos
4071 1922 4224 1985 pro·

2264 1982 2648 2048 vocandum.
2738 1983 2834 2049 Ut
2888 1985 3060 2067 quod
3113 1985 3188 2049 in
3244 1985 3463 2050 animo
3516 1985 3726 2050 habeo
3768 2007 3927 2052 vere
3971 1995 4038 2051 et
4079 1987 4223 2053 sine

2264 2069 2411 2134 fuco
2468 2070 2778 2152 aperiam,
2838 2070 2931 2135 sic
2970 2070 3298 2136 Dominus
3341 2091 3460 2136 sua
3504 2069 3905 2155 benignitate
3948 2073 4222 2139 affectus

2262 2175 2444 2220 meos
2488 2163 2807 2238 temperat
2847 2163 2928 2220 ut
2969 2157 3092 2221 sim
3135 2157 3206 2221 in
3249 2163 3600 2239 utrumque
3633 2165 3923 2240 paratus,
3966 2179 4081 2224 8011
4114 2177 4222 2223 re·

2263 2260 2550 2320 manere,
2617 2261 2735 2306 seu
2800 2241 3105 2326 migrare.
3192 2239 3386 2322 Quod
3451 2242 3509 2308 si
3567 2250 3794 2309 utrum
3857 2243 4083 2308 malim
4138 2265 4223 2309 ex

2264 2327 2487 2391 animo
2532 2325 2879 2392 dicendum
2925 2335 3113 2407 esset,
3161 2328 3402 2394 faterer
3454 2329 3739 2412 ingenue
3781 2350 3888 2395 me
3930 2327 4222 2412 cupidio-

2264 2433 2407 2477 rem
2450 2433 2591 2477 esse
2630 2412 2964 2496 migrandi
3004 2435 3197 2497 quam
3232 2414 3632 2480 remanendi.
3694 2413 3774 2481 Si
3816 2422 4039 2481 tamen
4071 2434 4224 2498 pro-

2263 2496 2556 2565 vocando
2604 2500 2903 2564 veritatis
2960 2500 3296 2583 negotium
3354 2507 3423 2565 et
3463 2499 3593 2565 Dei
3650 2499 3927 2585 gloriam
3970 2520 4225 2584 promo-

2267 2605 2425 2650 vere
2483 2584 2916 2668 ecclesiaeque
2974 2584 3253 2669 amplius
3320 2585 3630 2668 prodesse
3692 2606 3971 2671 possem,
4025 2585 4226 2653 nullis

2266 2668 2599 2736 laboribus
2633 2679 2751 2734 aut
2782 2671 3148 2754 sumptibus
3189 2671 3316 2738 hoc
3353 2691 3562 2736 unum
3595 2671 3976 2755 praestandi
4009 2672 4227 2756 gratia

2265 2776 2535 2839 parcere
2591 2756 2849 2822 vellem.
2939 2756 3163 2824 Habes
3213 2755 3300 2822 D.
3350 2755 3675 2824 Suzoerum
3696 2761 3749 2833 θ)
3802 2757 4106 2824 Basileae
4159 2765 4226 2823 et

2268 2841 2434 2906 alios
2489 2843 2560 2907 in
2606 2841 2966 2908 Germania
3009 2843 3254 2909 amicos
3297 2850 3364 2909 et
3405 2843 3693 2908 nominis
3736 2844 3836 2908 tui
3879 2842 4224 2923 studiosos,

2269 2928 2381 3010 qui
2423 2928 2548 2994 1100
2589 2930 2660 2993 111
2694 2950 2768 2993 10
2803 2928 3048 3011 aliquid
3080 2930 3355 2995 fortasse
3391 2935 3660 3012 possent
3691 2929 3963 2995 efficere.
4021 2929 4225 2995 Prae-

2267 3012 2483 3080 fectus
2545 3035 2662 3080 seu
2728 3013 3028 3081 Ballivus
3090 3021 3349 3094 noster,
3412 3015 3800 3082 Pancratius
3863 3016 3940 3081 de
4003 3014 4223 3094 Roust,

2275 3100 2555 3164 Tossano
2598 3107 2773 3166 totus
2816 3098 3135 3181 addictns,
3177 3102 3287 3167 vir
3319 3106 3422 3166 est
3454 3099 3736 3184 simplex
3779 3106 3846 3167 et
3886 3121 4034 3167 meo
4079 3100 4225 3184 qui-

2270 3185 2419 3252 dem
2477 3185 2718 3252 iudicio
2773 3186 3005 3265 bonus,
3063 3186 3174 3269 qui
3216 3186 3301 3251 D.
3352 3184 3679 3253 Suu-emm
3730 3187 4005 3271 plurimi
4045 3186 4222 3254 facit.

2270 3271 2350 3338 Si
2411 3274 2630 3354 itaque
2693 3270 2780 3337 D.
2851 3270 3148 3339 Sulcerus
3208 3272 3292 3336 ad
3354 3271 3543 3337 illum
3616 3273 3741 3340 1100
3815 3270 3897 3339 de
3961 3273 4223 3357 negou‘o

2271 3358 2603 3437 scriberet,
2682 3365 2906 3441 posset
2978 3357 3257 3423 fortasse
3334 3358 3552 3424 oculos
3628 3358 3883 3425 homini
3947 3359 4220 3442 aperire.

2271 3444 2467 3525 Quod
2511 3444 2569 3510 si
2613 3444 2813 3509 semel
2856 3444 3280 3527 contingeret,
3316 3465 3450 3510 11011
3495 3444 3720 3511 dubito
3763 3445 3923 3529 quin
3965 3444 4076 3510 hic
4115 3463 4226 3509 res

2268 3550 2497 3596 omnes
2573 3530 2807 3596 melius
2891 3530 2963 3594 in
3038 3537 3372 3613 posterum
3445 3530 3662 3596 iturae
3734 3536 3952 3597 essent
4028 3537 4224 3612 atque

2269 3615 2605 3683 hactenus.
2694 3617 2801 3681 Ita
2854 3615 3119 3698 quidem
3170 3615 3338 3680 mihi
3393 3615 3673 3681 videtur.
3761 3615 3998 3681 Facies
4051 3614 4223 3698 quod

2267 3703 2707 3769 rectissimum
2741 3723 2883 3768 esse
2915 3701 3230 3767 iudicabis
3272 3709 3342 3766 et
3374 3723 3571 3785 quam
3614 3701 3937 3784 optimum
3977 3699 4225 3784 poteris

2269 3789 2613 3855 consilium
2657 3786 2824 3852 mihi
2875 3787 3077 3856 dabis.
3177 3786 3258 3853 Si
3304 3787 3387 3852 ad
3429 3788 3515 3853 D.
3567 3786 3891 3854 Sulcerum
3939 3785 4222 3851 scribere

2268 3873 2496 3954 velles,
2554 3870 2888 3939 commode
2940 3873 3007 3939 id
3054 3894 3175 3958 per
3229 3871 3410 3938 1111110
3469 3872 3880 3939 tabellarium
3923 3879 4224 3937 nostrum

2269 3961 2483 4026 facere
2549 3980 2791 4043 posses.
2888 3958 3065 4025 Nam
3133 3958 3413 4024 eundem
3470 3957 3801 4024 Basileam
3866 3957 4222 4037 mitterem,

2269 4048 2490 4129 sicque
2542 4046 2770 4112 literas
2825 4052 2973 4112 tuas
3026 4043 3238 4130 primo
3295 4063 3552 4128 quoque
3608 4058 3901 4127 tempore
3942 4040 4222 4109 redden-

2272 4132 2388 4198 das
2431 4152 2747 4198 curarem.

2440 4217 2644 4283 Aliud
2687 4225 2789 4284 est
2820 4218 2892 4282 in
2934 4238 3061 4300 0110
3095 4223 3210 4282 tuo
3253 4236 3509 4300 quoque
3542 4215 3814 4282 consilio
3849 4233 4025 4299 egeo·
4074 4214 4222 4279 Du-

2270 4305 2404 4370 bito
2463 4305 2639 4369 enim
2695 4303 2930 4388 quibus
2986 4302 3466 4369 conditionibus
3530 4300 3801 4367 debeam
3866 4300 3951 4365 ad
4016 4299 4222 4365 inter-

2268 4392 2545 4456 missum
2600 4389 2949 4455 ministerii
2989 4409 3234 4455 munus
3287 4388 3518 4467 redire,
3564 4387 3622 4453 si
3663 4387 3832 4452 forte
3874 4385 4219 4469 suspensio

2267 4475 2450 4543 nulla
2507 4475 2869 4542 declaretur
2929 4494 3284 4558 rursusque
3347 4472 3625 4539 verbum
3679 4471 3810 4538 Dei
3871 4479 3939 4537 et
4000 4492 4219 4538 sacra-

2266 4568 2490 4628 menta
2532 4558 3031 4627 administrandi
3065 4566 3353 4644 potestas
3394 4558 3561 4625 mihi
3593 4560 3727 4624 fiat.
3793 4559 4026 4641 Itaque
4062 4556 4219 4624 doce

2266 4670 2392 4729 me,
2452 4648 2735 4725 obsecro,
2793 4666 3080 4730 quanam
3135 4646 3391 4712 ratione
3433 4645 3747 4711 autoritas
3791 4644 3872 4709 de
3914 4663 4062 4709 meo
4104 4642 4218 4709 illo

2266 4734 2632 4799 ministerio
2674 4731 2966 4799 detracta
3007 4753 3203 4815 quam
3238 4730 3482 4831 optime
3515 4731 3746 4832 reponi
3778 4731 4056 4830 poterit..
4101 4728 4220 4794 In-

2267 4838 2881 4989 migrata&
2894 4815 4220 4987 amatfflgffifflffigussz

2267 4997 2560 5058 nostram
2623 4991 3050 5076 magistratus
3117 4989 3301 5056 iussu
3367 4989 3448 5055 ab
3513 5011 3644 5056 11110
3707 4996 4218 5076 symmystamm

2474 5352 2533 5420 6)
2576 5349 2716 5406 Vide
2747 5354 3062 5421 aequamen.
