4850 6117
476 385 601 451 239

476 591 606 656 qua
649 571 988 656 diligentia
1043 578 1111 637 et
1162 570 1548 637 fortitudine
1606 590 1713 637 res
1758 569 2147 637 domesticae
2203 567 2409 635 admi-

473 660 851 725 nistrentur.
939 653 1323 724 Formulam
1376 664 1598 723 autem
1650 657 1744 722 ita
1795 663 1870 721 ut
1910 676 1994 721 ex
2036 660 2410 721 nostrorum

474 764 792 812 consensu
846 742 1056 827 scipta
1110 750 1211 810 est
1253 742 1338 809 ad
1379 750 1447 810 te
1487 744 1696 823 mitto,
1740 749 1818 806 ut
1861 761 2061 825 quum
2105 740 2412 824 deinceps

473 828 736 896 oonsilio
779 849 943 912 opus
984 828 1130 908 erit,
1183 830 1427 896 habeas
1470 828 1980 896 actionis'huius
2021 825 2411 893 fundamen-

476 924 632 981 tum.
721 912 917 996 Quod
971 915 1100 981 nisi
1155 914 1352 981 simul
1408 922 1673 998 captum
1731 921 1904 982 esset
1944 912 2290 979 consilium
2342 919 2412 977 et

473 1020 708 1068 manus
765 1001 947 1084 operi
1002 1000 1319 1081 admotae,
1374 1000 1692 1081 fecissem,
1746 999 1919 1085 quod
1971 999 2225 1064 utinam
2266 998 2409 1064 fieri

471 1087 804 1171 potuisset,
848 1086 915 1151 id
959 1093 1059 1153 est
1100 1084 1184 1152 de
1216 1109 1289 1153 re
1328 1094 1468 1152 tota
1499 1085 1583 1152 ad
1616 1094 1686 1152 te
1718 1086 2127 1169 scripsissem
2158 1093 2226 1149 et
2258 1104 2409 1150 sen-

471 1171 744 1238 tentiam
787 1181 968 1237 tuam
1010 1192 1223 1238 essem
1265 1179 1702 1256 percontatus,
1765 1192 1964 1256 quam
2006 1171 2205 1237 etiam
2247 1189 2409 1254 rogo

473 1265 538 1324 et
599 1258 865 1325 obsecro
925 1263 1003 1323 ut
1044 1280 1128 1324 ne
1188 1280 1366 1325 nunc
1430 1256 1689 1342 quidem
1755 1258 2035 1324 scribere
2091 1256 2406 1341 graveris.

473 1343 608 1411 Sed
650 1344 734 1410 ad
776 1342 1032 1427 reliqua
1071 1345 1286 1411 venio.
1357 1344 1621 1410 Interea
1662 1342 1819 1409 dum
1860 1341 2114 1409 invitus
2157 1342 2408 1420 absum,

474 1429 759 1497 secunda
820 1428 1118 1495 Ianuarii
1179 1430 1433 1496 oblatus
1498 1437 1601 1497 est
1661 1428 2079 1495 ecclesiarum
2128 1426 2407 1508 libellus,

473 1516 659 1583 cuius
700 1513 1034 1599 exemplar
1074 1514 1158 1581 ad
1201 1522 1266 1582 te
1306 1517 1514 1595 mitto,
1585 1517 1937 1582 verbosum
1970 1524 2038 1579 et
2078 1515 2410 1599 incompo-

475 1603 676 1668 situm
730 1609 804 1667 ut
854 1600 1020 1665 mihi
1075 1600 1351 1682 videtur,
1375 1606 1428 1680 6)
1485 1599 1658 1685 quod
1710 1607 2052 1684 peccatum
2092 1608 2165 1666 ut
2208 1600 2409 1665 corri-

522 1706 699 1754 erem
750 1687 996 1753 confeci
1050 1697 1275 1765 certos,
1341 1708 1506 1771 quos
1556 1696 1807 1767 vocant,
1867 1684 2192 1763 articulos,
2249 1705 2410 1768 quos

477 1708 620 1840 {eri
684 1771 1008 1857 plerisque
1073 1773 1443 1839 obtulimus.
1531 1772 1859 1839 Postridie
1907 1770 2335 1837 cancellarius
2351 1774 2379 1809 ⁷
2386 1781 2408 1844 )

477 1859 835 1926 orationem
878 1856 1122 1936 habuit,
1192 1880 1358 1944 quae
1401 1856 1804 1924 auditoribus
1848 1856 2037 1923 valde
2076 1857 2407 1923 satisfecit.

475 1946 561 2010 In
617 1964 892 2023 summa,
952 1965 1219 2011 causam
1273 1951 1566 2011 nostram
1610 1945 1668 2011 si
1711 1964 1845 2010 non
1885 1943 2158 2023 fortiter,
2213 1949 2408 2021 certe,

475 2043 552 2097 ut
585 2030 770 2095 nobis
804 2030 1260 2097 renunciatum
1294 2043 1414 2111 est,
1449 2039 1667 2109 (nemo
1703 2029 1878 2096 enim
1910 2038 2169 2112 praeter
2190 2046 2411 2111 proce-

473 2137 581 2184 res
635 2125 701 2182 et
757 2135 869 2182 eos
923 2116 1034 2199 qui
1088 2117 1481 2182 seutentiam
1541 2115 1778 2182 dicturi
1842 2122 2018 2194 sunt,
2083 2114 2410 2194 interfuit)

472 2202 831 2288 prudenter
905 2222 941 2267 e
992 2204 1056 2266 't.
1163 2202 1255 2267 Et
1328 2206 1421 2268 ita
1495 2223 1640 2269 esse
1714 2199 1866 2267 inde
1939 2200 2174 2286 colligo
2237 2199 2411 2283 quod

473 2290 713 2355 nostris
778 2288 947 2352 hosti
995 2308 1075 2352 us
1118 2308 1317 2371 supra
1377 2287 1634 2354 modum
1710 2286 2057 2370 displicuit.
2159 2285 2412 2352 Eodem

474 2375 580 2439 die
615 2373 743 2438 huc
776 2372 958 2437 redii.
1032 2373 1137 2439 Ab
1179 2393 1255 2438 eo
1289 2382 1581 2457 tempore
1615 2393 1748 2438 non
1783 2372 2153 2438 destitimus
2186 2391 2414 2436 omnes

476 2459 803 2558 appellare
867 2466 937 2558 et
997 2457 1223 2558 sedulo
1280 2479 1541 2559 causam
1595 2467 1890 2524 nostram
1908 2479 2143 2557 agere.
2244 2456 2412 2558 Oras

474 2550 1154 2713 tlxffigbfflbtenlbmstpess,
1190 2566 1268 2694 8elil:
1308 2545 1666 2714 0010811οΞ
1668 2552 1927 2696 {Zbiffil
1942 2564 2116 2713 (1311111
2144 2564 2276 2695 voerl1
2278 2564 2411 2693 1611ῗῖ

475 2716 692 2782 nimus
738 2713 975 2780 aradus
1034 2714 1375 2794 libertatis,
1435 2716 1492 2782 si
1536 2716 1796 2799 publica
1839 2716 2155 2781 autoritas
2199 2734 2411 2781 acces-

474 2802 650 2880 serit,
696 2769 948 2866 aditum
1009 2799 1192 2868 nobis
1248 2800 1330 2866 ad
1392 2814 1634 2868 certam
1676 2802 2015 2868 victoriam
2057 2801 2272 2882 faciat,
2314 2801 2412 2866 fa-

473 2887 596 2955 cile
658 2886 767 2953 vel
829 2887 901 2950 in
964 2885 1270 2953 mediocri
1335 2897 1510 2956 statu
1569 2888 1982 2971 aequiescam.
2087 2885 2222 2954 Sed
2287 2886 2412 2954 hoc

475 2972 668 3040 valde
748 2993 854 3039 me
922 2979 1182 3056 torquet
1244 2971 1413 3056 quod
1479 2973 1559 3039 de
1622 2972 2030 3059 quorundam
2093 2973 2415 3057 patientia

475 3060 669 3144 plane
748 3058 1036 3141 despero,
1123 3059 1237 3142 qui
1315 3059 1565 3125 utinam
1644 3059 1768 3125 sibi
1845 3058 2002 3125 solis
2082 3066 2412 3137 nocerent,

475 3143 733 3228 quando
782 3145 878 3208 ita
930 3143 1066 3210 illis
1123 3144 1352 3227 placet.
1453 3145 1859 3228 Exemplum
1914 3165 2121 3209 unum
2186 3165 2415 3210 recens

475 3231 816 3315 proferam.
877 3230 1191 3314 Aquitani
1244 3231 1478 3314 quibus
1530 3230 1745 3298 adhuc
1798 3232 2019 3297 omnia
2071 3229 2414 3309 licuerunt,

476 3337 612 3382 non
667 3315 955 3382 contenti
1007 3336 1130 3382 sua
1182 3316 1496 3396 libertate,
1558 3317 1689 3383 nisi
1728 3319 1802 3382 vi
1843 3337 2069 3382 omnes
2110 3314 2415 3382 adversa-

476 3401 609 3468 rios
673 3403 1090 3481 extruserint,
1155 3403 1465 3487 oppidum
1528 3402 1850 3486 quoddam
1915 3400 2088 3485 quod
2132 3402 2415 3478 Basasss)

678 3655 737 3723 6)
775 3658 1049 3727 Requeste
1084 3663 1370 3727 presentes
1406 3676 1474 3712 au
1498 3659 1615 3728 Roy
1651 3676 1751 3727 par
1779 3659 1860 3712 les
1876 3659 1958 3712 De
1999 3663 2120 3712 ntea
2155 3658 2225 3712 de
2260 3659 2416 3712 ceulx

479 3729 545 3783 de
579 3728 634 3780 la
657 3726 905 3781 nouvelle
924 3727 1169 3797 religion,
1204 3744 1342 3795 pour
1361 3729 1510 3781 avoir
1527 3728 1622 3782 dcs
1643 3728 1886 3796 temples.
1924 3727 1948 3794 (
2051 3743 2115 3780 m.
2137 3725 2204 3782 ds
2231 3725 2417 3782 Gonde'

473 3797 543 3852 n'
579 3794 727 3945 ⁵³5)
1077 3863 1132 3918 «1.
1188 3863 1241 3917 α.
1287 3862 1542 3946 100100.
1599 3865 1697 3929 (11.
1729 3863 1901 3944 Jeep
1949 3864 2263 3945 conyontus
2319 3865 2412 3945 qui

476 3941 595 3989 erat
628 3933 862 3987 indictus
906 3932 977 3986 ad
1021 3930 1106 3986 20.
1141 3932 1269 3986 Dec.
1319 3940 1551 3987 reiectus
1595 3944 1681 3987 est
1723 3951 1779 3986 111
1827 3938 1949 3988 unt.
1992 3936 2152 3986 110100
2194 3949 2412 3987 mensis.

475 4004 666 4058 Praeci
706 4019 776 4055 ua
809 4001 1131 4056 deliberatio
1175 4007 1261 4055 est
1307 4019 1376 4055 an
1411 4003 1612 4056 nostris
1646 4002 1885 4056 debeant
1927 4001 2146 4056 concedi
2192 4003 2411 4071 templa.

474 4020 839 4126 Omcelfarius
873 4068 963 4136 (de
997 4069 1318 4139 PHospital)
1355 4070 1511 4124 initio
1546 4071 1736 4126 habuit
1762 4071 2085 4123 luculentam
2111 4071 2410 4125 orationem

484 4146 542 4194 ct
573 4140 814 4209 graviter
845 4140 1172 4209 perstrinxit
1206 4138 1519 4194 Oardinales
1553 4145 1611 4192 et
1644 4139 1906 4207 quosdam
1942 4141 2034 4208 qui
2068 4139 2320 4194 dixerant
2351 4156 2411 4193 se

483 4224 644 4330 Bosse
676 4209 840 4262 armis
874 4217 1092 4263 nostros
1126 4209 1435 4279 opprimere
1478 4210 1526 4261 si
1568 4208 1670 4261 hoc
1702 4209 1838 4276 ipsis
1885 4208 2003 4261 Rex
2050 4209 2410 4277 permitteret.

535 4294 566 4330 0
590 4276 964 4357 cardinalibus
999 4278 1154 4343 dixit,
1191 4293 1286 4332 eos
1302 4283 1516 4331 tantum
1550 4277 1805 4331 admirari
1838 4293 1991 4329 suam
2026 4293 2322 4359 purpuram
2356 4287 2415 4331 et

483 4345 1217 4496 &witzam
1234 4346 2416 4495 ἓᾷᾞοςῖἳέιᾚῖἶῖἓᾬῃῗέοᾚθᾚ

483 4483 661 4536 sulere
697 4482 827 4552 Regi
862 4499 910 4536 01
942 4484 1309 4538 interficerent
1342 4500 1463 4537 eam
1498 4488 1710 4553 partem
1746 4482 2086 4536 subditorum
2123 4484 2238 4537 eius
2275 4500 2415 4553 quae

482 4553 556 4604 sit
590 4550 1030 4604 innocentissima
1065 4562 1121 4606 et
1152 4568 1318 4624 reguo
1355 4551 1640 4607 utilissima
1686 4556 1780 4605 etc.
1867 4550 2189 4606 Summire·

480 4621 560 4695 de·
582 4622 639 4674 la
672 4620 979 4688 Hau-anone
1011 4620 1088 4674 du
1126 4621 1249 4691 Boy
1294 4627 1346 4675 et
1392 4622 1458 4675 de
1506 4621 1588 4675 M.
1632 4621 1677 4674 le
1715 4619 2027 4675 chancolia·
2070 4636 2137 4674 en
2182 4620 2415 4676 Possem-

480 4690 589 4744 blee
627 4688 718 4742 des
754 4686 1049 4742 Presidens
1095 4695 1145 4743 st
1187 4690 1492 4745 0011001110το
1528 4689 1621 4743 des
1660 4688 1977 4743 Parzemens
2023 4689 2088 4742 de
2126 4689 2346 4745 Franco
2380 4694 2417 4746 ἁ.

484 4756 542 4811 S.
584 4755 1116 4826 Germain-m·Laye
1164 4774 1261 4811 sur
1303 4759 1349 4813 le
1379 4759 1521 4822 faict
1563 4761 1631 4812 de
1676 4758 1732 4812 la
1769 4757 2024 4824 Reliyt'on
2073 4773 2139 4812 en
2186 4759 2419 4814 «10110101-

482 4823 613 4878 1561
656 4822 776 4893 (62)
808 4826 870 4879 in
907 4823 1067 4879 Me'm.
1105 4825 1170 4879 de
1205 4825 1387 4880 Gonde’
1422 4827 1493 4884 11.
1530 4824 1649 4880 606.
1719 4826 1871 4880 Besa
1908 4827 2120 4881 tertiwn
2157 4827 2425 4883 Ianuarii

482 4895 629 4949 sistit
662 4895 803 4948 citra
839 4909 1043 4948 omnem
1077 4897 1514 4961 controversiam,
1555 4894 1763 4952 Soldan
1810 4894 1850 4949 1.
1886 4894 1989 4949 563
2023 4898 2323 4966 septimum,
2360 4899 2421 4951 in

484 4959 650 5017 Mem.
687 4962 752 5017 de
772 4960 957 5021 θοηᾰέ
984 4970 1032 5017 et
1060 4961 1306 5029 17100110,
1340 4963 1421 5019 ed.
1456 4964 1591 5018 Bas.
1627 4964 1720 5019 ΙΙΙ.
1761 4963 1859 5018 118
1892 4964 2133 5019 decenus
2165 4968 2423 5034 septimus

481 5030 765 5086 indicatur
797 5030 896 5100 qui
963 5033 1107 5086 otius
1151 5031 1264 5098 fuit
1308 5031 1426 5086 dies
1468 5035 1801 5101 promutuans·
1844 5033 2023 5088 edicti.
2106 5034 2281 5102 (Hm.
2327 5036 2424 5090 des

482 5100 667 5156 cham
699 5098 847 5153 mem.
884 5097 914 5150 1
949 5099 1034 5153 99.
1063 5116 1121 5169 p.
1160 5099 1276 5154 145.

688 5165 748 5235 8)
781 5168 925 5223 Hist.
964 5169 1083 5224 cccl.
1121 5169 1164 5222 I.

483 5236 554 5360 εξ
588 5237 1284 5360 00‘9150211055-211121'2230

553 5322 695 5359 mme
770 5323 803 5358 0
886 5322 955 5360 on
1019 5325 1035 5359 1
1093 5323 1177 5360 001

1317 5189 1332 5217 .·
1385 5168 1459 5223 Ce
1492 5185 1695 5223 mesme
1728 5171 1849 5224 iour
1883 5168 1959 5236 (7.
1994 5171 2154 5229 Dec.)
2187 5171 2220 5224 a
2252 5172 2423 5226 Bazas

1369 5253 1431 5289 ar
1477 5254 1548 5290 un
1594 5238 1801 5308 synode
1847 5244 1978 5292 tenu
2021 5239 2057 5292 ὲ,
2109 5239 2164 5294 Β.
2201 5241 2314 5309 Foy
2349 5259 2421 5294 un

1357 5306 1509 5359 venir
1546 5323 1617 5359 un
1652 5308 1825 5375 grand
1869 5307 2137 5372 scandale,
2186 5326 2254 5361 ne
2290 5325 2421 5364 vou-

1966 377 2488 454 EPISTOLAE
2532 382 2953 448 3688-3689

4322 382 4446 446 240

2511 577 2767 649 vocant,
2811 576 3083 654 repente
3125 574 3462 653 occupant,
3515 568 3690 635 idola
3732 567 4060 649 deiiciunt,
4125 568 4448 636 sacrificos

2510 656 2929 741 populantur,
2975 656 3253 740 denique
3295 654 3449 739 quid
3490 655 3669 722 non?
3742 655 3890 722 Hoc
3930 653 4173 721 nudius
4216 654 4447 719 tertius

2509 742 2638 808 huc
2658 743 3040 808 nunciatum
3060 741 3517 826 gubernatoris
3549 742 3758 808 literis
3789 741 3887 807 ita
3904 761 4130 808 omnes
4164 760 4446 807 commo-

2511 828 2625 906 vit,
2660 836 2736 893 ut
2768 827 2937 894 nihil
2969 827 3443 895 incommodius
3476 828 3764 911 potuerit
3798 825 4089 894 accidere
4122 835 4194 893 et
4225 827 4447 893 statim

2513 911 2853 979 condens-is
2904 913 3228 998 expeditis
3285 913 3472 997 equis
3526 914 3616 979 sit
3655 915 3872 979 iussus
3922 912 4055 978 illis
4109 932 4448 980 occurrere

2509 1001 2903 1083 comparatis
2941 999 3234 1084 equitum
3277 1006 3345 1064 et
3379 997 3673 1084 peditum
3718 999 3937 1082 copiis.
4017 997 4170 1082 Ipse
4213 1019 4367 1064 vero
4409 1019 4449 1062 a

2508 1106 2614 1151 me
2656 1084 2992 1151 contendit
3024 1093 3101 1150 ut
3134 1107 3204 1152 se
3239 1106 3561 1170 sequerer.
3582 1089 3638 1163 ⁹)
3705 1084 3836 1150 Hic
3877 1085 3994 1151 tibi
4028 1084 4447 1169 cogitandum

2508 1172 2805 1255 relinquo
2839 1191 3008 1254 quae
3040 1192 3148 1237 me
3183 1192 3378 1238 curae
3414 1179 3483 1237 et
3515 1170 3849 1237 molestiae
3882 1170 4445 1238 circumsteterint.

2509 1256 2739 1342 Neque
2774 1257 2951 1323 enim
2992 1257 3118 1324 hoc
3151 1265 3443 1342 tempore
3475 1256 3772 1323 deserere
3803 1264 4096 1340 poteram
4128 1254 4448 1335 ecclesias,

2511 1352 2576 1410 et
2631 1364 2861 1409 rursus
2962 1342 3540 1410 criculosissimum
3597 1352 3755 1421 erat,
3799 1342 4023 1408 multis
4082 1341 4164 1408 de
4215 1342 4447 1421 causis,

2509 1449 2868 1514 paucorum
2960 1429 3255 1494 ominum
3298 1429 3625 1495 voluntati
3671 1436 3927 1495 tantam
3969 1448 4234 1495 causam
4275 1448 4450 1493 oom-

2511 1516 2791 1581 mittere.
2880 1515 3171 1581 mandem
3217 1515 3422 1600 igitur
3464 1516 3883 1598 impetratum
3927 1524 4043 1593 est,
4087 1523 4162 1580 ut
4206 1513 4290 1580 ad
4332 1513 4450 1578 ali-

2514 1608 2673 1686 quot
2736 1601 2876 1667 dies
2939 1599 3279 1667 differatur
3341 1601 3470 1667 ista
3531 1598 3881 1684 expeditio.
3988 1600 4159 1667 Puto
4227 1607 4449 1668 autem

2512 1687 2650 1753 fore
2693 1696 2770 1752 ut
2811 1688 3036 1771 paucis
3078 1687 3343 1753 omnino
3389 1686 3618 1753 diebus
3661 1697 4022 1753 conventus
4068 1688 4195 1752 iste
4238 1683 4446 1751 absol-

2511 1785 2727 1851 vatur,
2806 1774 2996 1840 cuius
3049 1774 3105 1839 si
3159 1774 3327 1840 forte
3399 1772 3632 1838 infelix
3690 1773 3887 1838 fuerit
3942 1772 4176 1851 exitus,
4256 1791 4450 1838 causa

2513 1859 2827 1924 nimirum
2869 1858 3054 1924 nulla
3086 1859 3230 1939 erit,
3265 1880 3385 1925 cur
3418 1859 3526 1925 hic
3560 1879 4038 1925 consenescam.
4110 1856 4237 1924 Sin
4273 1878 4446 1937 vero,

2511 1942 2685 2028 quod
2737 1964 2949 2028 sper0,
3010 1943 3414 2011 tolerabilem
3475 1944 3843 2010 libertatem
3885 1943 4451 2028 impetraverimus

2513 2038 2582 2096 et
2622 2031 2923 2114 princeps
2964 2031 3206 2096 iterum
3248 2052 3513 2114 operam
3546 2050 3759 2096 meam
3909 2030 4180 2110 uisierit,
4223 2029 4451 2113 religio

2511 2117 2676 2182 mihi
2729 2116 2926 2181 fuerit
2980 2116 3095 2180 hoc
3152 2116 3251 2183 illi
3307 2116 3648 2202 denegare,
3738 2051 3909 2201 ngg
3964 2115 4092 2181 illis
4147 2115 4450 2182 omnibus

2513 2202 2797 2269 ecclesiis
2840 2222 2975 2267 non
3020 2202 3182 2269 utile
3224 2201 3415 2269 modo
3458 2200 3572 2268 sed
3606 2204 3803 2267 etiam
3838 2202 4276 2269 necessarium
4309 2221 4452 2266 0000

2514 2288 2832 2355 existimo
2913 2287 3054 2352 Iam
3110 2289 3287 2353 enim
3339 2288 3433 2353 ita
3475 2296 3628 2353 sunt
3671 2288 4042 2354 exacerbati
4099 2286 4320 2364 animi,
4379 2293 4449 2349 ut

2512 2382 2580 2440 et
2623 2373 2817 2439 duces
2860 2375 3170 2458 utrinque
3213 2374 3347 2440 sint
3390 2374 3766 2457 comparati,
3811 2381 3878 2439 et
3919 2373 4232 2457 pecuniae
4275 2372 4451 2438 eolli-

2514 2459 2766 2545 gendae
2810 2459 2975 2525 ratio
3016 2460 3203 2540 inita,
3264 2466 3330 2525 et
3372 2460 3594 2545 copiae
3637 2462 3834 2525 etiam
3880 2459 4101 2543 aliqua
4142 2479 4227 2522 ex
4269 2465 4452 2541 parte

2516 2547 2939 2630 conscriptae,
2963 2565 3130 2629 quae
3151 2545 3421 2612 consilia
3455 2565 3586 2610 non
3621 2554 3881 2610 tantum
3905 2547 3972 2610 vi
3996 2556 4061 2610 et
4083 2545 4448 2618 autoritate,

2517 2632 2631 2697 sed
2693 2632 2890 2696 etiam
2956 2630 3174 2697 verbis
3237 2631 3592 2699 coercenda
3663 2632 3824 2697 satis
3887 2631 4220 2715 intelligis.
4318 2628 4454 2696 Sed

2514 2718 2892 2802 priusquam
2949 2718 3455 2801 proficiscamur,
3515 2716 3595 2782 de
3647 2718 3845 2784 rebus
3900 2714 4200 2782 omnibus
4252 2714 4335 2781 ad
4391 2723 4455 2779 te

2517 2804 2814 2870 scribam.
2903 2803 3253 2870 Tumultus
3296 2803 3800 2880 Parisiensis10)
3851 2800 4144 2868 nondum
4189 2809 4456 2885 apparet

2517 2890 2736 2955 exitus
2750 2941 2767 2969 ,
2857 2898 2926 2954 et
3000 2888 3401 2956 incredibilis
3487 2899 3590 2955 est
3665 2889 3957 2955 hostium
4032 2887 4451 2972 impudentia,

2519 2996 2715 3060 quam
2755 2995 2945 3040 nemo
2987 2981 3260 3043 coercet.
3318 2974 3455 3041 Sed
3490 2974 3795 3058 patiendo
3828 2974 4062 3041 saltem
4096 2975 4451 3041 vincemus.

2519 3061 2610 3129 Et
2672 3060 2779 3127 hic
2833 3060 3096 3143 quidem
3146 3081 3326 3126 nunc
3379 3068 3478 3127 est
3531 3081 3752 3126 rerum
3807 3071 4182 3126 nostrarum
4226 3067 4452 3126 status.

2518 3146 2785 3212 Literae
2827 3156 2979 3211 tuae
3000 3150 3081 3224 ¹¹)
3124 3146 3426 3213 omnibus
3468 3152 3692 3232 gratae
3727 3146 4009 3224 fuerunt,
4043 3144 4160 3212 sed
4199 3144 4455 3211 Navar-

2518 3252 2700 3299 reme
2761 3231 3064 3316 inprimis
3079 3283 3097 3312 ,
3164 3233 3274 3299 cui
3342 3252 3543 3316 quum
3610 3230 4054 3298 exhibuissem
4118 3231 4458 3297 literarum

2518 3317 2871 3403 exemplar,
2930 3316 3104 3402 quod
3159 3316 3246 3383 ad
3296 3325 3362 3384 te
3416 3316 3697 3398 remitto,
3755 3316 3943 3397 nihil,
4001 3317 4237 3401 inquit,
4292 3336 4456 3399 opus

2518 3414 2662 3470 erat
2701 3403 3120 3470 excusatione
3152 3402 3308 3469 ulla.
3380 3404 3609 3489 Neque
3638 3405 3812 3469 enim
3858 3403 4084 3468 matris
4119 3409 4458 3487 peccatum

2519 3489 2718 3557 velim
2760 3510 3092 3570 excusare,
3138 3497 3205 3555 et
3244 3510 3387 3556 rem
3429 3498 3635 3555 totam
3678 3490 3838 3556 satis
3883 3498 4092 3555 teneo.
4167 3487 4457 3572 Perlegit

2516 3582 2737 3641 tamen
2776 3583 2844 3641 et
2875 3576 3191 3659 probavit.

2689 3659 3056 3727 Balduinus
3098 3669 3318 3728 autem
3376 3662 3515 3745 ipse
3559 3660 3740 3726 nullo
3772 3661 3880 3728 hic
3925 3667 4024 3725 est
4067 3660 4206 3725 loeo
4248 3678 4456 3741 neque

2519 3768 2806 3814 numero.
2919 3745 3255 3828 Quosdam
3341 3755 3598 3813 tantum
3676 3746 3876 3812 habet
3954 3746 4064 3829 qui
4128 3742 4454 3809 interdum

2515 4075 2635 4126 lant
2668 4071 2885 4126 souffrir
2918 4070 2970 4123 le
3005 4071 3206 4124 vioaire
3241 4071 3311 4124 de
3344 4071 3632 4140 l’Evesque
3668 4070 3794 4140 qu'il
3830 4088 3867 4140 y
3902 4075 4128 4122 entrast.
4174 4069 4309 4123 Mais
4342 4068 4456 4122 bon

2515 4141 2743 4195 nombre
2778 4140 2847 4193 de
2882 4155 3017 4194 ceux
3050 4140 3121 4194 de
3162 4141 3218 4193 la
3251 4139 3481 4210 religion
3525 4158 3561 4210 y
3595 4147 3778 4194 estant
3812 4155 4069 4193 aceourus
4111 4137 4209 4191 des
4241 4137 4457 4207 Eglises

2515 4209 2934 4264 circonvoisines
2971 4214 3029 4262 et
3061 4207 3286 4263 l’entree
3328 4215 3510 4263 estant
3554 4226 3582 4262 s
3688 4210 3795 4262 rise
3841 4224 3912 4262 au
3959 4208 4317 4276 despourveu‚
4374 4205 4458 4259 100

2515 4278 2809 4401 0110001000
2870 4276 2954 4348 n'y
3016 4281 3318 4347 gagnerent
3370 4278 3485 4331 rien
3539 4283 3597 4331 et
3672 4281 3828 4331 urent
3881 4280 4059 4330 tontes
4120 4276 4201 4329 les
4251 4275 4455 4344 1010300

2516 4365 2551 4401 0
2589 4354 2757 4402 atues.

2722 4414 2783 4483 9)
2818 4414 3071 4484 Languet
3097 4414 3132 4467 1.
3170 4415 3203 4467 1.
3216 4436 3232 4466 .-
3266 4414 3470 4483 Scripsi
3503 4420 3667 4468 antea
3700 4414 3846 4483 apud
3862 4413 4130 4468 Cadurcos
4162 4411 4458 4466 crudeliter

2516 4485 2832 4541 interfectos
2877 4499 2996 4537 esse
3038 4481 3112 4537 42
3156 4485 3251 4553 qui
3293 4483 3571 4552 religionis
3626 4499 3786 4537 eausa
3842 4489 4223 4546 convenerant,
4274 4487 4334 4533 et
4382 4483 4459 4535 ob

2519 4572 2640 4609 eam
2674 4569 2790 4607 rem
2835 4553 3043 4606 vicinos
3079 4551 3359 4607 Vascones
3400 4552 3694 4621 sumpsisse
3736 4569 3889 4606 arma
3931 4556 3996 4605 ut
4041 4551 4190 4604 illam
4227 4551 4457 4604 crudeli-

2518 4629 2690 4679 tatem
2723 4621 3128 4676 ulcisoereutur.
3210 4621 3414 4675 Eorum
3448 4636 3703 4675 numerus
3736 4620 3875 4675 adeo
3906 4620 4081 4673 crevit
4112 4626 4176 4671 ut
4208 4618 4460 4673 (11000101-

2520 4707 2639 4745 0000
2673 4691 2730 4744 10
2765 4690 2929 4744 armis
2974 4689 3257 4743 duodecim
3300 4690 3480 4756 millia,
3536 4693 3592 4742 et
3647 4688 3810 4742 urbes
3860 4703 4138 4757 occupare,
4195 4687 4459 4758 imagines

2520 4760 2776 4821 deiicere,
2810 4759 3121 4813 sacerdotes
3153 4759 3296 4814 male
3338 4759 3599 4812 mulctare
3635 4766 3693 4811 et
3735 4758 3887 4829 regia
3928 4757 4185 4811 mandata
4217 4763 4460 4812 oontem-

2523 4844 2670 4883 nere.
2735 4827 3017 4881 Gondaeus
3052 4842 3118 4880 eo
3152 4827 3387 4882 mittitur
3420 4843 3541 4881 cum
3573 4842 3772 4882 novem
3805 4827 3906 4881 alis
3939 4826 4182 4896 equitum
4216 4830 4274 4878 et
4305 4826 4461 4880 iube·

2522 4904 2616 4952 tur
2647 4901 2862 4950 tantum
2895 4895 3141 4964 peditum
3174 4896 3520 4950 conscribere
3566 4901 3827 4965 quantum
3869 4898 4004 4949 satis
4049 4910 4167 4948 esse
4200 4893 4463 4949 iudicabit

2525 4968 2594 5019 ad
2632 4982 2723 5019 000
2757 4964 3190 5032 compescendos.
3270 4965 3429 5018 Ducit
3463 4980 3639 5018 secum
3678 4965 3891 5029 Beaam,
3939 4979 4162 5033 sperans
4235 4978 4296 5015 er
4332 4981 4458 5016 eum

2525 5051 2685 5105 posse
2739 5033 3052 5102 persuaderi
3115 5033 3386 5086 seditiosis
3441 5041 3502 5086 ut
3565 5050 3718 5087 arma
3769 5033 4117 5102 deponerent.
4258 5032 4462 5086 ondum

2524 5111 2703 5158 tamen
2741 5109 2826 5155 cst
2858 5101 3130 5170 profectus
3155 5103 3433 5156 Condaeus
3466 5103 3759 5171 impeditus
3793 5105 4020 5155 adversa
4039 5100 4367 5164 valetudine,
4404 5108 4466 5156 ot

2526 5175 2627 5227 hoc
2662 5189 2696 5225 v
2828 5186 2889 5222 re
2923 5170 3108 5223 audivi
3142 5172 3428 5225 seditiosos
3463 5172 3780 5241 resipiscere
3816 5176 3874 5224 et
3906 5187 4057 5223 arma
4089 5170 4377 5238 deponere.

2695 5238 2789 5373 ff)
2824 5238 3148 5362 ιῧιαέίἐέἓαά
3180 5242 3368 5296 turbas
3402 5240 3481 5295 ad
3513 5240 3672 5295 aedes
3709 5238 3765 5293 S.
3804 5239 4066 5293 Medardi
4098 5245 4263 5292 ortas.
