4850 6117
271 439 407 504 6⁷3

272 633 409 692 est:
501 625 710 691 Vobis
752 622 1067 703 donatum
1107 629 1209 692 est
1249 644 1366 708 pro
1407 621 1677 690 Christo
1719 642 1855 689 non
1897 622 2109 689 solum
2150 629 2226 688 ut

270 712 383 864 ἰῙιξ11
393 732 555 863 elum
595 709 878 779 credatis
929 709 1045 776 sed
1106 717 1187 776 ut
1248 710 1446 776 etiam
1508 730 1628 793 pro
1689 708 1801 775 illo
1865 708 2224 791 patiamini.

387 798 460 863 i.
517 803 571 863 l.

458 882 657 966 Quod
743 889 965 947 autem
1051 882 1215 948 haec
1297 881 1511 966 gratia
1595 881 1734 946 sive
1795 881 1921 947 hoc
1985 879 2228 946 donum

272 968 440 1036 fidei
484 990 620 1035 non
662 968 968 1034 omnibus
1001 989 1040 1034 a
1084 968 1228 1033 Deo
1270 966 1481 1046 datur,
1526 987 1727 1049 quum
1772 987 1997 1032 omnes
2040 963 2122 1030 ad
2158 986 2231 1030 se

272 1063 498 1134 vocet,
573 1063 641 1120 et
702 1053 963 1138 quidem
1027 1074 1145 1138 pro
1206 1072 1326 1119 sua
1387 1053 1649 1118 infinita
1712 1053 2001 1119 bonitate
2064 1052 2232 1117 serio

277 1152 508 1208 vocet:
576 1140 818 1207 Venite
860 1137 944 1204 ad
986 1139 1268 1224 nuptias,
1311 1140 1531 1204 omnia
1573 1146 1801 1221 parata
1834 1146 2007 1215 sunt,
2050 1157 2231 1202 arca·

274 1248 451 1292 num
521 1234 620 1293 est
684 1226 807 1292 soli
869 1226 1014 1291 Deo
1077 1233 1323 1302 notum,
1389 1223 1572 1289 nulla
1635 1225 1887 1290 ratione
1944 1223 2234 1288 humana

276 1312 815 1397 pervestigabile‚
853 1312 1240 1395 mysterium
1277 1307 1687 1375 tremendum
1722 1317 1790 1374 et
1809 1307 2232 1386 adorandum,

278 1399 461 1465 sicut
505 1399 822 1481 scriptum
866 1405 990 1462 est:
1058 1394 1120 1463 Ο
1156 1393 1430 1461 altitudo
1466 1393 1842 1460 divitiarum
1878 1394 2234 1477 sapientiae

280 1496 353 1551 et
398 1484 716 1550 scientiae
761 1482 921 1548 Dei!
980 1503 1175 1565 quam
1219 1480 1899 1564 incomprehensibilia
1941 1488 2094 1545 sunt
2134 1480 2236 1543 iu-

282 1571 467 1636 dicia
522 1570 665 1635 eius
708 1577 776 1634 et
839 1566 1469 1651 impervestigabiles
1510 1567 1656 1631 viae
1719 1568 1876 1632 eius.
1965 1565 2087 1630 Ro.
2141 1569 2235 1628 11.

281 1658 382 1721 Et
431 1654 731 1722 Christus
774 1655 1024 1738 gratias
1067 1653 1205 1738 agit
1245 1652 1389 1718 Deo
1449 1652 1618 1733 patri
1661 1650 1834 1735 quod
1875 1651 2037 1717 haec
2094 1648 2238 1715 abs-

284 1741 592 1808 conderit
634 1763 674 1806 a
715 1739 1121 1824 sapientibus
1164 1746 1232 1804 et
1272 1737 1701 1822 prudentibus
1745 1745 1812 1802 et
1848 1734 2241 1803 revelaverit

288 1827 612 1912 parvulis.
700 1826 937 1891 Matth.
990 1828 1082 1890 11.

468 1913 747 1977 Interim
801 1911 1085 1977 afflictae
1143 1909 1576 1976 conscientiae
1631 1907 1756 1973 hac
1798 1908 1927 1973 Dei
1971 1906 2239 1974 abscon-

291 1999 438 2063 dita
482 1999 743 2063 divinae
786 1996 1143 2062 voluntatis
1179 1997 1432 2061 ratione
1474 2015 1608 2060 non
1652 1993 2089 2072 offendantur,
2125 1990 2237 2058 sed

288 2086 363 2150 in
411 2085 817 2149 voluntatem
862 2082 990 2147 Dei
1042 2084 1111 2147 in
1154 2082 1419 2148 Christo
1471 2079 1823 2145 revelatam
1868 2080 2240 2164 respiciant,

290 2172 412 2253 qui
459 2189 686 2234 omnes
727 2176 1093 2251 peccatores
1137 2168 1221 2232 ad
1263 2188 1334 2233 se
1376 2175 1586 2232 vocat.

474 2254 705 2337 Neque
757 2275 914 2319 vero
968 2262 1313 2337 propterea
1365 2251 1680 2318 dicendus
1729 2258 1828 2315 est
1872 2252 2053 2316 Deus
2096 2270 2244 2333 pec-

293 2348 522 2406 catum
570 2340 755 2421 velle,
790 2339 944 2405 dum
982 2348 1392 2424 peccatorum
1428 2338 1603 2403 viam
1649 2357 1781 2402 nen
1824 2356 2082 2419 semper
2123 2337 2245 2400 im-

290 2426 506 2510 pedit,
587 2427 699 2491 sed
767 2427 1084 2508 permittit
1148 2446 1257 2491 eos
1337 2425 1406 2490 in
1472 2424 1751 2507 peccatis
1809 2442 2244 2507 perseverare.

294 2512 485 2577 Vere
528 2514 705 2577 enim
727 2510 909 2577 Deus
953 2512 1089 2575 odit
1130 2518 1485 2593 peccatum,
1529 2508 1714 2575 cuius
1749 2518 1936 2573 autor
1976 2517 2078 2574 est
2110 2507 2249 2573 dia-

293 2598 494 2665 bolus
537 2598 648 2680 qui
691 2598 759 2662 in
799 2597 1076 2661 veritate
1118 2618 1250 2661 non
1291 2597 1666 2680 permansit.
1725 2594 1821 2660 Io.
1866 2597 1925 2659 8.

479 2682 664 2748 Deus
712 2691 928 2747 autem
973 2679 1373 2748 horribiliter
1425 2689 1688 2765 peccato
1730 2680 2055 2759 irascitur,
2099 2699 2248 2763 pro-

298 2770 493 2835 hibet
536 2779 603 2835 et
643 2769 810 2832 iram
866 2788 1051 2834 suam
1109 2768 1411 2833 omnibus
1456 2765 2045 2852 transgressoribus
2087 2765 2249 2850 legis

302 2873 469 2921 suae
526 2855 832 2918 minatur.
945 2854 1093 2919 Non
1160 2875 1229 2919 es
1285 2853 1467 2919 Deus
1533 2852 1757 2917 volens
1820 2853 2249 2936 iniquitatem.

303 2939 532 3007 Odisti
575 2961 798 3005 omnes
835 2939 948 3022 qui
991 2947 1347 3023 operantur
1388 2938 1821 3022 iniquitatem.
1881 2939 1991 3004 Ps.
2042 2944 2098 3003 5.

481 3026 585 3091 Ea
642 3034 858 3091 autem
908 3032 1011 3089 est
1053 3025 1179 3090 Dei
1222 3024 1481 3089 bonitas
1534 3030 1608 3087 ut
1655 3023 1827 3088 malo
1878 3022 2046 3105 quod
2102 3043 2248 3106 per-

304 3112 517 3178 mittit
575 3111 739 3177 bene
792 3116 862 3175 et
918 3110 1000 3174 ad
1058 3111 1345 3176 nominis
1398 3108 1499 3175 sui
1557 3107 1832 3192 gloriam
1890 3107 1984 3172 uti
2025 3107 2247 3190 possit,

304 3202 486 3265 sicut
528 3197 842 3278 scriptum
876 3202 1007 3261 est:
1075 3196 1159 3260 In
1203 3196 1326 3262 hoc
1360 3194 1642 3261 excitavi
1688 3201 1752 3258 te
1794 3200 1871 3256 ut
1913 3191 2247 3258 ostendam

309 3286 385 3350 in
448 3292 518 3350 te
581 3282 891 3347 virtutem
954 3301 1188 3360 meam,
1261 3289 1325 3346 et
1386 3288 1464 3345 ut
1517 3278 1950 3343 annuncietur
2012 3297 2251 3341 nomen

313 3389 540 3435 meum
594 3368 666 3433 in
722 3369 1033 3433 universa
1074 3375 1268 3431 terra.
1355 3366 1545 3430 Rom.
1589 3368 1626 3428 9
1670 3362 1886 3428 Exodi
1931 3367 1988 3427 9.
2067 3360 2253 3427 Idem

313 3458 393 3521 fit
434 3452 692 3539 quando
734 3463 1069 3537 peccatum
1108 3458 1372 3534 peccato
1413 3451 1622 3533 punit.
1658 3449 1850 3514 Rom.
1894 3451 1948 3513 l.

489 3540 720 3623 Neque
798 3558 952 3604 vero
1021 3557 1326 3621 perverse
1375 3535 1522 3618 quis
1578 3534 1732 3600 inde
1794 3533 2059 3618 colligat
2114 3555 2255 3600 sese

312 3646 435 3692 vas
501 3627 640 3690 irae
703 3644 864 3703 esse,
931 3645 971 3689 a
1034 3624 1179 3689 Deo
1243 3622 1327 3688 ad
1388 3622 1728 3686 interitum
1784 3622 2134 3685 formatum
2190 3628 2256 3685 et

312 3719 795 3795 praeparatum,
850 3710 962 3794 qui
1019 3708 1324 3858 deceptus
1377 3729 1422 3772 a
1480 3705 1730 3773 Satana
1786 3714 1853 3771 et
1895 3727 2091 3772 carne
2135 3727 2257 3772 sua

317 3818 459 3863 sese
501 3796 726 3864 multis
766 3797 1047 3881 peccatis
1090 3816 1173 3880 po
1199 3795 1337 3860 luit.
1382 3793 1563 3875 Quin
1608 3793 1820 3875 potius
1853 3790 2020 3857 illud
2045 3794 2254 3874 Apos-

315 3883 432 3948 toli
489 3882 880 3947 consideret:
982 3881 1061 3947 Si
1116 3881 1260 3965 quis
1326 3877 1781 3945 emundaverit
1843 3899 1914 3943 se
1966 3877 2048 3942 ab
2113 3878 2255 3942 istis

316 3969 447 4034 erit
486 3989 603 4032 vas
643 3969 715 4032 in
758 3968 1093 4047 honorem,
1136 3967 1609 4032 sanctificatum
1653 3972 1718 4029 et
1759 3963 1923 4028 utile
1950 3961 2254 4043 Domino,

314 4053 402 4120 ad
445 4073 640 4119 omne
682 4073 845 4136 opus
887 4052 1130 4118 bonum
1175 4059 1491 4135 paratum.
1557 4053 1594 4112 2
1643 4050 1812 4116 Tim.
1859 4053 1915 4112 2.

487 4139 627 4205 Nec
679 4138 801 4205 sibi
852 4138 1195 4222 quisquam
1250 4144 1514 4220 propter
1570 4134 1898 4201 electionis
1956 4134 2252 4218 gratiam,

312 4246 512 4310 quam
555 4226 623 4290 in
669 4246 738 4291 se
780 4226 921 4307 ipso
964 4223 1261 4302 senserit,
1313 4223 1411 4288 ita
1454 4220 1833 4287 blandiatur
1872 4227 1947 4285 ut
1990 4221 2060 4285 in
2106 4239 2255 4302 pec-

307 4319 462 4379 cata
540 4319 606 4376 et
682 4310 926 4378 scelera
999 4315 1226 4375 contra
1303 4308 1763 4374 conscientiam
1840 4313 2010 4371 ruat.
2120 4303 2253 4370 Sed

303 4398 612 4481 Apostoli
656 4395 1124 4461 admonitiones
1167 4415 1424 4477 semper
1466 4391 1549 4458 ob
1590 4392 1809 4459 oculos
1851 4391 2092 4475 positas
2135 4391 2253 4455 ha-

312 4485 504 4550 beat:
602 4482 680 4549 Si
745 4479 1101 4547 secundum
1173 4500 1438 4546 carnem
1515 4479 1813 4545 vixeritis
1890 4477 2255 4542 moriemini

313 4569 508 4634 Rom.
548 4571 610 4632 8.
695 4568 786 4632 Et
841 4567 1116 4633 iterum:
1167 4566 1390 4632 Nolite
1437 4583 1690 4630 errare:
1742 4582 1953 4645 neque
2011 4570 2253 4628 scorta-

313 4669 508 4733 tores,
552 4673 760 4736 neque
803 4652 996 4717 idolis
1030 4653 1420 4729 servientes,
1452 4671 1663 4734 neque
1704 4647 2001 4724 adulteri,
2045 4668 2254 4730 neque

310 4740 559 4820 molles,
601 4759 808 4821 neque
842 4739 1041 4817 fures,
1078 4759 1287 4820 neque
1331 4736 1535 4815 avari,
1581 4754 1795 4817 neque
1838 4733 2094 4806 ebriosi,
2138 4754 2252 4797 ne-

314 4845 441 4908 que
497 4823 810 4904 maledici,
859 4844 1070 4906 neque
1125 4843 1393 4906 rapaces
1447 4842 1731 4906 regnum
1787 4817 1915 4883 Dei
1967 4817 2255 4902 posside-

315 4914 500 4977 bunt.
564 4914 596 4975 1
645 4909 940 4976 Corinth.
988 4911 1046 4973 6.
1092 4907 1242 4974 Gal.
1282 4914 1339 4973 5.

487 4997 637 5062 Huc
707 4995 1000 5061 eiusdem
1054 4993 1350 5077 Apostoli
1400 4993 1648 5060 dictum
1704 4991 2016 5075 pertinet:
2120 4988 2256 5071 Qui

310 5083 652 5147 existimat
704 5103 774 5147 se
823 5090 1016 5160 stare,
1074 5080 1292 5146 videat
1339 5100 1422 5144 ne
1471 5078 1680 5143 cadat.
1732 5084 1757 5141 l
1810 5075 2105 5143 Corinth.
2156 5080 2256 5141 10.

315 5170 407 5233 Et
461 5170 724 5234 iterum:
814 5167 967 5233 Non
1029 5187 1186 5251 ergo
1245 5173 1477 5250 regnet
1524 5169 1862 5246 peccatum
1921 5163 1991 5227 in
2033 5169 2258 5229 vestro

313 5274 589 5404 (ἔπροω
644 5254 902 5319 mortali
985 5261 1062 5319 ut
1127 5251 1442 5319 obediatis
1503 5247 2046 5331 concupiscentiis
2095 5248 2254 5314 eius.

383 5361 509 5405 om.
559 5342 620 5404 6.

523 5441 742 5498 Caluini
768 5457 954 5512 opera.
1033 5440 1151 5498 Vol.
1184 5437 1355 5495 XIX.

2048 435 2207 499 1563
2245 432 2532 501 MART.

4153 435 4287 502 674-

2490 621 2625 704 Qui
2667 620 2847 687 enim
2907 620 3449 706 concupiscentiis
3500 623 3806 690 obediunt
3845 621 4063 702 fidem,
4108 644 4285 708 quae

2325 729 2488 775 vera
2545 717 2613 773 et
2665 709 2819 773 viva
2868 707 3104 773 fiducia
3156 716 3259 773 est
3313 709 3385 774 in
3438 708 3949 776 misericordiam
3992 710 4120 775 Dei
4154 732 4281 795 per

2328 794 2671 862 Christum
2734 801 2802 858 et
2871 794 2945 857 in
3001 792 3270 859 Christo
3332 795 3746 878 promissam,
3811 796 4152 862 excutiunt
4208 807 4278 863 et

2328 880 2634 963 spiritum
2687 886 2985 944 sanctum
3035 881 3365 959 amittunt,
3423 901 3498 946 ac
3541 889 3675 945 tam
3725 879 3835 947 diu
3879 879 4000 947 sub
4044 890 4276 966 tyran-

2329 964 2483 1031 nide
2532 965 2796 1048 peccati,
2854 966 2956 1030 ira
2989 970 3057 1030 et
3096 963 3544 1050 indignatione
3587 966 3717 1031 Dei
3759 974 4029 1033 manent
4069 967 4277 1035 donec

2329 1050 2799 1134 poenitentiam
2852 1058 3053 1135 agant
3108 1058 3177 1116 et
3220 1072 3335 1134 per
3389 1052 3692 1135 spiritum
3738 1051 3990 1118 Christi
4030 1053 4284 1121 iterum.

2331 1137 2692 1221 erigantur.

2506 1220 2730 1303 Quum
2783 1227 2999 1287 autem
3044 1220 3287 1304 duplex
3332 1222 3486 1288 finis
3527 1223 3616 1288 sit
3658 1221 3992 1290 doctrinae
4034 1231 4102 1291 et
4145 1223 4287 1291 dis-

2332 1307 2689 1391 putationis
2749 1306 2829 1372 de
2883 1305 3496 1391 praedestinatione,
3543 1310 3727 1382 alter,
3772 1317 3850 1373 ut
3891 1311 4102 1393 gratia
4144 1311 4279 1377 Dei

2334 1413 2465 1475 qua
2515 1393 2943 1458 iustificamur
3001 1393 3140 1458 sola
3192 1401 3420 1459 contra
3475 1394 3648 1460 vires
3704 1394 4024 1461 humanas
4081 1404 4149 1461 et
4192 1396 4281 1461 li-

2335 1478 2480 1544 beri
2522 1476 2777 1543 arbitrii
2820 1485 3168 1556 asseratur,
3212 1480 3281 1543 in
3330 1500 3524 1562 quam
3569 1482 3959 1547 sententiam
4006 1482 4086 1547 D.
4134 1485 4281 1547 Au·

2335 1564 2619 1649 gustini,
2679 1564 2963 1630 Lutheri
3011 1572 3078 1628 et
3136 1564 3374 1630 Buceri
3431 1565 3675 1648 scripta
3733 1576 4025 1646 exstant,
4085 1567 4277 1647 alter,

2337 1657 2414 1715 ut
2457 1650 2527 1714 in
2568 1649 2749 1715 lucta
2789 1649 3004 1714 carnis
3040 1657 3109 1714 et
3160 1651 3426 1732 spiritus
3468 1651 3729 1716 firmam
3771 1652 4281 1719 consolationem

2336 1737 2613 1802 afflictae
2656 1735 3089 1801 conscientiae
3132 1735 3433 1812 habeant,
3479 1737 3779 1803 videlicet
3821 1738 4098 1803 salutem
4142 1758 4279 1803 non

2336 1823 2409 1886 in
2474 1822 2612 1886 suis
2673 1823 2980 1904 ipsorum,
3047 1820 3277 1903 quibus
3340 1821 3528 1886 facile
3592 1823 3811 1887 excuti
3866 1832 4103 1905 posset,
4161 1823 4281 1889 sed

2338 1905 2589 1973 Christi
2622 1906 2925 1971 manibus
2959 1906 3331 1985 consistere,
3367 1906 3539 1972 sicut
3572 1908 3889 1990 scriptum
3924 1916 4051 1974 est:
4098 1907 4282 1976 Oves

2337 2012 2520 2056 meas
2561 2011 2753 2056 nemo
2792 1992 3007 2077 rapiet
3046 2013 3130 2056 ex
3162 2012 3363 2057 manu
3397 2012 3543 2056 mea
3576 1992 3671 2057 Io.
3702 1997 3811 2057 10:
3857 1995 3950 2057 ita
3987 1996 4059 2058 in
4092 2002 4281 2059 utro-

2339 2097 2468 2160 que
2519 2077 2724 2142 oratio
2779 2077 3216 2161 comparanda
3270 2087 3369 2142 est
3411 2098 3494 2141 ne
3549 2085 3665 2142 aut
3722 2078 3913 2144 altius
3949 2079 4283 2146 evolemus

2340 2183 2540 2245 quam
2590 2160 2881 2227 revelata
2937 2165 3005 2229 in
3063 2162 3331 2228 Christo
3386 2162 3689 2229 voluntas
3732 2162 3861 2230 Dei
3917 2165 4280 2248 permittat,

2342 2255 2459 2314 aut
2510 2247 2787 2313 nimium
2844 2269 2991 2313 eam
3037 2247 3475 2331 deprimamus
3510 2269 3638 2331 quo
3690 2250 3939 2316 viribus
3974 2251 4284 2317 humanis

2343 2334 2451 2401 vel
2492 2331 2889 2399 modiculum
2933 2335 3280 2400 tribuatur.

2517 2418 2935 2502 Quapropter
2988 2419 3260 2502 phrases
3315 2417 3608 2485 duriores
3651 2419 3720 2484 in
3763 2421 4103 2504 scripturis
4144 2442 4281 2486 non

2345 2512 2718 2589 usurpatas,
2774 2505 3010 2588 quibus
3066 2504 3310 2587 partim
3366 2506 3564 2571 etiam
3606 2505 4018 2573 ecclesiastici
4076 2508 4283 2591 scrip-

2347 2600 2523 2660 tores
2563 2596 2822 2656 veteres
2878 2599 2948 2655 et
3000 2591 3306 2656 neoterici
3347 2592 3454 2656 usi
3507 2599 3680 2672 sunt,
3735 2590 3840 2656 vel
3882 2591 4284 2660 declinemus

2350 2697 2635 2763 prorsus,
2691 2676 2801 2741 vel
2855 2676 2949 2741 ita
3005 2683 3443 2760 temperemus
3496 2697 3579 2741 ne
3634 2676 3707 2741 in
3748 2688 4286 2745 commemoratos

2352 2761 2651 2847 scopulos
2673 2761 3141 2846 Pelagianismi
3185 2769 3301 2826 aut
3340 2761 3773 2845 Epicureismi
3821 2764 4281 2848 impingamus.

2521 2849 2730 2914 Parce
2772 2850 2947 2913 enim
2990 2855 3057 2913 et
3097 2845 3449 2912 admodum
3507 2847 3717 2914 sobrie
3772 2848 3897 2913 hoc
3950 2870 4286 2915 summum

2353 2933 2584 3000 salutis
2648 2942 2910 2999 nostrae
2987 2934 3375 3018 mysterium
3437 2934 3505 2997 in
3582 2933 3904 3016 scriptura
3977 2934 4283 3000 traditur.

2351 3020 2611 3085 Passim
2654 3040 2810 3086 vero
2853 3027 2919 3084 et
2966 3019 3039 3083 in
3081 3016 3385 3085 omnibus
3424 3017 3584 3084 locis
3627 3018 3914 3084 revelata
3955 3019 4283 3100 voluntas,

2352 3126 2517 3188 quae
2559 3102 2973 3171 absconditae
3016 3105 3342 3171 contraria
3382 3124 3516 3168 non
3560 3112 3676 3183 est,
3719 3105 3789 3169 in
3826 3103 4089 3170 Christo
4131 3126 4285 3189 pro-

2351 3191 2621 3274 ponitur
2637 3241 2652 3271 ,
2716 3189 2801 3256 ad
2857 3211 3051 3273 quam
3109 3210 3332 3254 omnes
3382 3189 3684 3255 homines
3735 3201 4143 3273 revocantur,
4208 3191 4286 3257 in

2352 3298 2479 3361 qua
2520 3277 2715 3344 etiam
2759 3276 3157 3342 tutissimum
3202 3283 3303 3341 est
3344 3275 3771 3358 acquiescere.

2588 3416 2639 3493 ¹)
2659 3412 2989 3478 Iohannes
3030 3410 3451 3478 Marbachius
3494 3411 3889 3497 Theologiae
3944 3412 4165 3479 doctor
4217 3420 4289 3479 et

2759 3497 3100 3563 ecclessiae
3165 3496 3667 3596 argentinensis
3745 3498 4288 3582 superattendens

2659 3604 2990 3735 Iolssiilrigs
3004 3590 3696 3750 pffffiesssfflrochus
3757 3669 3998 3734 summi
4060 3670 4289 3755 templi

2760 3757 3111 3838 Argentor.
3149 3762 3349 3819 testor
3379 3752 3502 3817 hoc
3535 3774 3681 3818 meo
3714 3753 4146 3838 chirographo
4178 3776 4289 3822 me

2763 3841 2858 3906 sic
2901 3838 3195 3905 docuisse
3237 3846 3305 3902 et
3346 3836 3646 3921 deinceps
3687 3859 3803 3922 per
3845 3839 4096 3907 Christi
4134 3861 4289 3926 gra-

2766 3927 2928 3990 tiam
2968 3926 3061 3991 sic
3104 3924 3331 3991 docere
3372 3923 3557 3988 velle.

2661 4010 2986 4077 Melchior
3028 4010 3389 4093 Speccerus
3440 4019 3660 4093 pastor
3713 4009 3797 4075 ad
3839 4010 3922 4075 D.
3970 4010 4293 4078 Thomam

2763 4118 2965 4162 manu
3010 4097 3269 4179 propria
3309 4093 3709 4177 subscripsit.

2662 4182 2938 4248 Iacobus
2982 4181 3337 4248 Gloccerus
3388 4190 3612 4263 pastor
3664 4180 3970 4246 ecclesiae
4012 4183 4292 4265 Argent.

2763 4266 2847 4333 ad
2869 4267 2939 4334 S.
2965 4266 3306 4333 Nicolaum
3350 4286 3549 4330 manu
3584 4267 3845 4349 propria
3884 4267 4290 4351 subscripsit.

2662 4352 2970 4420 Nicolaus
3002 4352 3243 4418 Florus
3275 4360 3499 4436 pastor
3533 4350 3614 4416 ad
3651 4353 3734 4417 D.
3773 4350 4109 4418 Aureliam
4146 4374 4295 4436 pro-

2663 4438 3418 4625 Laffileffntliiizngfls'rilffus
3452 4531 3674 4607 pastor
3709 4522 3883 4607 apud
3917 4521 3989 4589 S.
4019 4524 4297 4591 Petrum

2765 4631 3084 4676 iuniorem
3127 4620 3286 4692 sspt.

2660 4696 3060 4762 Laurentius
3143 4696 3473 4779 Englerus
3558 4703 3937 4777 praeceptor
4021 4704 4298 4778 quartae

2761 4780 2987 4847 classis
3029 4803 3228 4847 manu
3272 4780 3534 4864 propria
3570 4780 3938 4862 subscripsi.

2665 4869 2944 4933 Ioannes
2985 4868 3219 4951 Mager
3274 4877 3495 4949 pastor
3551 4865 3859 4932 ecclesiae
3912 4865 4167 4933 Christi
4222 4867 4299 4930 in

2767 4951 3248 5043 Ruprechtsaw
3281 4972 3479 5036 prope
3502 4952 3938 5036 Argentinam
3971 4954 4190 5019 animo
4227 4959 4307 5017 et

2765 5059 2967 5104 manu
3009 5039 3381 5122 subscripsi.

2355 5279 2535 5334 3819.
2556 5278 2616 5344 1)
2655 5277 2859 5334 Omnia
2892 5277 3340 5336 subeon-utentium
3363 5278 3592 5334 nomina
3612 5277 3911 5338 deseram
3942 5287 4056 5331 non
4088 5275 4307 5332 attinet.

2365 5349 2676 5405 omittimus
2708 5346 2778 5401 21
2812 5348 3041 5403 nomina
3076 5351 3320 5402 virorum
3353 5348 3675 5416 iynotorum.

3818 5427 3887 5482 43
