4850 6117
247 400 362 462 549

245 584 433 653 Nulla
474 583 545 649 in
586 583 709 650 hoc
751 589 905 649 voto
961 584 1356 669 superstitio,
1454 585 1701 651 Verum
1744 584 1875 652 alia
1914 585 1988 651 in
2030 606 2182 669 pre-

245 673 419 737 cibus
484 668 764 736 tenenda
828 669 1161 749 sobrietas,
1227 692 1313 735 ne
1378 670 1540 754 quid
1604 679 1848 739 temere
1890 672 2179 738 excidat:

241 777 354 824 nec
395 756 752 841 quidquam
784 757 1209 840 postulemus,
1255 756 1385 821 nisi
1419 767 1776 842 praeeunte
1797 757 1927 822 Dei
1960 758 2179 824 verbo.

242 843 317 909 In
358 842 484 908 hoc
528 844 706 908 enim
748 842 1068 926 principio
1112 842 1526 926 acquiescere
1570 844 1917 910 convenit:
2000 843 2183 926 Quo-

241 927 422 996 modo
466 928 867 995 invocabunt
899 928 973 994 in
1006 949 1199 1011 quem
1260 949 1391 993 non
1451 927 1916 995 crediderunt?
1963 931 2181 1007 (Rom.

247 1021 336 1094 10,
387 1019 514 1094 14).
600 1015 782 1099 Ergo
845 1015 956 1097 qui
1011 1015 1133 1080 sibi
1177 1014 1285 1080 vel
1328 1014 1676 1081 minimum
1719 1015 2072 1101 indulgent
2113 1017 2183 1081 in

241 1099 561 1185 fingendis
602 1099 1167 1184 postulationibus,
1212 1109 1422 1165 metas
1464 1102 1898 1168 transsiliunt.
1979 1102 2185 1184 Quid-

243 1186 388 1270 quid
421 1207 585 1252 vero
621 1186 704 1252 ad
739 1186 1159 1270 praecipuum
1193 1185 1356 1251 illud
1392 1187 1782 1254 sacrificium
1814 1188 2184 1254 vitiandum

241 1273 462 1351 tendit,
510 1293 553 1337 a
593 1273 850 1356 piorum
872 1272 1339 1338 consuetudine
1375 1272 1570 1357 longe
1603 1283 1928 1339 remotum
1964 1274 2181 1340 velim.

242 1358 454 1441 Quare
516 1366 591 1424 ut
655 1358 737 1424 ab
802 1360 987 1422 omni
1049 1358 1230 1425 faece
1294 1370 1617 1443 purgatus
1660 1361 1746 1424 sit
1789 1360 1915 1424 Dei
1951 1360 2182 1439 cultus,

240 1460 488 1510 mature
537 1465 877 1512 occurrere
920 1444 1207 1528 expedit,
1271 1466 1355 1509 ne
1403 1448 1489 1510 -in
1534 1465 1946 1510 communem
1988 1466 2182 1511 usum

243 1531 623 1597 admittatur
664 1530 836 1614 quod
880 1552 920 1595 a
962 1552 1123 1596 vera
1163 1532 1405 1615 pietate
1449 1530 1818 1615 degenerat.

400 1617 791 1683 Incredulos
830 1637 868 1681 a
891 1616 1027 1682 Deo
1060 1627 1300 1700 petere,
1339 1627 1413 1681 ut
1447 1617 1517 1681 in
1541 1617 1670 1683 fide
1704 1616 2181 1696 illuminentur,

239 1724 498 1786 prorsus
545 1710 645 1769 est
687 1702 1063 1769 absurdum.
1153 1702 1356 1767 Nulla
1415 1704 1592 1768 enim
1649 1704 1872 1781 oratio,
1938 1703 2071 1769 nisi
2112 1704 2183 1767 in

242 1789 361 1853 fide
402 1791 492 1853 sit
537 1789 829 1867 fundata,
874 1788 1020 1853 Deo
1064 1789 1396 1872 probatur.
1488 1791 1581 1854 Et
1623 1789 1784 1855 fides
1827 1788 2029 1856 clavis
2065 1796 2182 1868 est,

243 1896 396 1958 quae
429 1874 623 1939 nobis
668 1875 807 1940 sola
848 1875 1113 1940 ianuam
1159 1876 1370 1957 aperit
1415 1874 1495 1939 ad
1535 1876 1948 1958 precandum,
1996 1874 2183 1940 adeo-

242 1982 355 2043 que
397 1961 835 2026 invocationis
877 1968 980 2026 est
1021 1969 1258 2026 mater:
1337 1969 1405 2026 et
1443 1962 1601 2026 scite
1644 1962 1879 2044 probat
1917 1964 2184 2044 Augus-

243 2046 437 2124 tinuS,
504 2046 886 2112 Cornelium
941 2047 1071 2112 fide
1128 2047 1328 2112 fuisse
1380 2047 1770 2130 praeditum,
1829 2048 1981 2129 quia
2027 2047 2186 2114 dicit

241 2132 506 2216 angelus
572 2155 797 2216 preces
863 2133 1004 2199 eius
1068 2133 1268 2199 fuisse
1333 2132 1692 2199 exauditas.
1781 2135 2033 2212 (Actor.
2087 2138 2185 2211 10,

242 2225 327 2295 4).
414 2218 620 2302 Apud
664 2240 776 2285 eos
820 2227 1058 2295 tamen,
1105 2220 1217 2302 qui
1261 2218 1382 2283 sibi
1422 2219 1495 2283 in
1539 2230 1797 2301 torpore
1841 2219 2040 2284 nimis
2081 2220 2184 2282 in-

244 2303 527 2388 dulgent,
594 2305 960 2388 obiurgatio
1025 2305 1242 2370 locum
1307 2303 1520 2370 habet.
1625 2306 1727 2369 'Pu
1793 2304 1987 2369 fidem
2054 2324 2185 2369 non

242 2390 479 2457 habes?
550 2402 701 2475 pete
745 2400 825 2456 ut
868 2390 1088 2456 detur:
1157 2389 1349 2455 modo
1393 2393 1531 2455 fixa
1573 2400 1834 2455 maneat
1868 2389 2184 2468 doctrina,

244 2478 368 2542 sola
409 2478 542 2543 fide
608 2477 797 2543 nobis
855 2476 1151 2542 additum
1210 2476 1293 2541 ad
1336 2475 1557 2541 Deum
1603 2476 1917 2559 patefieri.
2006 2478 2186 2560 Ergo

242 2585 388 2646 quos
423 2574 496 2628 tu
535 2565 858 2641 nominas,
905 2562 1188 2626 arbitror
1223 2561 1596 2628 duriuscule
1629 2563 1828 2628 fuisse
1861 2563 2185 2645 loquutoS,

244 2662 313 2714 ut
352 2650 690 2735 ignaviam
732 2670 958 2714 eorum
1006 2648 1598 2732 expergefacerent,
1643 2649 1754 2732 qui
1797 2670 1837 2713 a
1872 2669 1991 2713 suo
2027 2649 2189 2714 vitio

244 2745 494 2819 captant
540 2735 982 2802 excusationis
1027 2741 1460 2816 praetextum.

403 2822 604 2905 Quod
648 2822 731 2886 ad
775 2820 959 2886 lusus
1002 2827 1272 2904 spectat,
1316 2821 1505 2903 cupio
1540 2820 2054 2885 moderationem
2098 2828 2190 2886 te-

243 2909 391 2973 neri.
483 2909 785 2973 Primum
828 2929 914 2972 ne
969 2914 1275 2989 quaestus
1333 2905 1483 2970 inde
1539 2907 1673 2986 fiat,
1740 2905 1849 2971 vel
1893 2906 2189 2972 lucrandi

244 2993 545 3060 illecebra
612 2994 850 3076 stultos
930 2992 1229 3057 homines
1298 2992 1606 3074 implicet.
1718 2991 1816 3056 Ad
1875 2992 2038 3058 haec
2102 3014 2187 3057 ne

241 3080 498 3145 modum
534 3079 873 3158 excedant,
915 3079 1023 3145 vel
1057 3084 1344 3160 sumptu,
1389 3076 1498 3144 vel
1532 3076 1927 3143 assiduitate.
1973 3080 2190 3163 Leges

244 3185 390 3250 ergo
432 3165 745 3232 ferendae
790 3173 1024 3244 essent,
1081 3173 1158 3229 ut
1209 3163 1398 3228 fratri
1454 3166 1747 3248 exposui,
1803 3184 1972 3247 quae
2025 3166 2189 3230 vitia

244 3260 552 3333 quantum
622 3253 766 3316 fieri
815 3261 1033 3334 posset
1085 3257 1488 3316 coercerent:
1559 3250 1678 3315 .Ne
1742 3250 1997 3316 lucrum
2043 3251 2187 3333 quis

243 3348 540 3421 reportet,
610 3358 695 3402 ne
738 3335 912 3419 quod
967 3337 1037 3400 in
1096 3336 1478 3403 convivium
1523 3334 1887 3401 destinatur
1952 3344 2187 3420 gravet

242 3422 501 3504 lusores,
550 3445 635 3488 ne
681 3423 942 3505 saepius
983 3423 1052 3486 id
1094 3424 1223 3501 fiat,
1273 3429 1340 3486 et
1384 3442 1549 3504 quae
1591 3422 1947 3505 prudenter
1988 3422 2184 3506 legis-

242 3508 470 3576 latores
515 3508 809 3576 cavenda
851 3508 1266 3591 prospicient.
1354 3506 1620 3573 Interea
1661 3516 1920 3573 nostrae
1964 3515 2184 3591 partes

243 3602 405 3675 sunt,
471 3594 1000 3662 animadvertere
1058 3594 1115 3659 si
1171 3594 1317 3678 quis
1373 3601 1631 3676 tempus
1685 3601 1752 3658 et
1806 3613 1877 3660 se
1932 3615 2007 3660 ac
2066 3616 2185 3660 sua

243 3689 581 3747 consumat
622 3680 925 3758 ludendo,
984 3701 1196 3762 neque
1237 3679 1406 3743 ferre
1451 3679 1836 3744 dissolutam
1879 3679 2061 3745 illam
2102 3680 2183 3744 li-

244 3769 540 3847 centiam,
629 3788 795 3849 quae
874 3764 1548 3831 excommunicatione
1616 3764 1999 3849 castiganda
2062 3774 2180 3844 est,

243 3861 460 3919 autore
526 3853 755 3928 Paulo,
822 3856 859 3915 2
926 3850 1155 3917 Thess.
1209 3854 1266 3916 3.
1357 3850 1753 3934 Quanquam
1797 3851 2182 3933 nuptiarum

242 3946 580 4019 praetextu
624 3937 797 4003 diem
841 3937 1234 4003 dominicum
1269 3936 1541 4020 indigne
1582 3937 1930 4020 profanent
1971 3937 2180 4016 multi,

241 4032 527 4106 praestat
569 4032 792 4089 tamen
836 4024 1073 4089 liberos
1118 4022 1253 4087 dies
1288 4023 1686 4104 permittere,
1730 4022 1922 4088 modo
1957 4043 2183 4090 severe

241 4111 443 4177 omnis
511 4109 874 4193 petulantia
935 4110 1348 4192 reprimatur.
1436 4107 1590 4190 Qua
1651 4108 1724 4174 in
1788 4129 1861 4173 re
1926 4130 2184 4175 summa

241 4196 582 4281 vigilantia
625 4217 790 4279 opus
833 4201 949 4260 est.
1039 4194 1224 4275 Vale,
1269 4194 1511 4277 optime
1555 4202 1619 4259 et
1659 4193 1924 4262 colende
1958 4196 2180 4261 frater.

242 4278 599 4349 Dominum
650 4281 1042 4366 Quadratum
1097 4286 1165 4346 et
1212 4281 1643 4361 Tabellionemâ€š
1688 4288 1756 4346 et
1813 4288 1960 4347 tuos
2003 4303 2183 4366 sym-

241 4379 484 4452 mystas
530 4368 642 4453 qui
685 4368 1023 4435 nobiscum
1066 4373 1222 4432 sunt
1262 4366 1333 4432 in
1377 4368 1631 4432 sincera
1672 4366 1800 4433 fide
1833 4368 2180 4446 coniuncti,

241 4454 589 4535 plurimum
652 4453 968 4520 salutabis
1042 4473 1186 4518 meo
1250 4453 1533 4518 nomine.
1621 4451 1927 4536 Collegae
1983 4454 2182 4520 etiam

242 4542 364 4605 mei
399 4541 591 4607 vobis
634 4539 936 4605 omnibus
971 4538 1246 4604 multam
1279 4538 1556 4604 salutem
1592 4547 1960 4621 precantur.
2040 4537 2182 4605 Do-

243 4626 455 4694 minus
498 4626 616 4692 tibi
660 4625 845 4705 adsit,
888 4632 955 4690 te
998 4626 1336 4708 gubernet,
1380 4625 1700 4691 sustineat
1752 4646 1871 4691 sua
1913 4625 2179 4704 virtute,

243 4709 490 4779 labores
526 4720 677 4779 tuos
711 4709 1067 4779 benedicat.
1118 4710 1446 4792 Gonane,
1490 4714 1589 4776 25.
1615 4709 1945 4796 Septemb.
1996 4714 2176 4777 1562.

1911 399 2073 463 1562
2117 396 2577 468 SEPTEME

4107 409 4244 476 550

3163 585 3366 661 3860.

2328 758 2684 828 0241.le
2728 759 2927 829 on
2971 744 3372 830 musas
3417 763 3549 831 66
3591 764 4191 838 6166666611

2458 947 2813 1033 Frayment.
2902 949 3319 1016 Eoehortation
3385 950 3429 1015 á½°
3478 971 3546 1017 se
3608 953 3824 1019 coti-ser
3865 973 4035 1036 pour
4084 957 4247 1023 subÎ‡

2283 1036 2462 1102 venir
2504 1054 2637 1100 aua:
2673 1035 2843 1116 frais
2884 1036 2963 1101 de
3004 1036 3074 1101 Za
3111 1056 3351 1120 querre.

2287 1222 2451 1286 (Bibl.
2490 1222 2558 1276 de
2594 1220 2829 1276 Geneve.
2874 1222 3001 1276 Vol.
3030 1221 3147 1291 107,
3182 1224 3272 1277 fol.
3311 1222 3430 1277 144.
3471 1252 3535 1262 â€”
3571 1224 3792 1293 Oopios:
3828 1226 3949 1282 vol.
3984 1227 4104 1297 108,
4136 1229 4233 1284 fol.

2286 1290 2390 1345 128
2424 1310 2478 1346 v.
2532 1292 2713 1345 Berne
2747 1291 2843 1344 VI.
2892 1308 2946 1360 p.
2986 1290 3134 1347 1006.
3199 1293 3409 1347 8116161.
3447 1293 3563 1347 Vol.
3600 1292 3715 1346 105.
3761 1320 3817 1331 â€”
3852 1296 4065 1350 Ruchat
4099 1299 4235 1353 vn.

2594 1358 2712 1414 394.
2750 1361 2973 1415 Bonnet
3002 1361 3078 1416 11.
3113 1359 3232 1414 474.
3272 1361 3435 1416 Trad.
3470 1363 3611 1431 angl.
3647 1362 3740 1416 IV.
3774 1362 3921 1430 278.)

2459 1547 2830 1628 Messieurs,
2878 1548 3203 1615 treschers
3239 1555 3306 1613 et
3340 1549 3624 1614 honorez
3669 1551 3893 1630 freres,
3929 1554 3999 1635 je
4042 1554 4235 1620 voul-

2288 1633 2462 1699 drois
2510 1632 2661 1699 bien
2706 1655 2812 1698 me
2854 1643 3261 1720 transporter
3303 1656 3423 1718 par
3467 1635 3612 1699 dela
3653 1657 3818 1718 pour
3862 1659 4024 1702 vous
4065 1638 4231 1705 faire

2291 1719 2604 1786 entendre
2649 1719 2730 1785 de
2774 1720 2986 1803 quelle
3030 1721 3333 1787 affection
3375 1722 3436 1785 ie
3473 1741 3639 1787 vous
3674 1723 3949 1805 escriptz
3983 1724 4047 1787 la
4081 1745 4233 1807 pre-

2285 1813 2488 1872 sente.
2575 1805 2747 1870 Mais
2812 1808 2960 1889 puis
3026 1828 3154 1890 que
3218 1807 3281 1872 16
3343 1808 3618 1890 pouvoir
3685 1807 3764 1872 de
3822 1828 3895 1874 66
3938 1808 4100 1875 faire
4144 1832 4233 1877 ne

2283 1899 2456 1957 mest
2497 1893 2681 1973 point
2725 1890 2952 1970 donne,
3017 1892 3267 1976 iespere
3321 1915 3447 1976 que
3490 1893 3556 1957 la
3596 1893 3796 1960 chose
3837 1915 4084 1962 mesme
4129 1919 4233 1963 es-

2286 1983 2434 2041 tant
2476 1977 2624 2042 bien
2680 1978 3006 2044 entendue
3059 1978 3138 2044 de
3196 2001 3376 2066 yousâ€š
3434 1979 3659 2044 suffira
3717 2001 3881 2063 pour
3922 2003 4086 2047 vous
4128 2004 4231 2048 es-

2285 2061 2585 2127 mouvoir
2640 2085 2680 2127 a
2734 2085 2897 2129 vous
2953 2066 3262 2148 emploier
3315 2065 3580 2147 iusques
3640 2086 3680 2129 a
3737 2065 3907 2144 bout,
3976 2066 4233 2135 chacun

2287 2148 2471 2215 selon
2509 2168 2582 2213 sa
2616 2150 2876 2215 faculte.
2943 2150 3004 2213 Il
3039 2159 3138 2215 est
3173 2152 3467 2233 question
3505 2151 3584 2215 (16
3620 2159 3887 2218 trouver
3921 2163 4158 2235 argent
4179 2159 4233 2231 1)

2285 2255 2456 2317 pour
2521 2235 2814 2299 soutenir
2856 2234 2973 2319 {les
3039 2257 3200 2319 gens
3265 2258 3389 2319 que
3433 2237 3769 2302 Monsieur
3820 2238 4149 2304 d'Andelot
4191 2261 4233 2305 a

2286 2321 2555 2395 levez.Â²)
2642 2322 2929 2386 Dentrer
2973 2343 3055 2386 en
3119 2321 3418 2405 question
3474 2343 3558 2387 ou
3618 2321 3873 2405 disputo
3917 2344 4083 2406 pour
4125 2346 4231 2389 reÎ‡

2288 2405 2569 2490 prendre
2627 2406 2721 2472 les
2776 2408 3010 2472 faultes
3064 2428 3342 2490 passees,
3410 2429 3483 2473 ce
3542 2417 3689 2473 nest
3743 2428 3859 2491 pas
3901 2409 3962 2473 16
3998 2418 4233 2492 temps.

2290 2493 2421 2556 Car
2466 2512 2637 2575 quoy
2683 2493 2817 2575 quil
2862 2513 2942 2557 en
2989 2494 3119 2558 soit
3160 2493 3335 2558 Dieu
3378 2515 3540 2559 nous
3583 2515 3623 2558 a
3664 2495 3950 2560 reduictz
3995 2517 4036 2559 a
4078 2494 4237 2560 telle

2291 2577 2637 2643 extremite
2683 2600 2807 2662 que
2850 2579 2905 2643 si
2963 2599 3131 2645 vous
3176 2590 3395 2643 nestes
3455 2601 3759 2646 secourus
3817 2580 3896 2645 de
3937 2601 4010 2646 66
4052 2591 4237 2647 coste

2289 2665 2374 2743 la,
2441 2684 2526 2728 on
2582 2685 2665 2729 ne
2725 2666 2862 2729 voit
2928 2685 3290 2749 apparence
3356 2664 3536 2731 selon
3594 2666 3689 2731 les
3753 2666 4049 2734 hommes
4107 2688 4237 2750 que

2293 2748 2467 2814 dune
2510 2750 2765 2832 pitense
2828 2757 2892 2815 et
2936 2750 3221 2817 horrible
3278 2749 3654 2816 desolation.
3738 2752 3824 2818 Je
3864 2774 4020 2838 scay
4062 2753 4237 2831 bien,

2292 2843 2501 2918 quant
2552 2843 2695 2901 tout
2749 2857 2894 2902 sera
2947 2845 3162 2921 ruyne
3221 2845 3289 2900 et
3345 2836 3570 2919 perdu,
3634 2858 3757 2921 que
3802 2838 3974 2902 Dieu
4036 2860 4077 2903 a
4120 2838 4236 2906 des

2292 2923 2543 2988 moiens
2584 2921 3244 3005 incomprehensibles
3287 2922 3366 2987 de
3404 2933 3720 2989 remectre
3754 2943 3874 2989 son
3909 2922 4113 3007 eglise
4148 2945 4239 2989 au

2294 3006 2522 3074 dessus
2564 3028 2816 3073 comme
2858 3008 2941 3074 sil
2995 3008 3061 3071 la
3118 3009 3521 3074 ressuscitoit
3572 3007 3684 3074 (166
3726 3029 3921 3086 16616,
3989 3017 4056 3073 et
4097 3019 4239 3076 cest

2290 3093 2357 3158 la
2398 3115 2486 3159 ou
2526 3093 2576 3157 11
2620 3113 2788 3160 6666
2829 3093 2992 3159 fault
3033 3093 3340 3161 actendre
3383 3102 3449 3158 et
3491 3114 3770 3176 reposer,
3838 3115 3981 3177 que,
4026 3103 4239 3178 quant

2290 3200 2457 3245 nous
2522 3180 2771 3246 serions
2836 3180 3058 3258 abolis,
3126 3200 3392 3247 encores
3456 3188 3600 3244 tout
3661 3201 3748 3245 au
3811 3181 3916 3263 pis
3982 3180 4142 3247 aller
4185 3181 4239 3246 il

2290 3285 2524 3331 scaura
2565 3264 2717 3331 bien
2761 3287 2943 3332 creer
2987 3265 3067 3331 (16
3121 3287 3243 3331 noz
3285 3265 3553 3332 cendres
3613 3286 3751 3350 ung
3792 3267 4029 3351 peuple
4071 3288 4237 3333 nou-

2289 3371 2475 3417 veau.
2564 3351 2949 3434 Oependant
3011 3372 3179 3418 nous
3244 3372 3448 3420 avons
3514 3373 3555 3417 a
3618 3353 3768 3419 bien
3832 3373 4090 3436 penser,
4177 3353 4236 3418 si

2286 3459 2454 3503 nous
2498 3459 2581 3502 ne
2624 3437 2897 3503 voulons
2942 3457 2982 3501 a
3023 3445 3243 3504 nostre
3286 3439 3533 3503 escient
3573 3438 3812 3504 fermer
3856 3438 3923 3504 la
3963 3447 4151 3521 porte
4193 3458 4237 3503 a

2285 3544 2360 3588 sa
2401 3544 2614 3608 grace,
2659 3522 2739 3587 de
2783 3544 2865 3588 ne
2907 3524 3094 3607 point
3136 3523 3440 3589 deffaillir
3473 3543 3513 3587 a
3545 3531 3767 3590 nostre
3803 3523 4088 3592 debvoir.
4171 3523 4238 3589 Il

2285 3618 2386 3673 est
2449 3611 2698 3675 certain
2763 3629 2890 3692 que
2953 3609 3016 3675 la
3081 3609 3400 3676 tardivete
3463 3617 3530 3675 et
3589 3610 4077 3690 nonohallance,
4145 3630 4236 3675 ou

2281 3693 2563 3777 plustost
2594 3694 2660 3760 la
2702 3695 2985 3761 chissete
3030 3696 3144 3762 des
3185 3695 3421 3780 eglises
3456 3715 3620 3761 nous
3653 3718 3698 3780 y
3721 3717 3761 3761 a
3783 3703 4051 3780 apperte
4083 3695 4237 3779 plus

2284 3779 2365 3844 de
2409 3780 2775 3865 dommaige
2806 3801 2978 3864 quon
3021 3802 3107 3845 116
3151 3782 3437 3847 scauroit
3478 3781 3822 3864 exprimer.
3888 3782 4233 3848 Plusieurs

2283 3866 2395 3949 qui
2439 3875 2557 3932 ont
2600 3867 2941 3951 espargnie
2983 3888 3115 3932 une
3168 3868 3379 3951 partie
3423 3866 3502 3933 de
3558 3867 3736 3933 leurs
3780 3868 3983 3948 biens,
4044 3873 4234 3933 nâ€™ont

2282 3953 2467 4035 point
2508 3961 2646 4019 este
2689 3953 3070 4037 espargniez
3113 3974 3200 4018 au
3241 3954 3421 4020 total.
3511 3951 3640 4034 Qui
3697 3954 3797 4037 pis
3842 3961 3959 4031 est,
4003 3952 4054 4017 11
4095 3976 4142 4038 y
4188 3973 4233 4018 a

2283 4059 2365 4103 eu
2408 4060 2547 4122 ung
2588 4040 2859 4105 nombre
2901 4039 3117 4124 infiny
3171 4037 3251 4104 de
3315 4060 3583 4123 provres
3625 4060 3787 4124 gens
3831 4039 3944 4123 qui
3986 4058 4070 4103 en
4111 4045 4229 4104 ont

2282 4124 2609 4208 respondu
2653 4146 2820 4208 pour
2856 4123 3036 4191 leurs
3092 4125 3242 4204 vies,
3313 4123 3604 4190 combien
3647 4125 3818 4208 quilz
3859 4145 3993 4190 nen
4034 4145 4231 4208 pensÎ‡

2283 4219 2431 4275 sent
2473 4211 2657 4277 mais.
2698 4261 2703 4265 .
2746 4209 2824 4276 Si
2866 4230 2938 4277 66
2982 4210 3114 4276 mal
3159 4210 3482 4290 continue,
3525 4210 3578 4275 il
3620 4221 3719 4276 est
3752 4211 3905 4278 bien
3939 4231 3979 4275 a
4013 4209 4228 4276 crain-

2284 4294 2401 4362 dre
2458 4318 2586 4380 que
2627 4295 2804 4362 Dieu
2861 4303 3261 4381 naugmente
3314 4318 3419 4363 ses
3473 4317 3721 4381 vel-ges.
3800 4297 3893 4362 Et
3934 4296 4015 4362 de
4071 4296 4235 4363 faict

2282 4389 2420 4448 cest
2461 4404 2590 4448 une
2633 4388 2831 4467 grant
2872 4382 3071 4449 honte
3112 4403 3240 4467 que
3281 4382 3380 4449 les
3414 4402 3730 4468 ennemys
3765 4381 3846 4447 de
3868 4381 4043 4448 Dieu
4078 4403 4232 4450 con-

2283 4476 2549 4534 sument
2587 4489 2773 4552 corps
2808 4475 2878 4534 et
2911 4468 3260 4536 substance
3293 4490 3458 4553 pour
3489 4489 3620 4534 une
3654 4469 4035 4535 moechante
4068 4489 4232 4554 que-

2279 4774 2469 4828 3860.
2497 4774 2558 4839 1)
2596 4772 2748 4842 1261&
2798 4774 2847 4828 10
2881 4773 2931 4830 7.
2964 4774 3127 4831 Auri!
3159 4778 3207 4832 16
3236 4777 3428 4846 prince
3471 4776 3539 4831 de
3572 4774 3758 4831 Gonde'
3792 4780 3947 4831 avait
3976 4793 4086 4846 par
4118 4793 4233 4835 une

2276 4844 2739 4981 mamae
2750 4842 3030 4980 &3335
3063 4861 3180 4900 aux
3210 4846 3402 4915 equus
3433 4845 3500 4902 de
3527 4845 3756 4915 Paraent
3783 4852 3835 4902 et
3867 4845 3963 4901 des
3993 4851 4234 4915 troam.

2379 4979 2554 5105 1133.
2579 4981 2639 5036 Â²Â²
2668 4997 2706 5037 â€˜â¸
2736 4978 3106 5107 â€˜Â³â€˜â€œÂ¹â¹.2Â¹â€œâ¸'â¶Â¹â´'â€º.1'â€ža.{
3135 4981 3523 5108 'â€˜â°â¶â¸15â€œâ¶â¸Â¹Î‡'â°â€
3554 4982 4029 5106 á½á¼­Îœ.
3944 4981 4239 5106 ..6Î²á¿–

2276 5064 2378 5173 32â¸.
2409 5066 2696 5174 Quom
2742 5066 3062 5187 á¼”Ï‰...
3104 5057 3269 5176 Îžá¿–...
3304 5067 3522 5190 Í¾á¼’Î‡â€™á½³á¿‘â€™..â€™â€â€™
3556 5067 3625 5175 â¶?
3636 5093 3864 5177 ..zaraa
3896 5088 4239 5175 tamam.

2276 5192 2480 5242 66111661
2512 5203 2578 5243 66
2607 5185 2818 5244 rena-de
2848 5203 2917 5243 en
2954 5189 3175 5246 Rauca
3208 5197 3260 5247 ct
3291 5206 3465 5246 66666
3584 5196 3734 5259 perte
3766 5190 3833 5244 de
3869 5187 4079 5244 Rauen.
4156 5188 4231 5244 06

2276 5258 2632 5384 aaa
2654 5256 3013 5397 ...1
3045 5259 3193 5385 6.
3266 5327 3419 5385 ..
3446 5258 3698 5384 w
3741 5258 3808 5313 â€˜Â²â¶
3841 5273 3908 5313 â¸Â³
3952 5264 4145 5326 â€œW
4191 5259 4239 5314 á½°

3702 5409 3818 5466 35.
