4850 6117
203 411 334 474 653

200 595 397 675 ratio,
421 593 594 681 quod
614 593 775 659 haec
811 591 1084 660 ecclesia
1102 592 1427 658 ministris
1448 612 1581 657 non
1605 598 1857 659 careret
1890 590 2161 674 idoneis,

202 701 330 748 voe
376 701 539 748 vero
642 679 1041 745 ravaremini
1095 675 1615 744 extraordinario
1658 695 1855 743 onere
1898 687 2164 762 propter

204 786 434 833 meam
477 774 545 832 et
588 701 801 831 {enac
844 764 1226 831 absentiam.
1293 764 1394 829 Eo
1431 764 1607 830 enim
1650 762 1986 848 spectabat
2017 763 2163 828 lite-

204 873 444 920 rarum
480 872 730 919 sensus.
794 851 942 936 Ego
976 870 1154 931 vero,
1192 851 1450 915 tametsi
1485 849 1616 915 iam
1646 845 1891 914 dudum
1925 870 2165 934 magna

204 938 532 1006 insideret
573 939 794 1004 animo
835 957 954 1002 vos
997 943 1065 1002 et
1105 935 1421 1001 familiam
1454 934 1786 1002 revisendi
1821 934 2161 1018 cupiditas,

205 1032 482 1092 coactus
557 1023 654 1089 fui
728 1032 954 1089 tamen
1032 1042 1345 1088 excusare
1423 1021 1582 1085 coeli
1657 1019 2162 1101 inclementiam,

206 1129 419 1195 quam
461 1116 620 1176 tunc
676 1108 988 1193 temporis
1046 1106 1331 1190 experiri
1389 1125 1520 1171 non
1545 1106 1749 1257 50101
1793 1107 1933 1171 sine
1974 1127 2162 1189 prae-

205 1196 591 1263 sentissimo
669 1201 737 1258 et
813 1194 1175 1260 certissimo
1253 1212 1436 1258 meae
1497 1214 1541 1258 v
1609 1190 1892 1257 etudinis
1970 1200 2161 1276 atque

205 1281 416 1349 etiam
452 1282 630 1348 vitae
673 1277 1010 1363 dispendio
1066 1286 1133 1344 et
1187 1277 1497 1361 periculo.
1575 1277 1713 1342 Vix
1755 1277 1929 1343 euim
1972 1298 2161 1344 revo-

206 1367 354 1435 cari
421 1367 606 1452 potui
668 1371 962 1448 tempore
1024 1363 1547 1443 incommodiore,
1626 1383 1827 1447 quum
1891 1363 2024 1430 iam
2088 1364 2160 1429 in

208 1453 531 1539 hyemem
574 1451 1044 1529 incidissemus,
1086 1469 1213 1534 qua
1236 1450 1351 1515 vix
1374 1448 1724 1533 quidquam
1769 1469 1949 1515 meae
1982 1449 2161 1515 vale-

206 1538 436 1606 tudini
501 1539 709 1623 magis
775 1536 1179 1604 adversatur.
1269 1535 1482 1601 Taceo
1529 1534 1813 1602 hostium
1871 1533 2160 1614 insidias,

209 1646 384 1709 quas
442 1644 575 1689 non
627 1623 816 1689 facile
871 1642 1134 1705 possum
1193 1620 1520 1687 declinare
1573 1641 1690 1704 per
1745 1621 2001 1686 viarum
2046 1641 2162 1685 an-

208 1710 470 1777 fractus
536 1708 873 1776 nocturnis
937 1707 1117 1773 horis
1194 1707 1503 1773 oberrans
1527 1757 1544 1785 ,
1623 1713 1699 1772 ut
1787 1706 1896 1790 qui
1965 1727 2163 1791 vege-

210 1797 387 1862 tiore
431 1803 587 1861 ‘sunt
641 1814 908 1878 corpore
933 1837 940 1846 ·
966 1801 1032 1860 et
1088 1793 1307 1858 minus
1359 1802 1721 1876 opportune
1777 1792 1937 1858 coeli
1991 1793 2161 1857 iniu-

209 1882 332 1947 riis
380 1901 577 1964 saepe
618 1883 831 1948 facere
874 1898 949 1945 co
997 1892 1200 1944 untur
1242 1899 1444 1962 quum
1485 1878 1640 1944 hinc
1682 1899 1753 1945 se
1787 1877 1869 1942 ad
1904 1897 2023 1943 vos
2057 1897 2162 1942 re-

212 1968 496 2051 m'piunt.
582 1966 738 2031 Huc
782 1985 929 2032 acce
981 1966 1030 2029 't
1070 1965 1242 2048 quod
1297 1963 1520 2031 eodem
1581 1969 1871 2047 tempore
1915 1965 2163 2030 valetu-

215 2053 376 2118 dine
442 2072 624 2117 eram
690 2050 1040 2117 admodum
1106 2050 1366 2129 afflicta,
1430 2058 1688 2132 praeter
1749 2048 2163 2133 quotidianas

213 2139 642 2204 infirmitates
706 2135 940 2221 quibus
998 2145 1312 2219 perpetuo
1368 2134 1650 2200 obnoxia
1703 2145 1818 2201 est.
1907 2134 2162 2219 Rogavi

215 2225 450 2307 itaque
487 2230 788 2289 senatum
831 2229 905 2288 ut
947 2228 1276 2305 pateretur
1324 2240 1545 2286 meum
1591 2220 1836 2286 differri
1882 2220 2161 2285 reditum

217 2311 299 2374 ad
349 2330 630 2376 vernum
674 2317 948 2392 tempus,
1005 2329 1131 2390 quo
1190 2309 1285 2372 uti
1340 2327 1601 2389 possem
1655 2306 1829 2371 00010
1883 2306 2163 2372 0101000-

216 2398 388 2462 tiore
458 2403 526 2459 01
581 2394 852 2460 fortasse
905 2394 1111 2458 tutius
1166 2393 1293 2457 iter
1336 2389 1621 2477 aggredi.
1706 2392 1971 2458 Interea
2010 2411 2164 2456 vero

216 2503 304 2548 ne
351 2479 513 2565 quid
557 2500 703 2546 mea
745 2479 1041 2546 absentia
1096 2475 1491 2566 incommodi
1549 2485 1805 2544 vestrae
1857 2476 2164 2544 ecclesiae

219 2568 511 2645 afferret,
558 2574 625 2631 et
665 2585 749 2630 ne
790 2566 928 2631 eius
972 2584 1170 2631 causa
1221 2563 1368 2647 plus
1427 2565 1600 2628 iusto
1643 2562 1886 2629 diutius
1927 2582 2162 2648 grava·

219 2653 483 2730 remini,
528 2651 839 2736 rogabam
882 2652 1079 2718 etiam
1144 2656 1219 2715 ut
1276 2656 1540 2716 senatus
1588 2648 1923 2715 vobiscum
1967 2645 2163 2730 dispi-

218 2746 401 2805 ceret
448 2737 527 2803 de
572 2738 699 2802 alio
737 2737 983 2821 collega
1028 2734 1499 2814 substituendo,
1565 2735 1622 2799 01
1676 2733 1743 2799 id
1802 2734 2012 2816 ipsum
2060 2753 2161 2798 ec·

219 2824 462 2891 01001110
503 2822 752 2887 utilitas
810 2829 877 2886 et
929 2822 1282 2888 necessitas
1327 2820 1700 2905 postularet,
1757 2828 1823 2884 et
1873 2818 2056 2887 vobis
2098 2823 2167 2883 et

220 2909 486 2976 senatui
545 2910 641 2974 ita
696 2907 1065 2974 faciendum
1120 2908 1473 2973 videretur.
1559 2904 1940 2972 Nesciebam
1986 2905 2164 2971 enim

220 2993 545 3080 quamdiu
588 2993 812 3060 abesse
856 2994 1068 3060 adhuc
1113 3014 1394 3078 cogerer,
1453 3002 1519 3057 et
1568 3013 1686 3057 vos
1740 2993 1810 3057 in
1863 3012 1935 3056 re
1976 3012 2165 3076 prae-

220 3081 398 3148 senti
477 3079 715 3146 melius
779 3079 859 3146 de
937 3080 1247 3146 ecclesiae
1311 3080 1693 3144 necessitate
1755 3086 1821 3143 et
1882 3078 2167 3142 utilitate

221 3167 548 3252 dispicere
603 3167 887 3250 potestis.
991 3166 1085 3230 Et
1149 3172 1323 3231 certe
1377 3184 1508 3229 non
1567 3183 1798 3247 parum
1849 3164 2167 3230 hactenus

222 3254 470 3318 anxius
504 3254 663 3332 vixi,
698 3251 874 3335 quod
910 3253 1041 3317 iam
1075 3259 1175 3316 tot
1207 3251 1539 3316 mensibus
1573 3249 1758 3315 nulla
1790 3267 1938 3315 mea
1970 3269 2166 3332 opera

220 3338 500 3405 ecclesia
541 3344 764 3405 vestra
805 3337 1029 3403 adiuta
1072 3338 1174 3415 sit,
1220 3357 1339 3402 nec
1381 3357 1501 3401 vos
1559 3336 1887 3402 continuis
1927 3335 2165 3401 vestris

218 3423 557 3491 laboribus
599 3423 734 3489 ullo
777 3444 923 3490 meo
964 3423 1164 3488 levati
1206 3422 1586 3501 ministerio,
1652 3422 1905 3485 interea
1944 3427 2166 3486 tamen

221 3511 601 3594 sumptibus
643 3510 1008 3593 respublica
1052 3516 1326 3593 gravata
1368 3508 1454 3574 sit
1494 3527 1679 3572 meae
1715 3501 2025 3572 familiae.

401 3594 654 3679 Scripsi
697 3595 780 3660 ad
821 3616 940 3662 vos
980 3614 1233 3678 quoque
1273 3594 1343 3658 in
1389 3593 1559 3659 hanc
1600 3591 1736 3657 fere
1778 3592 2165 3657 sententiam

220 3703 348 3767 per
373 3680 711 3765 Payanum
725 3681 783 3767 ²)
804 3682 1071 3746 fratrem
1096 3689 1162 3744 et
1193 3679 1524 3762 collegam,
1548 3677 1662 3744 sed
1690 3676 1951 3743 brevius
1972 3697 2166 3760 quam

224 3768 313 3835 ad
358 3776 679 3845 senatum,
748 3768 916 3834 sicut
971 3775 1037 3830 et
1089 3764 1168 3828 de
1211 3784 1404 3830 causa
1448 3763 1725 3842 Mordii,
1785 3763 1938 3846 quia
1977 3762 2165 3826 illum

224 3852 572 3939 sperabam
617 3852 792 3937 apud
836 3873 953 3918 vos
988 3852 1285 3916 futurum
1330 3850 1471 3914 vice
1513 3850 1707 3914 vivae
1751 3857 1817 3912 et
1857 3847 2166 3932 prolixio-

225 3942 326 4006 ris
368 3939 701 4023 epistolae.
791 3936 967 4019 Quid
1029 3945 1243 4003 autem
1291 3936 1360 3999 10
1419 3954 1613 3999 causa
1665 3934 1861 3999 fuerit
1916 3933 2165 4017 quomi-

225 4046 359 4092 nus
404 4025 488 4091 ad
531 4046 648 4093 vos
689 4034 757 4089 et
798 4022 881 4088 ad
924 4030 1223 4089 senatum
1266 4022 1488 4086 literas
1543 4019 1884 4103 pertulerit
1924 4038 2085 4103 quas
2127 4037 2169 4082 a

222 4133 338 4177 me
381 4119 735 4194 acceperat,
780 4131 864 4174 ex
907 4129 983 4174 eo
1016 4106 1374 4174 audivistis.
1429 4103 1830 4171 Addideram
1873 4113 1939 4171 et
1979 4104 2167 4170 sche-

227 4197 381 4261 dam
427 4216 554 4277 qua
596 4215 855 4261 summa
895 4194 1110 4277 capita
1151 4213 1373 4258 eorum
1426 4199 1804 4257 annotaram
1851 4211 2015 4273 quae
2062 4210 2166 4254 co·

226 4303 376 4348 ram
419 4282 573 4346 viva
614 4302 772 4347 voce
815 4281 1059 4346 referre
1104 4279 1327 4346 debuit
1369 4277 1449 4343 de
1490 4278 1654 4342 meis
1695 4276 2055 4343 rationibus
2099 4285 2168 4340 et

227 4376 368 4434 toto
409 4386 558 4433 meo
600 4376 794 4434 statu.
866 4364 1001 4432 Sed
1045 4366 1196 4450 quia
1239 4364 1399 4429 haec
1442 4383 1693 4447 quoque
1737 4360 1976 4430 scheda
2016 4382 2166 4429 cum

226 4454 441 4519 literis
483 4451 844 4530 intercidit?
875 4452 1096 4518 nescio
1140 4471 1226 4517 an
1267 4450 1457 4517 vobis
1498 4470 1577 4515 ea
1617 4450 1839 4514 omnia
1871 4448 2167 4514 retulerit

273 4560 399 4605 uae
442 4541 509 4603 in
555 4537 880 4603 mandatis
915 4536 1210 4613 habebat,
1256 4537 1531 4601 fortasse
1573 4535 1886 4600 memoria
1925 4534 2163 4617 lapsus.

231 4561 457 4707 Quum
501 4633 717 4690 autem
763 4625 1206 4708 cognovissem
1252 4621 1474 4687 literas
1525 4641 1702 4686 meas
1744 4618 2164 4698 intercidisse,

234 4710 317 4776 ad
373 4719 673 4777 senatum
728 4710 967 4776 iterum
1025 4709 1190 4773 mihi
1243 4705 1658 4774 scribendum
1716 4726 1855 4772 esse
1916 4704 2163 4789 putavi,

235 4817 436 4880 quum
479 4816 585 4861 me
629 4795 890 4862 disertis
933 4793 1148 4860 verbis
1192 4804 1573 4859 revocasset.
1663 4791 1910 4875 Scripsi
1951 4792 2168 4872 itaque

191 4883 302 4950 ‚iu
371 4881 642 4948 eandem
711 4901 908 4963 quam
970 4878 1162 4944 modo
1227 4879 1497 4961 exposui
1559 4877 1948 4945 sententiam
1993 4874 2168 4959 quod

238 4971 364 5033 iam
409 4977 561 5033 ante
604 4968 1008 5050 scripseram.
1096 4963 1203 5030 Ad
1246 4985 1362 5029 vos
1414 4983 1572 5029 vero
1628 4973 1766 5029 tum
1811 4983 1925 5045 per
1969 4981 2169 5046 nego-

241 5055 330 5120 tia
370 5052 728 5121 rescribere
771 5073 902 5119 000
946 5051 1145 5129 licuit,
1209 5069 1416 5132 neque
1450 5048 1520 5114 id
1560 5059 1781 5133 postea
1822 5046 2169 5132 admodum

241 5141 672 5208 necessarium
741 5160 882 5205 esse
948 5136 1333 5210 existimavi,
1403 5156 1601 5218 quum
1662 5134 1832 5217 quod
1892 5156 1931 5200 a
1987 5134 2169 5200 vobis

443 5327 503 5396 2)
540 5327 762 5396 Paiani,
798 5328 1004 5382 v.d.m.
1026 5325 1178 5395 apud
1197 5323 1603 5394 Luqaumm.
1657 5322 1732 5377 H.
1768 5323 1887 5379 cccl.
1920 5321 2015 5376 111.
2049 5321 2171 5378 216.

1882 407 2044 470 1563
2088 403 2545 474 FEBRUAR.

4074 421 4198 485 654

2268 603 2610 664 revocatus
2652 618 2786 663 non
2830 617 3059 679 essem,
3103 604 3244 665 tum
3274 599 3447 684 quod
3492 603 3744 685 speravi
3788 601 3926 669 fore
3969 612 4046 670 ut
4085 626 4200 673 vo-

2266 680 2371 780 bis
2434 701 2586 748 suas
2651 683 2873 749 literas
2938 696 3205 750 senatus
3277 688 3796 769 communicaret,
3881 698 4202 774 quatenus

2265 766 2528 851 quidem
2573 766 2655 834 ad
2699 790 2818 835 vos
2862 770 3267 853 pertinerent
3307 793 3475 856 quae
3517 774 3902 858 scripseram
3946 773 4023 843 de
4067 776 4196 843 'alio

2264 853 2695 938 subrogando,
2742 856 2798 922 si
2840 856 2936 920 ita
2969 866 3262 923 censeret
3303 854 3685 924 faciendum.

2292 1024 2306 1037 ·
2434 938 2714 1021 Interea,
2760 940 2916 1007 dum
2957 939 3121 1009 haec
3164 950 3499 1026 geruntur,
3547 945 3909 1011 afferuntur
3943 969 3982 1013 a
4015 948 4200 1015 vobis

2261 1024 2492 1089 literae
2575 1025 2658 1091 ad
2734 1026 3074 1094 ministros
3138 1039 3203 1093 et
3267 1028 3551 1097 seniores
3614 1031 3810 1096 11111110
3875 1031 4197 1115 ecclesiae,

2265 1109 2502 1193 quibus
2545 1111 2994 1179 admonebatis
3036 1113 3225 1178 vobis
3266 1113 3477 1180 videri
3514 1116 3730 1198 potius
3782 1118 4198 1186 statuendum

2265 1217 2404 1261 esse
2449 1217 2531 1260 an
2568 1196 2676 1261 hic
2696 1198 2955 1281 penitus
2989 1199 3255 1264 retineri
3292 1209 3409 1264 aut
3443 1200 3626 1268 vobis
3660 1200 3843 1268 reddi
3878 1203 4197 1287 deberem,

2263 1302 2460 1365 quam
2516 1282 2788 1349 subinde
2847 1282 2931 1347 ad
2974 1304 3178 1383 novas
3233 1282 3447 1384 redire
3499 1286 3984 1369 postulationes,
4043 1289 4200 1374 quia

2263 1368 3355 1553 25‘11233ffi3012.15;.22.m0v‘3.2122÷3⁸
3375 1390 3942 1538 1111811110
3988 1395 4199 1526 ἵζε-1

2263 1557 2600 1605 0000000110
2653 1540 3101 1607 mmistrorum
3155 1550 3223 1606 et
3275 1541 3605 1608 seniorum
3660 1543 4012 1628 quidquam
4056 1553 4198 1611 ten-

2263 1630 2402 1688 tare
2444 1626 2822 1709 priusquam
2862 1644 3086 1691 meum
3126 1645 3325 1710 super
3365 1626 3491 1693 hac
3530 1648 3604 1694 re
3636 1629 3982 1697 consilium
4015 1630 4198 1697 audi-

2262 1709 2481 1776 visset.
2572 1710 2923 1793 Respondi,
2981 1731 3088 1778 me
3143 1711 3463 1792 statuisse,
3518 1713 3718 1780 simul
3774 1720 3966 1799 atque
4021 1735 4197 1782 com-

2261 1794 2455 1894 moda
2517 1817 2587 1862 se
2627 1796 2892 1863 offerret
2932 1797 3406 1882 opportunitas,
3462 1797 3546 1865 ad
3579 1818 3702 1865 vos
3751 1802 4017 1881 reverti,
4077 1824 4198 1869 nec

2261 1880 2616 1964 quidquam
2656 1881 2842 1965 prius
2884 1880 3273 1948 tentandum
3318 1902 3462 1949 esse
3502 1905 3696 1968 quam
3741 1906 4050 1970 praesens
4092 1907 4198 1955 co-

2262 1986 2404 2030 ram
2439 1965 2625 2034 vobis
2667 1988 2851 2034 meas
2884 1968 3170 2034 rationes
3204 1989 3241 2033 e
3335 1988 3531 2035 onere
3562 1989 3840 2053 possem,
3883 1979 3951 2037 et
3985 1971 4197 2040 vobis—

2263 2073 2412 2118 cum
2459 2060 2526 2118 et
2582 2071 2731 2118 cum
2797 2061 3029 2120 senatu
3071 2052 3152 2119 de
3215 2075 3286 2119 re
3329 2074 3411 2120 us
3475 2055 3778 2123 omnibus
3841 2054 4197 2125 deliberare

2264 2146 2329 2203 et
2371 2137 2762 2204 constituere
2805 2137 2974 2221 quod
3014 2138 3375 2206 consultius
3418 2160 3562 2206 esse
3605 2140 4016 2223 iudicaretur,
4073 2143 4192 2209 ha-

2263 2224 2400 2290 bita
2438 2223 2632 2290 simul
2677 2233 2742 2288 et
2785 2225 3091 2291 ecclesiae
3134 2233 3203 2289 et
3253 2243 3438 2289 meae
3480 2224 3875 2295 valetudinis
3926 2230 4194 2295 ratione.

2262 2309 2618 2391 Acquievit
2680 2318 2856 2376 totus
2917 2330 3259 2377 consessus
3294 2329 3438 2375 meo
3483 2312 3779 2379 consilio:
3846 2314 3951 2380 cui
4006 2334 4194 2399 prae-

2265 2401 2443 2460 terea
2485 2414 2914 2477 exposueram
2966 2396 3035 2460 in
3092 2414 3288 2479 quam
3332 2399 3726 2463 sententiam
3768 2399 3852 2464 ad
3895 2409 4195 2466 senatum

2265 2480 2663 2563 scripsissem
2707 2480 2788 2546 de
2831 2478 3079 2550 reditus
3121 2481 3248 2547 mei
3306 2485 3744 2565 protractione
3794 2485 3879 2550 ad
3920 2505 4197 2552 vernum

2266 2575 2541 2647 tempus.
2628 2568 2720 2632 At
2776 2586 2935 2631 vero
2988 2573 3260 2650 uterque
3317 2574 3541 2634 noster
3592 2576 3877 2647 senatus,
3941 2572 4197 2638 nescius

2264 2670 2492 2717 eorum
2535 2671 2700 2736 quae
2740 2660 2885 2718 acta
2924 2652 3181 2718 fuerant
3233 2652 3301 2717 in
3360 2662 3583 2719 nostro
3648 2675 3954 2723 consessu
3997 2658 4196 2735 (exci-

2264 2743 2442 2802 tatus
2495 2744 2571 2803 ut
2613 2736 2837 2803 audivi
2892 2739 3165 2822 privatis
3214 2738 3619 2822 quorundam
3671 2740 3896 2820 literis,
3960 2742 4198 2826 quibus

2265 2823 2457 2889 istinc
2500 2823 2968 2892 admonebatur
3009 2833 3446 2907 opportunum
3489 2845 3632 2891 0000
3676 2832 3933 2912 tempus
3974 2835 4195 2911 postu-

2265 2907 2446 2974 landi
2486 2917 2561 2975 ut
2603 2917 2777 2974 totus
2819 2907 2974 2974 huic
3013 2909 3317 2975 ecclesiae
3358 2910 3760 2995 relinquerer
3804 2920 3871 2978 et
3913 2911 4198 2980 destina·

2265 3016 2390 3073 rer,
2437 3015 2512 3061 ac
2557 3015 2735 3078 spem
2782 2992 3017 3066 bonam
3064 3015 3204 3061 0000
3245 2993 3310 3059 id
3357 2996 3571 3079 ipsum
3608 2998 3948 3082 impetrari

2265 3080 2451 3147 nobis
2529 3079 2914 3146 inconsultis
2978 3099 3053 3145 ac
3128 3079 3555 3148 inscientibus
3626 3083 3850 3150 literas
3932 3106 3969 3152 a

2265 3174 2496 3231 natum
2538 3177 2831 3232 vestrum
2869 3166 3132 3250 scripsit
3172 3167 3392 3249 quales
3439 3167 3566 3252 ipsi
3610 3169 3882 3251 vidistis,
3929 3177 3996 3236 et
4039 3192 4197 3256 qua·

2265 3271 2412 3317 rum
2457 3271 2649 3317 causa
2693 3252 2882 3336 gravi
2924 3271 3201 3318 censura
3259 3260 3326 3316 et
3380 3254 3883 3336 reprehensione
3925 3258 4197 3340 scripto-

2267 3357 2374 3403 res
2418 3335 2651 3422 digncs
2691 3337 3051 3403 censuistis.
3133 3333 3327 3417 Quod
3369 3339 3425 3403 si
3467 3337 3651 3407 vobis
3691 3342 3862 3408 iusta
3905 3349 4004 3409 est
4045 3341 4198 3408 data

2264 3420 2699 3507 conquerendi
2743 3429 2810 3489 et
2851 3442 2961 3489 eos
3002 3421 3519 3507 reprehendendi
3572 3428 3837 3506 occasio,
3880 3427 4197 3494 habemus

4065 2999 4196 3087 000)

4095 3106 4197 3151 00-

2235 3527 2384 3574 ·000
2450 3527 2691 3588 010000,
2757 3529 2877 3594 ego
2918 3529 3078 3574 vero
3133 3509 3434 3593 inprimis
3450 3563 3467 3590 ,
3519 3510 3687 3594 quod
3745 3513 3980 3579 merito
4041 3533 4196 3579 con-

2264 3615 2617 3677 queramur
2656 3601 2727 3658 et
2768 3615 3164 3661 accusemus.
3252 3593 3446 3676 Quod
3491 3596 3570 3661 ad
3635 3618 3742 3662 me
3796 3598 4053 3681 quidem
4098 3605 4196 3663 at-

2264 3682 2453 3758 tinet,
2492 3680 2674 3763 01100
2719 3679 2799 3744 de
2839 3701 2988 3746 mea
3031 3681 3369 3746 voluntate
3423 3683 3768 3765 exquirere
3792 3681 4193 3764 debuerunt,

2267 3764 2500 3831 deiude
2533 3765 2616 3830 ad
2657 3785 3031 3831 consessum
3068 3765 3529 3833 ministrorum·
3555 3777 3621 3832 et
3656 3769 3982 3834 seniorum
4023 3768 4195 3834 hanc

2265 3858 2471 3916 totam
2514 3869 2776 3916 causam
2819 3851 3049 3915 referri
3090 3853 3392 3935 oportuit.
3479 3852 3613 3920 Sed
3666 3854 3761 3918 ita
3818 3875 4038 3920 omnes
4082 3876 4195 3921 su-

2265 3957 2414 4002 10110
2460 3943 2526 4001 01
2567 3935 3008 4019 praetermissi
3051 3942 3117 4002 et
3165 3937 3463 4022 neglecti,
3516 3957 3650 4002 non
3693 3938 3864 4005 malo
3913 3940 4193 4023 quidem,

2266 4031 2341 4087 ut
2403 4021 2714 4105 suspicor,
2779 4021 3198 4087 scribentium
3268 4023 3502 4102 animo,
3562 4021 3678 4088 sed
3734 4025 3947 4108 potius
3988 4024 4192 4110 negli-

2267 4107 2487 4190 gentia
2521 4115 2590 4172 et
2628 4127 2849 4172 rerum
2890 4106 3233 4191 imperitia,
3288 4113 3365 4173 ut
3405 4107 3571 4172 nihil
3624 4110 3803 4192 prius
3846 4109 3927 4175 de
3968 4130 4193 4177 eorum

2266 4192 2698 4276 postulatione
2760 4193 3100 4276 quisquam
3164 4201 3476 4274 nostrum,
3558 4215 3639 4259 ne
3703 4195 3810 4262 vel
3874 4195 4192 4281 syllabam

2265 4275 2544 4361 quidem,
2567 4276 2847 4343 audierit
2866 4297 3058 4361 quam
3082 4284 3218 4343 tota
3237 4278 3360 4344 hac
3381 4278 3460 4344 de
3496 4299 3568 4344 re
3600 4279 3755 4346 facti
3787 4280 4026 4345 fuimus
4052 4302 4189 4347 cer—

2265 4365 2465 4430 tiores
2501 4363 2775 4430 lectione
2815 4363 3153 4429 literarum
3197 4366 3398 4430 vestri
3455 4373 3739 4444 senatus,
3802 4387 3965 4449 quae
4007 4367 4191 4433 nobis

2264 4452 2770 4515 communicatae
2833 4457 3005 4515 sunt.
3092 4449 3200 4515 Ex
3263 4450 3386 4515 hoc
3440 4451 3660 4534 itaque
3725 4472 3941 4517 errore
4004 4452 4190 4519 facile

2264 4535 2578 4600 coniicere
2620 4535 2907 4618 potestis,
2972 4555 3165 4619 quam
3219 4536 3454 4602 conscii
3507 4555 3731 4603 eorum
3774 4537 4189 4604 consiliorum

2265 4640 2406 4686 esse
2447 4641 2788 4702 possumus
2830 4640 2994 4704 quae
3028 4620 3108 4685 ad
3144 4629 3388 4687 statum
3421 4619 3809 4706 reipublicae
3842 4625 4187 4708 pertinent,

2264 4726 2465 4789 quum
2507 4706 2575 4770 in
2618 4704 2811 4770 rebus
2852 4706 3318 4787 ecclesiasticis,
3362 4729 3526 4790 quae
3569 4707 3711 4774 sine
3754 4709 3940 4776 nobis
3975 4720 4188 4776 trans-

2264 4792 2354 4875 igi
2419 4811 2549 4856 non
2616 4802 2903 4875 possunt,
2965 4792 3060 4855 ita
3122 4811 3238 4858 nos
3302 4814 3446 4859 esse
3501 4794 3881 4876 praeteritos
3934 4797 4185 4862 videtis.

2265 4876 2402 4943 Sed
2443 4878 2636 4954 enim,
2679 4885 2754 4942 ut
2793 4878 2925 4940 iam
2969 4879 3209 4957 monui,
3271 4879 3392 4943 hoc
3432 4879 3648 4961 potius
3705 4900 3925 4946 rerum
3983 4884 4184 4967 impe-

2265 4964 2453 5028 ritiae
2510 4968 2578 5027 et
2619 4962 3010 5045 quotidianis
3052 4963 3331 5047 negotiis
3373 4971 3442 5029 et
3483 4966 4002 5049 occupationibus
4046 4968 4184 5050 qui-

2267 5048 2386 5114 bus
2427 5049 2889 5131 opprimunter,
2950 5068 3143 5130 quam
3198 5049 3399 5114 fastui
3453 5057 3567 5115 aut
3608 5052 3946 5135 superbiae
3988 5052 4184 5116 ascri-

2268 5133 2553 5200 bendum
2618 5155 2759 5200 esse
2822 5131 3001 5200 duco.
3104 5132 3291 5200 Serio
3345 5146 3562 5201 tamen
3621 5145 3690 5202 et
3740 5144 3820 5201 ut
3872 5156 3990 5220 par
4043 5142 4186 5202 erat

2267 5242 2418 5287 cum
2461 5220 2592 5286 illis
2634 5219 3208 5304 expostulavimus.
3296 5219 3645 5305 Quumque
3685 5222 3868 5305 prius
3904 5221 4187 5305 amplam

2269 5305 2433 5372 mihi
2507 5306 2955 5390 praebuissent
3030 5306 3483 5389 expostulandi
3544 5305 3897 5386 materiam,
3979 5306 4186 5373 multo
