4850 6117
268 404 395 468 313

436 590 765 675 Equidem
810 612 943 658 non
987 592 1211 660 dubito
1263 595 1425 679 quin
1486 598 1852 681 postremis,
1922 618 2082 682 quas
2123 597 2209 663 D.

262 694 304 741 a
358 675 591 745 Sancto
652 676 967 745 Germano
1017 678 1186 761 dedi,
1238 681 1668 750 vehementer
1720 684 1841 750 tibi
1890 683 2209 751 molestus

262 759 525 829 fuerim.
614 761 810 844 Quod
863 765 1063 831 etiam
1117 766 1280 833 satis
1333 770 1723 853 agnovimus
1776 791 1859 836 ex
1910 771 1992 836 iis
2048 790 2211 854 quas

262 867 301 912 a
340 858 571 914 vestro
613 858 803 916 eoetu
844 851 1233 936 accepimus.
1302 852 1555 920 Verum
1589 876 1709 923 nos
1742 863 1931 922 tanta
1963 855 2211 921 laetitia

260 932 487 1001 affecit
528 933 791 1001 Ribbitti
847 935 1187 1018 adventus,
1246 947 1314 1006 et
1355 946 1608 1007 tantam
1651 962 1835 1026 spem
1879 941 2067 1007 nobis
2109 949 2207 1006 at-

260 1018 439 1099 tulit,
510 1031 586 1086 ut
625 1042 747 1088 nos
786 1021 1061 1090 minime
1102 1025 1434 1108 poeniteat
1474 1048 1778 1110 proeaees
1819 1025 2018 1094 fuisse
2061 1026 2208 1112 pul-

258 1115 531 1173 satores.
622 1105 754 1189 Qui
808 1108 937 1176 nisi
992 1117 1258 1177 strenue
1298 1109 1563 1187 ἀναιδεῖς
1600 1111 1972 1193 fuissemus,
2038 1110 2211 1178 nihil

259 1193 459 1258 ve‘riti
498 1193 765 1261 tetrieos
806 1194 1048 1274 vultus,
1121 1196 1482 1264 etiamnum
1521 1198 1767 1265 frustra
1809 1197 2209 1266 desiderare·

257 1298 411 1344 mus
469 1285 730 1345 tantum
785 1281 1027 1361 virum,
1093 1282 1586 1367 doleremusque
1637 1285 1859 1370 pueris
1912 1304 2210 1369 praeesse

258 1384 461 1448 quem
512 1365 887 1450 propediem
944 1366 1283 1435 audiemus
1336 1389 1579 1456 magna
1627 1392 1778 1438 eum
1834 1370 2207 1438 auditorum

256 1449 627 1534 frequentia
702 1458 769 1518 et
843 1454 1169 1520 immenso
1244 1456 1466 1521 fruetu
1552 1458 1908 1541 scripturas
1989 1477 2208 1524 saoras

257 1546 701 1605 enarrantem.
788 1538 1042 1606 Adesse
1082 1548 1456 1608 statuerunt
1508 1543 1819 1610 senatorii
1861 1550 1930 1609 et
1971 1564 2208 1610 oonsu-

254 1621 431 1689 lares
472 1624 781 1708 permulti
824 1624 1063 1709 aliique
1106 1626 1346 1694 eruditi
1380 1648 1658 1712 quorum
1694 1628 1802 1695 hie
1836 1650 1970 1695 non
2002 1649 2209 1714 parva

255 1715 359 1774 est
403 1710 605 1793 eopia.
711 1708 970 1791 Quibus
1012 1720 1150 1778 tam
1192 1713 1423 1779 faustis
1465 1714 1670 1781 initiis
1829 1723 2056 1799 tquam
2100 1735 2208 1782 ae·

255 1793 495 1861 oedent
881 1797 1146 1882 linguae
1203 1798 1515 1867 leotiones
1569 1822 1655 1866 ex
1766 1802 1997 1880 eraldo,
2061 1808 2207 1866 tum

256 1882 587 1946 aemulam
629 1881 943 1948 Lutetiae
986 1884 1327 1951 Aureliam
1376 1907 1604 1952 sumus
1646 1887 1875 1954 visuri.
1960 1886 2209 1971 Ingens

256 1977 354 2032 est
397 1987 747 2051 procerum
797 1970 868 2034 in
911 1968 1036 2037 hae
1079 1970 1349 2038 civitate
1393 1970 1476 2037 ad
1517 1974 1648 2039 ista
1689 1972 1908 2039 studia
1949 1975 2207 2039 animus

256 2053 550 2136 mimque
592 2074 662 2120 se
707 2056 953 2123 nostris
996 2057 1244 2142 coeptis
1283 2057 1509 2124 favere
1551 2058 1926 2126 ostendunt.

426 2138 659 2205 Rediit
725 2140 809 2206 ad
870 2164 989 2209 nos
1052 2140 1254 2223 Baro,
1326 2143 1430 2210 vir
1488 2143 1560 2210 in
1624 2144 2009 2230 explicando
2073 2144 2206 2212 Dei

256 2223 457 2291 verbo
510 2225 913 2295 incredibilis
967 2228 1378 2313 eloquentiae
1431 2236 1500 2296 et
1555 2229 1987 2298 dexteritatis.
2076 2231 2205 2299 Oui

255 2310 309 2376 si
351 2309 829 2397 adiungeretur
870 2334 1067 2398 quem
1110 2316 1459 2398 postremis
1491 2315 1701 2384 literis
1743 2316 2202 2402 flagitabamus

255 2394 334 2461 D.
391 2418 438 2463 a
495 2396 563 2463 S.
622 2397 953 2480 Gmnunv,
1020 2399 1127 2467 hie
1191 2422 1352 2468 vero
1417 2401 1500 2467 ad
1565 2402 1876 2470 ecelesiae
1938 2411 2203 2470 nostrae

254 2493 713 2549 ornamentum
779 2485 1100 2571 eolophon
1157 2485 1639 2572 adiungeretur.
1744 2487 1936 2570 Quod
2002 2490 2201 2555 etiam

256 2575 314 2634 te
354 2588 593 2653 rogare
656 2570 875 2637 iussus
932 2593 1082 2639 sum
1140 2573 1264 2655 (sie
1306 2573 1483 2640 enim
1538 2573 1710 2640 malo
1767 2593 1964 2659 quam
2022 2576 2201 2642 solus

254 2674 514 2719 omnem
558 2657 660 2734 τῆς
703 2653 1118 2739 ἀναισχυντίας
1150 2659 1471 2727 invidiam
1505 2660 1879 2742 sustinere),
1917 2668 1990 2726 ut
2024 2659 2199 2745 quod

254 2749 439 2805 tuum
484 2741 556 2806 in
598 2740 725 2809 hae
766 2764 840 2808 re
882 2745 1226 2812 eonsilium
1268 2746 1357 2812 sit
1398 2746 1673 2830 aperias.
1751 2747 2200 2831 Prospicietur

256 2823 599 2911 diligenter
640 2828 947 2896 eeclesiae
987 2832 1094 2898 eui
1135 2832 1431 2916 praefuit.
1520 2831 1898 2901 Sufficietur
1940 2833 2013 2898 in
2057 2834 2199 2901 eius

253 2909 469 2979 locum
522 2934 605 2979 ex
660 2916 901 2982 nostris
955 2937 1150 3001 quem
1203 2919 1490 2984 maxime
1532 2918 1839 2985 idoneum
1880 2919 2195 2988 iudicabi-

254 3018 412 3065 mus.
502 2998 791 3066 Tantum
836 3023 918 3067 ne
960 3003 1242 3070 nimium
1285 3012 1352 3071 te
1394 3003 1665 3071 obtendi
1740 3005 1989 3072 ueraris
2023 3005 2196 3089 quod

255 3081 393 3170 ὑπὲρ
436 3074 526 3151 ὧν
565 3086 848 3170 ἐλάβομεν
882 3087 1361 3174 εὐχαριστοῦντες
1394 3086 1521 3172 ἅμα
1562 3094 1667 3154 καὶ
1701 3094 1851 3175 νπὲρ
1898 3081 1986 3155 ὧν
2029 3093 2195 3156 ἐλπί-

254 3173 420 3252 ζομεν
461 3171 811 3249 ἱκετεύοντες
859 3174 1225 3258 φαινόμεθα.
1312 3177 1531 3243 Multa
1572 3185 1730 3243 sunt
1772 3225 2105 3243 ......
2135 3179 2194 3260 ²)

255 3277 412 3340 quae
475 3280 596 3325 nos
659 3270 951 3342 movent,
1018 3264 1074 3329 si
1138 3283 1265 3347 quo
1367 3271 1510 3329 aeto
1565 3263 1906 3347 impetrari
1968 3264 2193 3348 possit.

254 3342 393 3411 Hoe
454 3343 579 3410 tibi
639 3345 943 3430 pluribus
1004 3368 1303 3415 oommen
1436 3347 1593 3415 dum
1630 3349 1764 3416 non
1820 3371 1962 3416 esse
2013 3349 2195 3430 duxi,

249 3450 439 3512 quem
497 3430 633 3497 seio
684 3433 818 3498 iam
862 3433 1025 3502 satis
1086 3433 1170 3501 ad
1227 3435 1595 3520 augendam
1649 3435 1989 3502 eeclesiam
2043 3456 2194 3520 pro-

255 3534 538 3597 pensum.
639 3517 825 3585 Vale.
925 3520 1255 3586 Dominus
1310 3530 1379 3587 te
1440 3521 1552 3587 diu
1609 3520 2001 3588 ineolumem
2041 3542 2193 3606 pro-

296 3602 601 3686 ugnando
639 3603 759 3670 filii
801 3626 1006 3691 regno
1048 3617 1390 3674 conservet
1421 3615 1492 3673 et
1523 3607 1782 3673 labores
1819 3616 1964 3674 tuos
1997 3606 2191 3674 bene-

299 3686 423 3754 ‘eat
464 3710 540 3757 ae
584 3700 985 3774 promoveat.
1073 3691 1383 3760 Aureliae
1426 3692 1570 3760 Gal.
1615 3694 1784 3761 Mar.
1836 3697 2018 3760 1562.

1364 3831 1546 3896 Tuus
1590 3831 1679 3897 H.
1726 3828 2022 3899 Suraeus

1267 3916 1470 3983 totius
1514 3916 1807 4003 synedrii
1850 3918 2129 3984 nomine.

418 4083 725 4152 Salutant
766 4094 832 4152 te
874 4087 1112 4154 iratres
1155 4095 1224 4154 et
1263 4088 1545 4173 reliquos

252 4171 733 4258 συλλεπουργοῦς.
758 4174 815 4250 ⁸)

446 4463 508 4600 {3
541 4463 729 4588 ,ἤτω
763 4470 1072 4535 ‘0'va-

2019 413 2178 475 1562
2223 410 2504 477 MART.

4124 420 4245 482 314

3185 597 3381 669 373⁰.

2831 768 3213 835 PARRAN
3257 769 3321 835 A
3362 769 3734 839 CALVIN.

2482 940 2784 1006 Παπίριον
2821 940 2948 1023 fait
3004 960 3101 1006 ses
3158 960 3408 1007 eoecuses
3460 963 3548 1007 au
3588 946 3743 1026 sajet
3782 945 3965 1011 d’nme
4023 948 4248 1028 affaire

2308 1025 2466 1109 qu’il
2494 1030 2718 1110 paruit
2757 1027 2936 1092 avoir
2976 1046 3083 1092 eue
3126 1025 3169 1090 ἂ
3186 1099 3190 1104 ,
3205 1025 3610 1105 Μοπίαιιῦαη,
3665 1032 3831 1096 mais
3873 1052 3989 1097 sur
4027 1032 4093 1096 la
4137 1053 4247 1097 aa·

2308 1116 2447 1178 ture
2486 1114 2563 1180 de
2603 1110 2868 1195 laquelle
2907 1112 2958 1177 a
2999 1132 3074 1176 ne
3112 1113 3456 1196 s'eoeplique
3488 1115 3683 1197 point.
3713 1118 3762 1192 ¹)

2313 1282 2695 1355 (Autographe
2730 1282 2800 1336 de
2834 1283 2888 1336 la
2910 1281 3292 1352 Bibliotheque
3325 1283 3395 1338 de
3422 1283 3661 1339 Geneve.
3695 1285 3810 1340 MS.
3831 1285 3949 1356 109,
3985 1287 4077 1342 fol.
4104 1286 4252 1357 102.)

2481 1457 2545 1522 A
2600 1454 2941 1521 Monsieur
3000 1451 3330 1521 Monsieur
3375 1454 3614 1521 Calvin
3680 1458 3980 1524 ministre
4045 1461 4124 1525 de
4189 1461 4252 1526 la

2310 1542 2533 1626 parole
2576 1540 2657 1608 de
2700 1537 2895 1606 Dieu.

3680 1632 3742 1695 A
3787 1629 4080 1696 Geneve.

2479 1797 2843 1875 Monsieur‚
2880 1799 2950 1882 je
2994 1816 3126 1882 nay
3167 1797 3365 1863 voulu
3413 1799 3561 1863 falir
3597 1796 3675 1863 de
3711 1821 3877 1867 vous
3915 1804 4252 1870 continuet

2307 1883 2370 1948 le
2435 1902 2675 1968 propos
2740 1882 3061 1950 touohaut
3124 1882 3189 1947 la
3250 1883 3444 1949 lettre
3502 1906 3625 1967 que
3674 1887 3911 1971 javoys
3976 1891 4251 1974 esoripoe

2305 1989 2475 2052 pour
2515 1989 2625 2033 ma
2670 1968 2992 2053 decharge
3035 1990 3073 2033 a
3123 1967 3350 2054 leglise
3394 1969 3474 2034 de
3517 1970 3924 2037 Montauban
3968 1972 4253 2056 laquelle

2306 2075 2413 2120 me
2452 2055 2555 2119 fut
2599 2062 2863 2121 retenue
2897 2074 2937 2119 a
2973 2053 3243 2120 Geneve
3277 2064 3344 2120 et
3378 2076 3463 2120 na
3498 2065 3633 2121 este
3669 2059 3909 2140 Jamais
3944 2071 4252 2144 apportee
4289 2077 4294 2083 ’

2305 2162 2346 2207 a
2366 2140 2778 2207 Montauban
2824 2161 3006 2208 come
3049 2140 3241 2206 eeulx
3263 2139 3345 2206 de
3366 2139 3773 2208 Montauban
3808 2164 3970 2210 vous
4015 2167 4098 2210 en
4135 2154 4252 2211 ont

2305 2229 2547 2310 eseript
2566 2230 2619 2304 ²)
2665 2227 2945 2310 laquelle
2990 2235 3090 2291 est
3143 2227 3395 2293 tombee
3450 2236 3634 2292 entre
3692 2250 3811 2295 voz
3865 2231 4078 2296 mains
4133 2253 4250 2315 par

2302 2311 2581 2397 laquelle
2640 2334 2798 2379 aves
2855 2325 3086 2378 trouve
3129 2334 3255 2396 que
3289 2315 3358 2397 je
3403 2334 3565 2379 vous
3611 2314 3796 2380 avois
3840 2316 4122 2383 offences
4166 2340 4248 2383 en

2302 2399 2582 2483 quelque
2635 2398 2830 2465 chose
2887 2411 2953 2464 et
3011 2420 3094 2463 ne
3151 2396 3390 2464 doubte
3446 2419 3564 2483 pas
3613 2420 3746 2483 que
3802 2423 3884 2466 ne
3926 2401 3989 2467 le
4032 2404 4250 2485 puisse

2303 2485 2491 2551 avoir
2546 2484 2702 2551 faiet
2753 2504 2874 2569 par
2927 2485 3277 2569 ignoranee
3320 2505 3403 2549 ou
3448 2505 3567 2568 par
3609 2486 3807 2551 sotise
3850 2495 3917 2552 et
3959 2508 4089 2554 non
4132 2510 4251 2573 par

2300 2571 2535 2637 maline
2578 2590 2761 2637 eome
2803 2570 2952 2655 plus
2994 2590 3034 2635 a
3077 2570 3258 2653 plein
3302 2571 3642 2637 autresfois
3682 2590 3853 2638 vous
3897 2594 3983 2638 en
4026 2595 4113 2660 ay
4147 2596 4251 2640 es-

2302 2658 2474 2742 eript
2513 2663 2584 2722 et
2634 2676 2804 2740 pour
2856 2678 2931 2723 ee
2987 2676 3160 2739 quen
3209 2676 3287 2721 oe
3340 2677 3507 2741 pays
3549 2657 3864 2742 quelques
3904 2681 4031 2727 uns
4073 2666 4249 2726 m'en

2302 2742 2570 2809 veulent
2607 2742 2890 2808 blasmer
2926 2761 3056 2827 nay
3093 2749 3285 2807 autre
3318 2763 3557 2827 moyen
3594 2764 3763 2825 pour
3797 2765 3905 2808 me
3940 2743 4249 2812 defendre

2300 2828 2492 2893 sinon
2550 2848 2679 2912 que
2736 2830 2818 2894 de
2873 2837 3203 2894 monstrer
3255 2828 3322 2893 la
3377 2829 3580 2894 forme
3635 2850 3761 2912 que
3820 2833 3937 2916 jay
3979 2845 4139 2897 tenu
4184 2845 4251 2898 et

2303 2935 2426 2998 que
2482 2917 2552 2999 je
2618 2913 2819 2981 veulx
2883 2914 3061 2979 tenir
3124 2918 3263 2979 eest
3326 2935 3452 2996 que
3507 2935 3589 2980 en
3643 2934 3719 2980 oe
3776 2936 3905 2998 que
3962 2938 4250 3004 pourray

2303 3003 2487 3068 avoir
2527 2999 2663 3084 faly
2707 3020 2815 3064 me
2857 3001 2994 3065 suis
3037 2999 3281 3066 sobmis
3316 3012 3384 3066 et
3417 3021 3524 3065 me
3556 2999 3813 3067 sobmes
3853 3000 3933 3068 de
3969 3025 4052 3069 en
4085 3004 4250 3070 faire

2299 3087 2454 3153 telle
2510 3087 2887 3171 reparation
2942 3106 3068 3169 que
3123 3106 3270 3152 sera
3323 3087 3687 3153 neeessaire
3741 3095 3810 3153 et
3850 3109 3936 3154 en
3983 3090 4250 3155 souffrir

2301 3173 2454 3238 telle
2489 3173 2686 3257 peine
2707 3193 2834 3255 que
2868 3192 3015 3238 sera
3046 3171 3340 3238 ordonne
3374 3193 3460 3238 en
3494 3180 3678 3239 toute
3705 3173 4043 3257 dissipline
4078 3176 4248 3243 eele-

2301 3259 2611 3342 siastique
2668 3266 2738 3324 et
2793 3279 2928 3324 non
2981 3257 3361 3337 oriminelle,
3419 3277 3671 3323 oomme
3728 3258 3809 3326 de
3851 3267 3996 3326 tout
4037 3269 4250 3347 temps

2299 3364 2383 3430 ay
2427 3353 2567 3411 este
2611 3345 2694 3410 de
2736 3351 2910 3412 eeste
2954 3344 3216 3410 volente
3259 3351 3327 3410 et
3358 3365 3450 3430 ny
3485 3362 3569 3429 ay
3597 3346 3835 3428 jamais
3869 3347 4249 3416 eontrediot.

2296 3430 2478 3497 Pom·
2530 3451 2605 3496 ee
2637 3432 2708 3515 je
2750 3451 2913 3498 vous
2953 3431 3096 3514 prie
3140 3429 3276 3513 quil
3323 3451 3486 3498 vous
3526 3430 3735 3515 plaise
3779 3430 4111 3518 denvoyer
4152 3434 4247 3501 les

2297 3517 2509 3583 droitz
2554 3538 2680 3601 que
2722 3537 2952 3601 porres
2997 3516 3185 3582 avoir
3237 3537 3351 3581 sur
3394 3536 3500 3582 mo
3591 3536 3725 3582 aux
3768 3517 4006 3601 eglises
4049 3518 4129 3585 de
4172 3541 4246 3586 ee

2294 3623 2381 3687 pa
2425 3625 2460 3669 s
2539 3611 2607 3669 et
2661 3623 2943 3669 mesmes
3007 3623 3048 3668 a
3111 3602 3381 3669 Moseur
3517 3603 3638 3669 &ret
3699 3611 3890 3687 quest
3954 3615 4173 3671 asture
4191 3609 4245 3682 ³)

2292 3688 2336 3753 a
2445 3688 2817 3773 ontpeillier
2874 3690 3004 3754 afin
3060 3709 3184 3771 que
3230 3691 3345 3772 Jen
3390 3689 3608 3771 puisse
3651 3689 3813 3754 faire
3858 3689 4014 3755 telle
4056 3712 4244 3774 repa-

2292 3776 2511 3841 ration
2553 3796 2681 3858 que
2722 3795 2842 3857 par
2882 3794 3045 3840 vous
3087 3781 3235 3840 tous
3275 3796 3423 3841 sera
3466 3776 3661 3842 avise.
3740 3774 3791 3841 J
3792 3796 3878 3859 ay
3919 3777 4060 3859 prie
4103 3777 4245 3842 Mo-

2294 3881 2450 3928 seur
2507 3860 2582 3925 de
2639 3860 2957 3927 Varendal
3007 3860 3310 3927 ministre
3368 3859 3449 3925 de
3491 3868 3666 3926 eeste
3709 3861 3911 3944 eglise
3955 3861 4035 3926 de
4078 3883 4243 3928 vous

2292 3969 2374 4013 en
2441 3947 2682 4013 escrire
2747 3966 2999 4012 oomme
3063 3948 3135 4031 je
3199 3968 3355 4032 croy
3419 3946 3554 4029 quil
3621 3967 3661 4010 a
3727 3947 3883 4011 faict
3948 3957 4014 4010 et
4079 3969 4243 4013 vous

2292 4035 2437 4117 prie
2494 4052 2582 4099 au
2635 4053 2789 4098 nom
2845 4031 2927 4097 de
2977 4032 3155 4098 Dieu
3212 4031 3294 4098 de
3349 4052 3435 4098 ue
3491 4052 3597 4096 me
3639 4031 3815 4096 tenir
3856 4032 4008 4116 plus
4051 4055 4135 4099 en
4179 4034 4244 4100 la

2290 4120 2486 4203 peine
2538 4138 2664 4202 que
2709 4120 2780 4203 je
2833 4119 2970 4184 suis
3012 4120 3147 4184 afin
3191 4139 3317 4202 que
3348 4120 3421 4202 je
3461 4118 3681 4201 puisse
3723 4118 4114 4202 eoignoistre
4157 4142 4240 4187 en

2337 4227 2471 4290 uoy
2514 4208 2584 4290 je
2634 4225 2797 4270 vous
2848 4206 3069 4288 puisse
3123 4205 3308 4270 avoir
3360 4204 3624 4269 offenee.
3715 4201 3863 4283 Que
3907 4226 4054 4272 sera
4099 4206 4241 4272 len-

2292 4226 2468 4357 droit
2508 4311 2637 4374 que
2680 4290 2940 4376 prieray
2985 4288 3154 4368 dieu,
3199 4289 3485 4367 Moseur,
3530 4308 3693 4353 vous
3727 4289 3903 4354 tenir
3937 4312 4020 4357 en
4056 4301 4243 4359 sante

2291 4377 2532 4461 longus
2572 4378 2682 4443 vie
2735 4396 2900 4444 vous
2952 4382 3341 4460 augmentet
3398 4395 3503 4441 ses
3546 4372 3710 4441 dons
3753 4384 3821 4441 et
3861 4397 4094 4461 graues
4136 4400 4244 4446 me

2292 4460 2830 4529 recommandant
2871 4461 3324 4528 humblement
3366 4481 3407 4524 a
3451 4480 3568 4525 voz
3602 4460 3855 4529 bonnes
3887 4463 4140 4547 prieres
4173 4472 4242 4532 et

2291 4548 2728 4616 consolatione
2770 4568 2935 4617 vous
3035 4548 3212 4613 riant
3265 4544 3347 4612 de
3398 4566 3548 4611 men
3594 4544 3947 4615 distribuer
3991 4570 4243 4617 eomme

2293 4634 2374 4702 de
2417 4642 2565 4701 tout
2621 4641 2835 4717 temps
2878 4636 2948 4719 ‚ie
3031 4653 3068 4698 e
3111 4653 3276 4700 vous
3318 4652 3404 4718 ay
3445 4630 3769 4699 demands
3811 4641 3878 4701 et
3922 4633 4242 4704 demands

2289 4741 2399 4787 me
2434 4718 2971 4789 recommandant
3004 4718 3458 4785 humblement
3492 4739 3532 4783 a
3565 4738 3686 4784 voz
3720 4718 3971 4787 bonnes
3994 4744 4237 4808 graees.

2286 4924 2480 4981 Μεθ’
2493 4923 2558 5062 {3
2588 4922 3174 5074 sssspassaffih„
3208 4991 3522 5049 amnes
3555 4992 3622 5049 ae
3654 4992 3851 5062 τέρπει
3885 4993 3952 5049 ae
3980 4995 4237 5051 Montan-

2288 5065 2397 5120 ban
2432 5067 2484 5118 et
2534 5063 2611 5116 les
2644 5061 2704 5116 ἀι
2730 5059 2938 5127 ficulla
2986 5060 3174 5133 qu’ezze
3220 5067 3518 5119 rencontm
3564 5067 3692 5118 sont
3735 5062 4074 5133 lonquement
4104 5079 4234 5131 rap-

2285 5128 2500 5203 porte'ez
2533 5129 2680 5186 dam
2711 5129 2899 5187 l'Hist.
2932 5132 3054 5187 eccl.
3086 5131 3132 5189 1.
3151 5130 3257 5186 825
3290 5130 3434 5187 nais
3454 5130 3686 5187 Par-ran
3717 5130 3776 5187 η’
3843 5132 4018 5202 fiyure
4042 5147 4166 5214 pas.

2492 5198 2549 5265 3)
2584 5199 2624 5255 ἅ
2678 5205 2810 5257 cette
2857 5200 3038 5257 mre.
3095 5231 3161 5241 —
3225 5201 3377 5257 Vin-et
3436 5201 3632 5257 arv-tva
3681 5201 3719 5256 ὰ
3772 5147 4129 5283 {launacum-0
4169 5216 4236 5255 en

2293 5268 2521 5404 mamni)
2567 5266 2722 5323 1562.
2791 5268 2961 5332 (Hi-st.
2998 5271 3120 5327 ecel.
3171 5272 3216 5325 1.
3253 5268 3373 5325 886.
3447 5267 3707 5336 musard,
3762 5269 3883 5324 host.
3930 5269 3999 5324 de
4043 5268 4237 5325 Num
