4850 6117
260 426 388 493 585

1146 610 1349 684 8879.

660 781 1335 855 BULLINGERUS
1385 782 1824 853 CALVINO.

455 955 749 1024 anaii
788 976 977 1036 mors,
1010 954 1271 1022 Brentii
1310 958 1664 1034 commta,
1711 955 2220 1025 Triaevwinorum

265 1043 537 1111 eoneaia
576 1048 825 1123 secreta,
862 1041 1247 1126 Rotomayus
1286 1045 1488 1126 capta,
1528 1039 1781 1108 Gabini
1821 1042 2013 1108 dubia
2054 1042 2219 1109 vale-

267 1130 434 1211 tudo,
479 1130 691 1196 omnia
731 1128 946 1195 tristia
986 1132 1044 1194 et
1083 1127 1279 1194 minis
1309 1127 1522 1210 plena.

265 1300 379 1372 (θ’
423 1300 764 1439 aar
780 1298 1183 1423 ”ame
1199 1296 1660 1421 ..ir-m.
1692 1295 1843 1424 ¹v¹5⁶2
1856 1297 2008 1434 ξεῖ
2041 1296 2215 1354 s...

438 1540 821 1609 Clarissimo
875 1540 1017 1607 viro
1062 1539 1147 1604 D.
1192 1537 1426 1604 Ioanni
1480 1537 1761 1604 Calvino
1803 1537 2215 1605 Genevensis

261 1626 578 1695 ecclesiae
611 1626 861 1711 pastori
896 1624 1158 1692 domino
1193 1644 1338 1690 meo
1372 1621 1640 1692 colendo
1680 1630 1749 1690 et
1788 1624 1978 1690 fratri
2012 1624 2214 1691 caris-

260 1716 451 1781 simo.

1824 1794 2043 1863 Genff.

436 1967 510 2036 S.
545 1969 630 2034 D.
698 1969 932 2043 Fama.
965 1968 1212 2052 opinor,
1249 1966 1471 2033 attulit
1504 1964 1589 2031 ad
1623 1987 1739 2035 vos
1771 1967 1991 2034 virum
2025 1987 2215 2035 sanc-

261 2054 596 2123 tissimum
617 2060 684 2120 et
705 2054 1153 2121 doctissimum
1179 2052 1529 2137 martyrem
1560 2059 1861 2119 nostrum
1895 2054 2214 2138 migrasse

261 2140 347 2208 ad
392 2141 776 2207 Dominum.
803 2145 855 2221 ¹)
920 2140 1089 2206 Sum
1124 2139 1287 2205 alias
1324 2139 1731 2205 moeroribus
1773 2147 2036 2206 tantum
2079 2161 2214 2206 non

258 2226 622 2305 confectus,
664 2234 733 2293 et
773 2233 998 2293 tamen
1034 2225 1362 2293 doloribus
1395 2226 1558 2290 meis
1596 2224 1704 2291 hic
1737 2226 2029 2292 omnium
2071 2245 2212 2290 ma·

257 2314 486 2379 ximus
542 2312 780 2379 accidit
835 2320 902 2379 et
958 2313 1272 2397 opprimit
1327 2311 1484 2377 fere.
1570 2311 1734 2377 Fuit
1788 2310 1895 2377 hio
1954 2311 2063 2376 vir
2110 2312 2213 2376 in·

258 2399 720 2482 comparabilis
774 2406 843 2464 et
883 2397 1259 2464 mortalium
1301 2397 1470 2463 mihi
1511 2396 1909 2463 carissimus.
1993 2395 2212 2463 Iactu-

256 2505 406 2551 ram
463 2485 536 2550 in
589 2506 666 2551 eo
720 2484 874 2552 fecit
926 2505 1060 2550 non
1114 2483 1308 2550 modo
1360 2490 1587 2549 nostra
1645 2482 1760 2549 sed
1816 2482 2213 2550 universalis

257 2568 538 2638 ecclesia
571 2569 1066 2654 irreparabilem
1099 2590 1318 2653 prope.
1377 2568 1595 2634 Multa
1627 2568 1739 2634 ille
1772 2589 2032 2635 mecum
2060 2589 2212 2635 oon·

255 2656 417 2722 tulit
481 2655 638 2722 dum
704 2656 1141 2723 decumberet.
1230 2655 1373 2720 Vix
1427 2655 1548 2720 viii
1603 2654 1742 2720 dies
1806 2653 2133 2721 decubuit.
2155 2659 2211 2733 ¹)

255 2741 539 2809 Morbus
572 2748 982 2826 oppresserat
1013 2740 1234 2825 ipsum
1268 2759 1424 2806 mox
1459 2741 1541 2806 ab
1576 2740 1798 2806 initio:
1844 2738 1960 2806 sed
1994 2741 2214 2806 animo

254 2827 388 2893 fuit
465 2827 826 2914 intrepido,
904 2827 1034 2894 fide
1103 2826 1544 2893 sincerissima
1606 2832 1675 2891 et
1736 2825 2212 2893 robustissima.

254 2912 516 2980 Sedens
557 2914 629 2979 in
674 2914 837 2980 sella
877 2913 1193 2998 migravit
1233 2912 1627 2980 Novembris
1668 2915 1741 2976 12
1786 2911 1948 2978 hora
2035 2933 2211 2979 ome—

254 2999 517 3066 ridiana
551 3000 746 3066 tertia
779 3007 895 3065 aut
927 2999 1121 3084 paulo
1153 3005 1323 3083 post.
1395 2997 1625 3065 Doluit
1658 2998 1718 3062 ei
1753 2997 1924 3081 quod
2013 2998 2212 3065 rentio

254 3085 657 3170 respondere
700 3107 833 3153 non
876 3084 1109 3170 potnit,
1165 3085 1282 3151 sed
1326 3083 1499 3151 hanc
1542 3104 1797 3168 quoque
1848 3104 1991 3151 rem
2034 3105 2211 3152 com·

253 3173 442 3239 misit
482 3171 787 3238 Domino.
812 3175 863 3251 θ)

429 3257 577 3341 Ego
610 3277 813 3343 pergo
846 3256 945 3323 illi
979 3253 1378 3340 respondere
1399 3261 1594 3339 prout
1629 3274 1914 3339 possum.
1932 3256 1993 3339 ⁴)
2048 3255 2211 3322 Vel-

251 3342 390 3409 lem
437 3345 637 3408 etiam
681 3343 842 3410 alios
877 3343 1059 3408 viros
1092 3342 1298 3407 bonos
1340 3362 1411 3408 se
1453 3341 1660 3407 foedis
1699 3342 1842 3408 eius
1884 3361 2211 3425 opponere

565 3633 691 3690 Iam
732 3632 863 3689 inde
913 3648 952 3687 a
1000 3631 1188 3688 redita
1232 3647 1301 3686 ex
1351 3630 1540 3688 Gallia
1595 3631 1869 3688 &macho
1909 3632 2213 3689 laborabat.

541 3718 622 3758 ov.
656 3717 782 3759 vero
832 3702 1012 3757 subito
1057 3700 1328 3770 opidanis
1378 3700 1617 3770 qnondam
1659 3706 1774 3756 tum
1826 3699 2016 3756 strici
2052 3716 2212 3770 pras-

758 3773 943 3827 statim
977 3786 1288 3840 supremum
1321 3769 1463 3823 diem
1497 3769 2060 3840 approquinquantem
2093 3785 2211 3825 sen·

1366 3838 1629 3894 condidit.
1697 3836 1875 3893 Natus
1916 3844 2038 3894 erat
2069 3855 2121 3894 a.
2157 3839 2212 3895 d.

247 3633 438 3690 ³879.
464 3634 493 3687 1

247 3704 443 3760 Nouis

245 3780 414 3898 :aaa
444 3778 773 3896 ξιοντῖμῖἰῑ.
810 3838 901 3894 Id.
948 3844 1322 3921 testamentum}
1402 3910 1411 3921 .
1514 3908 1526 3921 .
1769 3908 1781 3920 ο
2166 3909 2177 3921 ⁸

255 3910 366 3967 VI.
397 3908 493 3966 16.
529 3909 673 3978 Sept.
711 3906 862 3962 1500.
919 3907 966 3962 S
1098 3914 1204 3964 stes
1238 3924 1289 3963 et
1319 3907 1434 3974 fuet
1465 3907 1653 3975 mdua,
1689 3922 1778 3963 cm
1811 3912 1949 3963 nata
1981 3913 2062 3963 est
2089 3907 2212 3975 filus

238 3978 543 4050 posthuma
590 3977 747 4046 prid.
795 3976 944 4031 Non.
1059 3983 1164 4032 art.
1217 3974 1370 4031 1563.
1451 3975 1845 4032 Βῶῑίοῶοσαπι
1913 3981 1965 4030 et
2016 3991 2210 4032 maa-

356 4048 368 4061 '
404 4054 465 4103 ta
519 4063 626 4102 sua
680 4046 857 4101 amico
906 4059 1006 4100 sao
1061 4045 1484 4101 Santerentiano
1534 4049 1848 4100 testamento
1896 4044 2112 4100 tradita
2156 4061 2210 4102 a.

243 4115 277 4169 1
431 4115 761 4171 Genevensis
804 4115 1161 4184 magistratus
1198 4114 1439 4169 maeonii.
1524 4113 1607 4180 (ΞΥ.
1648 4112 1900 4169 &achior
1947 4113 2072 4169 hist.
2106 4114 2209 4168 litt.

242 4186 320 4241 de
358 4184 428 4241 G.
462 4185 505 4239 1.
542 4183 613 4239 60
625 4202 647 4252 ,-
689 4184 873 4238 Bonae
907 4183 1102 4239 leones
1144 4182 1284 4239 1580
1311 4198 1373 4251 p.
1408 4182 1508 4250 11,-
1539 4182 1796 4238 Schm‘dt.
1853 4180 2036 4237 Vem.
2088 4181 2208 4237 289.

243 4255 367 4311 Ios.
418 4253 632 4317 δίκαιον,
681 4252 860 4308 oratio
917 4252 987 4307 de
1033 4253 1152 4307 vita
1196 4255 1249 4307 st
1288 4253 1440 4307 obitu
1484 4250 1561 4305 D.
1612 4251 1673 4305 P.
1732 4251 2024 4322 Martyris.
2076 4250 2207 4307 Tur.

241 4321 408 4378 1562.
443 4321 507 4376 4:
558 4322 687 4377 Fuit
728 4322 839 4375 iam
873 4330 1001 4375 ante
1041 4320 1352 4375 valetudine
1384 4320 1538 4374 tenui
1584 4324 1643 4373 et
1674 4320 1901 4386 infirma,
1938 4337 2105 4390 quum
2139 4320 2209 4375 ob

243 4393 500 4446 affectam
533 4393 645 4445 iam
678 4395 934 4454 aetatem,
970 4395 1086 4444 tum
1123 4389 1270 4459 quod
1302 4406 1466 4444 curae
1500 4394 1555 4443 et
1587 4388 1974 4443 sollicitudines
2006 4390 2208 4457 variae,

243 4469 310 4515 et
343 4461 669 4531 praesertim
710 4459 894 4528 magni
934 4458 1150 4513 dolores
1186 4474 1325 4529 quos
1358 4475 1428 4512 ex
1461 4458 1662 4512 afflicto
1696 4462 1843 4513 statu
1876 4459 2007 4512 eccl.
2043 4457 2208 4513 Galli·

242 4533 346 4585 eae
392 4530 707 4599 accipiebat,
756 4529 903 4581 vires
947 4527 1064 4581 eius
1109 4528 1310 4582 sensim
1354 4533 1734 4583 consumerent
1780 4567 1792 4580 .
1838 4566 1853 4580 .
1902 4566 1917 4579 .
1964 4565 1979 4579 .
2013 4525 2210 4582 Oculos

243 4598 507 4654 morienti
540 4596 862 4666 compressit
879 4596 1224 4666 Bullingerus
1258 4612 1382 4651 eum
1422 4612 1491 4650 ue
1522 4595 1811 4664 sepulcrali
1845 4598 1998 4649 veste
2030 4595 2210 4650 induit

242 4668 529 4793 οξίῗίιέιιοιιε
543 4666 752 4721 homini
777 4665 1102 4720 amicissimo
1135 4612 1522 4723 ultimumqhoc
1553 4665 1773 4735 pietatis
1788 4664 2020 4719 officium
2052 4681 2211 4734 prse-

453 4801 516 4868 2)
568 4801 664 4860 Sic
713 4801 935 4856 omnino
979 4800 1275 4872 hamdan.
1364 4799 1579 4871 Siqlum
1625 4800 1841 4857 amri
1884 4816 2052 4871 quum
2099 4801 2212 4871 ipa·

237 4871 575 4941 Misnya-0
608 4869 834 4938 difficile
867 4870 1007 4926 lecta
1055 4869 1332 4926 videretur
1364 4876 1529 4926 dian
1555 4886 1657 4940 per
1692 4871 1913 4937 litera-⁴53
1947 4875 2073 4925 octo
2108 4870 2207 4927 ad·

239 4944 487 5011 aer-ipsit.
532 4937 823 5009 Duplican
855 4954 1140 4994 numerus·
1172 4955 1285 4995 nou
1318 4939 1625 5010 inultique
1660 4938 1927 4995 seminus
1957 4939 2208 5008 seu-obsit.-

241 5019 378 5066 onte
415 5015 563 5066 octo.

451 5078 514 5148 3)
545 5078 622 5131 Et
664 5076 792 5131 huic
836 5075 1055 5145 quidam
1099 5091 1160 5129 se
1207 5075 1444 5131 libenter
1495 5080 1553 5131 et
1596 5093 1665 5130 ex
1700 5076 1880 5131 animo
1923 5076 2207 5146 ignoscere

241 5146 478 5214 dicebat,
528 5150 748 5217 optasse
793 5149 991 5212 tamen,
1037 5145 1085 5197 si
1129 5145 1213 5198 its
1243 5145 1361 5200 Deo
1395 5146 1572 5200 visum
1613 5146 1823 5214 fnisset,
1866 5146 1949 5200 illi
1984 5162 2205 5215 respon·

241 5218 395 5285 dere,
482 5233 609 5270 uum
652 5214 1008 5269 infirmiorum
1051 5229 1228 5283 cansa,
1281 5221 1397 5269 tum
1443 5219 1508 5268 ut
1550 5213 1866 5270 falsissimas
1913 5219 2104 5270 eontra
2146 5230 2207 5269 se

237 5282 851 5426 calumnsssffiefutaret
884 5281 1150 5352 (Sinala).

1953 427 2118 492 1562
2158 422 2578 494 NOVEMB.

4131 432 4260 497 586

2318 611 2670 679 erroribus.
2735 610 2954 698 Negat
2993 611 3245 680 coelum
3283 633 3427 682 esse
3468 615 3700 695 locum,
3743 615 4080 683 contendit
4118 638 4263 685 esse

2318 697 2577 782 ubique.
2675 698 2990 765 Affirmat
3052 698 3393 766 Christum
3470 701 3543 766 in
3617 701 3763 785 ipsa
3839 703 4262 786 conceptione

2317 784 2523 852 fuisse
2572 804 2730 850 mox
2794 783 3246 868 glorificatum,
3310 805 3386 853 ac
3441 785 3694 853 Christi
3755 806 3987 871 corpus
4049 787 4262 872 gloria

2317 872 2412 938 sio
2455 878 2756 937 evectum
2790 888 2989 954 supra
3008 877 3380 937 creaturam
3419 878 3495 938 ut
3535 872 3670 938 iam
3711 894 3845 939 non
3888 873 3976 939 sit
4016 871 4090 938 in
4123 873 4259 942 ullo

2317 955 2476 1037 loco,
2541 954 2657 1021 sed
2712 955 2910 1022 simul
2965 954 3226 1041 ubique,
3288 957 3559 1041 perinde
3601 962 3676 1024 ut
3731 957 4060 1027 divinitas.
4148 959 4260 1026 Ad

2319 1040 2811 1124 Schuenckfeldii
2874 1040 3113 1126 dogma
3174 1063 3441 1127 prorsus
3504 1042 3768 1111 accedit.
3862 1044 4261 1114 Comminis-

2316 1127 2487 1193 citur
2528 1127 2836 1193 mirificas
2878 1127 3161 1212 regulas,
3216 1149 3419 1212 quum
3463 1136 3722 1213 torquet
3772 1131 4148 1214 scripturas,
4192 1139 4263 1199 et

2315 1210 2795 1279 humanitatem
2867 1212 3119 1280 Christi
3184 1233 3317 1279 non
3381 1216 3606 1283 minus
3681 1216 3988 1283 obscurat
4061 1236 4260 1302 quam

2318 1296 2609 1365 Servdus
2665 1297 3096 1365 divinitatem.
3182 1300 3510 1367 Dominus
3562 1301 3949 1368 misereatur
3998 1303 4141 1370 eius
4193 1310 4261 1369 et

2315 1381 2550 1451 reddat
2590 1384 2651 1450 ei
2692 1385 2929 1452 oculos.

2487 1469 2710 1536 Vicini
2771 1471 2982 1537 nostri
3047 1471 3216 1537 mira
3279 1490 3431 1538 eum
3496 1472 3798 1556 patribus
3853 1472 4259 1541 Tridentinis

2315 1555 2587 1621 consilia
2651 1563 2955 1622 tractant.
3053 1556 3258 1622 Aiunt
3321 1565 3389 1623 et
3452 1557 3936 1643 Lotharinyium
3998 1561 4260 1627 venisse

2316 1641 2726 1708 Tridentum.
2754 1645 2805 1717 ⁵)
2890 1639 3183 1709 Dubium
3247 1664 3383 1709 non
3444 1649 3548 1709 est
3603 1644 3762 1728 quin
3823 1664 4006 1710 arma
4071 1643 4259 1712 nobis

2316 1726 2656 1793 inferenda
2709 1728 2843 1795 sint
2898 1748 3092 1812 quam
3150 1729 3438 1813 primum
3495 1730 3877 1797 conclusum
3932 1731 4131 1798 fuerit
4185 1732 4261 1797 in

2316 1813 2613 1892 concilio,
2657 1814 2788 1880 nisi
2821 1813 3129 1880 malimus
3163 1814 3423 1882 decreta
3456 1814 3649 1882 istius
3683 1815 3973 1882 adorare.
4037 1816 4260 1883 Vehe-

2315 1900 2666 1965 mentiores
2709 1907 2776 1966 et
2819 1899 3160 1967 celeriores
3203 1908 3399 1967 erunt
3439 1902 3498 1966 si
3531 1901 3807 1968 adversa
3837 1921 3991 1986 pars
4026 1902 4263 1970 vicerit

2314 1985 2386 2050 in
2410 1984 2649 2051 Gallia.
2712 1986 2960 2070 Magno
3003 2007 3155 2053 cum
3199 1985 3420 2054 dolore
3446 1987 3748 2053 audimus
3769 1986 4258 2073 Rothomagum

2314 2090 2461 2136 esse
2504 2079 2764 2154 captum
2793 2072 2851 2154 θ)
2895 2079 2962 2137 et
3017 2078 3271 2138 tantam
3326 2072 3569 2139 editam
3632 2080 3919 2157 stragem
3976 2075 4257 2157 piorum.

2313 2156 2652 2222 Mirantur
2713 2178 2940 2223 omnes
3005 2156 3163 2241 quid
3220 2158 3425 2245 Angli
3489 2157 3732 2225 faciant
3793 2165 3860 2224 et
3916 2158 4261 2226 Germani.

2313 2241 2511 2307 Vana
2565 2250 2666 2309 est
2718 2264 2867 2327 spes
2925 2264 3094 2328 quae
3135 2244 3363 2329 figitur
3414 2244 3488 2309 in
3542 2243 3931 2318 hominibus.
4020 2241 4262 2328 Spere-

2312 2347 2465 2394 mus
2521 2331 2592 2394 in
2645 2327 3009 2395 Dominum
3064 2336 3131 2395 et
3192 2328 3535 2397 indefessis
3597 2328 3904 2414 precibus
4006 2338 4263 2397 stamus

2315 2413 2639 2479 auxilium
2684 2416 2841 2481 eius.
2929 2414 3103 2482 Utut
3151 2436 3302 2482 suos
3345 2415 3520 2483 sinat
3560 2416 3862 2499 opprimi,
3990 2417 4120 2482 erit
4162 2424 4261 2482 ta-

2315 2519 2470 2565 men
2514 2499 2702 2567 nobis
2745 2501 2816 2565 in
2858 2506 3169 2585 tempore.

2489 2585 2627 2651 Diu
2691 2584 2909 2651 nullas
2974 2607 3014 2651 a
3078 2595 3193 2653 tua
3254 2586 3667 2653 humanitate
3731 2586 3956 2654 literas
4019 2587 4257 2672 accepi.

2316 2670 2505 2753 Quae
2547 2678 2625 2737 tu
2666 2693 2798 2738 non
2842 2672 3071 2738 scribis
3107 2670 3189 2738 de
3230 2673 3425 2739 rebus
3459 2672 3714 2757 gallicis
3757 2674 3993 2740 nescio.
4059 2671 4262 2757 Apud

2314 2779 2435 2823 nos
2480 2754 2798 2824 duntaxat
2841 2765 3246 2843 sparguntur
3285 2759 3564 2839 funesta,
3608 2760 3897 2825 maxime
3939 2778 3981 2823 a
4023 2760 4261 2826 vicinis

2317 2843 2604 2927 quinque
2652 2844 2869 2929 agicis,
2926 2844 3040 2927 qui
3102 2844 3350 2910 iactant
3408 2865 3479 2910 se
3544 2843 3820 2911 subinde
3884 2844 4110 2911 literas
4153 2863 4260 2910 ao-

2316 2930 2530 3013 cipere
2635 2951 2671 2996 e
2726 2948 2995 2995 suorum
3050 2930 3362 2997 victoriis.
3457 2931 3603 3015 Ego
3668 2949 3926 3014 semper
3988 2929 4260 2996 meliora

2316 3036 2507 3099 spero
2572 3022 2641 3082 et
2704 3021 2884 3084 certa
2926 3035 2966 3081 a
3019 3022 3085 3082 te
3147 3015 3375 3082 audire
3438 3016 3650 3100 cupio.
3730 3015 4004 3083 Utinam
4068 3013 4259 3082 nobis

2313 3101 2657 3168 restitutus
2700 3103 2812 3182 sis,
2855 3122 2940 3168 ne
2982 3110 3097 3167 tua
3137 3109 3350 3168 morte
3379 3121 3742 3169 moerorem
3783 3102 3974 3169 nobis
4016 3101 4261 3169 condu-

2313 3186 2516 3271 plices
2560 3195 2627 3254 et
2681 3187 3161 3255 intolerabilem
3205 3186 3457 3254 reddas.
3545 3187 3717 3255 Vale
3760 3209 3913 3255 cum
3955 3186 4260 3255 omnibus

2313 3273 2463 3356 piis,
2527 3294 2677 3342 cum
2733 3274 3091 3354 lammam,
3150 3272 3412 3341 Budaeo
3467 3280 3534 3339 et
3587 3274 3881 3341 caeteris.
3967 3274 4099 3342 Ubi
4161 3279 4263 3340 est

2316 3357 2498 3426 Besa
2540 3366 2765 3426 noster
2778 3358 2811 3423 7
2835 3359 2888 3447 ⁷)
2976 3360 3304 3426 Dominus
3358 3366 3662 3445 protegat
3717 3360 3905 3426 illum
3950 3369 4018 3426 et
4069 3362 4261 3427 bene·

2316 3444 2493 3511 dicat
2550 3445 2630 3511 ei.
2711 3445 2946 3531 Tiguri
2989 3448 3091 3513 22.
3136 3445 3529 3512 Novembris
3594 3449 3776 3512 1562.
3863 3446 4031 3512 Heri
4085 3466 4260 3512 com-

2312 3530 2530 3682 gletus
2574 3537 2675 3596 est
2716 3550 2929 3598 annus
2964 3551 3093 3614 quo
3115 3529 3370 3615 Marbyr
3410 3539 3638 3599 noster
3678 3531 3877 3599 rediit
3909 3552 3992 3597 ex
4016 3529 4255 3596 Gallia.

2369 3616 2627 3682 alutant
2670 3623 2736 3683 te
2777 3618 3030 3683 fratres.
3098 3615 3303 3684 Orate
3336 3638 3454 3701 pro
3488 3616 3693 3685 nobis.
3763 3617 3912 3684 Non
3945 3616 4170 3702 relegi.

3411 3753 3593 3820 'Puus
3634 3751 4084 3837 Bullingerus.

2515 4009 2572 4076 5)
2605 4008 2805 4066 Idibus
2826 4009 2970 4064 Noe.
3005 4008 3229 4067 &venit
3258 4023 3381 4064 cum
3412 4007 3767 4079 wepiscopis
3797 4007 4176 4066 &doctoribus
4207 4014 4259 4064 et

2310 4078 2388 4216 ἴα
2437 4080 2838 4203 ροηαιοῃωνὼῦίξ
2893 4078 3078 4135 obvios
3126 4078 3319 4136 habuit
3367 4078 3572 4149 kqatos
3614 4093 3803 4149 papae
3845 4084 3897 4134 et
3935 4076 4257 4148 principun

2516 4220 2578 4353 73
2613 4286 3041 4355 Arymtoram
3072 4285 3217 4340 ierat
3247 4284 3327 4340 ad
3358 4282 3686 4339 Andelotam
3719 4287 3772 4338 et
3804 4296 3927 4339 em
3959 4298 4023 4337 eo
4042 4281 4259 4338 Baecu-

2307 4359 2508 4421 ratum‚
2555 4360 2749 4424 postea
2791 4355 3076 4409 Aureliam
3121 4359 3293 4424 postr-
3342 4352 3490 4408 Non.
3525 4350 3671 4409 Noe.
3718 4351 3894 4418 (Hist.
3945 4351 4069 4408 eoel.
4128 4350 4255 4419 186)

2308 4423 2514 4480 ubido
2558 4421 3490 4493 tristisatoBotomaqn'csm'ou-es
3531 4423 3845 4488 facum.
3921 4419 4258 4491 Quudeia-

2305 4507 2432 4563 σερε
2464 4491 3023 4616 &inmutanda-39⁶1»
3055 4493 3177 4563 ipso
3213 4490 3440 4548 Calvino
3470 4491 3679 4561 scripta
3710 4489 3870 4558 intra
3902 4490 3981 4548 ad
4016 4488 4097 4545 14.
4121 4488 4257 4548 Dee.

2308 4568 2361 4619 et
2392 4577 2486 4632 ap.
2576 4577 2719 4617 aum.
2807 4602 2822 4616 .
2991 4575 3063 4617 ss.
