4850 6117
265 391 332 455 87
339 392 372 451 7

265 595 487 661 quoque
529 592 758 639 sumus
848 574 1199 657 ersequuti,
1258 574 1471 659 magis
1517 583 1714 658 atque
1756 573 1967 658 magis
2011 576 2172 639 iram

263 661 425 729 nobis
464 659 623 743 ipsis
663 660 732 722 in
779 594 885 724 die
928 659 1064 724 irae
1108 657 1505 745 colligentes.

409 743 617 811 Besae
660 746 868 811 nostri
915 744 1142 809 duram
1189 746 1594 828 provinciam
1640 754 1708 809 et
1749 755 1851 810 ter
1871 746 2174 811 miseram

262 841 478 900 sortem
501 829 925 907 vehementer
945 830 1140 895 etiam
1164 841 1360 915 atque
1381 831 1580 897 etiam
1616 829 1928 907 dolemus,
1975 851 2176 914 quum

261 918 461 1003 optimi
518 928 584 981 et
641 916 999 984 doctissimi
1058 917 1186 981 viri
1250 938 1381 982 non
1426 915 1863 984 aestimandos
1908 916 2179 995 labores,

261 1003 520 1079 sudores,
589 1002 874 1087 vigilias,
919 1001 1152 1080 taedia,
1199 1003 1725 1087 perturbationes
1761 1012 1830 1068 et
1871 1021 2178 1086 praesen-

261 1091 487 1156 tissima
528 1088 816 1173 pericula
861 1087 1052 1172 paulo
1098 1087 1480 1173 diligentius
1523 1088 1855 1155 nobiscum
1916 1097 2177 1172 reputa-

258 1196 412 1242 mus:
455 1195 685 1240 verum
730 1172 838 1240 ubi
886 1174 968 1240 ad
1012 1173 1198 1239 illum
1242 1175 1351 1240 cui
1391 1175 1507 1240 uni
1528 1173 1770 1239 militat
1793 1175 2043 1240 animos
2078 1183 2178 1239 at-

260 1261 541 1339 tollimus,
607 1269 749 1325 tum
809 1280 965 1326 vero
1019 1270 1249 1343 terque
1314 1268 1670 1344 quaterque
1715 1260 1961 1326 felicem
2009 1259 2180 1324 iudi-

258 1367 475 1425 camus,
544 1345 714 1430 quod
774 1368 921 1411 cum
982 1354 1209 1413 sancto
1252 1346 1543 1430 apostolo
1586 1345 1864 1412 electum
1908 1346 2178 1411 Domini

259 1451 554 1517 organum
615 1430 975 1499 destinatus
1020 1432 1272 1499 Christi
1330 1453 1569 1498 nomen
1614 1452 1828 1498 coram
1875 1431 2181 1518 gentibus

257 1530 313 1583 et
353 1517 611 1602 regibus
653 1528 889 1602 portat,
933 1519 1041 1586 cui
1086 1519 1280 1584 etiam
1327 1526 1477 1602 post
1512 1516 1912 1584 decertatum
1935 1517 2178 1583 bonum

257 1613 569 1670 certamen
612 1613 681 1668 et
723 1612 1243 1671 consummatum
1293 1625 1563 1671 cursum
1604 1613 2061 1687 servatamque
2104 1604 2182 1669 fi-

257 1689 389 1756 dem
427 1689 718 1756 iustitiae
754 1710 995 1757 corona
1052 1692 1131 1756 ab
1197 1712 1273 1755 eo
1317 1692 1428 1774 qui
1472 1692 1684 1756 iustus
1726 1697 1827 1756 est
1869 1690 2068 1755 iudex
2112 1689 2182 1753 in

255 1775 354 1841 illo
392 1773 493 1841 die
536 1774 715 1842 haud
760 1774 956 1841 dubie
979 1775 1301 1842 reddetur.
1372 1776 1574 1841 Faxit
1608 1784 1830 1841 autem
1855 1774 2181 1854 Christus,

256 1870 320 1926 ut
357 1871 419 1926 et
455 1861 583 1945 ipsi
606 1859 848 1927 Bonam
881 1870 1176 1927 nostrum
1223 1884 1297 1927 su
1384 1862 1543 1926 ratis
1587 1860 1676 1926 ali
1718 1860 1936 1927 uando
1970 1862 2184 1927 omni·

253 1948 361 2012 bus
399 1948 544 2012 istis
589 1946 1083 2013 difficultatibus
1126 1960 1193 2011 et
1235 1950 1297 2013 fe
1327 1948 1510 2013 ‘citer
1552 1968 1670 2013 con
1705 1947 1864 2014 ectis
1907 1948 1976 2011 in
2021 1945 2183 2013 Gal-

253 2031 334 2098 lia
370 2033 652 2118 negotiis
697 2032 1001 2099 reducem
1056 2032 1281 2099 videre
1321 2041 1389 2099 et
1432 2033 1688 2099 salvum
1735 2032 1923 2098 nobis
1965 2031 2186 2098 reddi-

253 2132 378 2184 tum
440 2118 762 2203 gratulari
817 2120 1157 2202 possimus.
1245 2120 1366 2198 Tu,
1412 2119 1505 2184 mi
1546 2116 1996 2186 colendissimo
2044 2116 2186 2184 Gal-

253 2206 398 2282 vine,
433 2204 549 2271 ubi
585 2204 666 2271 ad
702 2227 853 2270 eum
891 2203 1140 2283 scribis,
1174 2226 1320 2270 mea
1354 2206 1554 2270 etiam
1593 2206 1733 2271 vioe
1767 2226 1963 2288 quam
2000 2214 2185 2287 potes

253 2298 536 2356 amanter
580 2289 866 2357 officiose
909 2302 1408 2374 reverenterque
1454 2292 1666 2375 ipsum
1710 2290 1940 2368 saluta,
1996 2290 2183 2357 cuius

253 2396 580 2460 nunquam
626 2398 756 2441 non
800 2376 1204 2443 mentionem
1248 2378 1316 2442 in
1404 2378 1662 2446 recibus
1705 2378 1947 2441 nostris
2008 2373 2183 2460 apud

251 2462 596 2528 Dominum
644 2462 937 2541 facimus,
983 2472 1058 2528 ut
1097 2483 1311 2528 sermo
1336 2399 1586 2530 (ghristi
1609 2471 1831 2530 currat
1875 2472 1942 2527 et
1983 2461 2183 2546 glori-

250 2548 481 2627 ficetur,
526 2548 825 2632 quodque
868 2550 1076 2632 ipsius
1117 2549 1481 2615 ministerio
1518 2549 1856 2632 plantatur
1899 2555 1965 2612 et
2008 2547 2182 2631 riga-

253 2644 353 2697 tur
392 2635 670 2700 coeleste
712 2655 787 2700 ac
830 2634 1343 2717 copiosissimum
1367 2635 1642 2718 accipiat
1682 2636 2182 2714 incrementum,

251 2728 438 2802 utque
483 2719 800 2804 eripiatur
843 2716 925 2784 ab
970 2719 1267 2786 absurdis
1311 2730 1376 2784 et
1418 2722 1745 2805 perversis
1789 2719 2181 2799 hominibus,

251 2814 316 2868 ut
354 2804 525 2888 quod
567 2806 736 2885 facit,
791 2806 861 2871 in
917 2813 1106 2871 tanta
1147 2805 1437 2872 fidelium
1481 2814 1549 2872 et
1591 2804 2013 2890 prudentium
2056 2804 2180 2869 mi·

248 2891 597 2957 nistrorum
641 2890 892 2958 Christi
949 2891 1243 2976 penuria,
1306 2914 1501 2975 quam
1559 2891 1922 2958 diutissime
1965 2891 2178 2957 faciat.

248 2975 422 3043 Bene
465 2977 633 3055 vale,
690 2978 895 3045 amice
938 2980 1030 3042 mi
1075 2977 1661 3045 observandissime
1702 2978 1768 3043 in
1814 2976 2095 3043 Domino
2117 2984 2183 3041 et

247 3063 571 3129 carissime
613 3065 832 3129 frater.
900 3064 1207 3130 Ohristus
1250 3064 1435 3130 Iesus
1477 3073 1541 3129 te
1584 3065 1770 3130 nobis
1814 3085 1854 3130 a
1894 3062 2183 3128 febribus

246 3147 381 3213 istis
446 3149 703 3217 medica
758 3171 878 3215 sua
934 3166 1001 3216 et
1057 3150 1429 3217 felicissima
1482 3171 1686 3216 manu
1745 3163 2049 3217 curatum
2107 3168 2182 3214 ac

246 3233 431 3315 plane
474 3255 709 3302 sanum
754 3247 820 3302 et
885 3237 1277 3303 incolumem
1324 3236 1629 3301 restituat
1671 3255 1746 3301 ac
1786 3235 2182 3318 praesentis·

248 3320 401 3385 simo
444 3341 568 3387 suo
609 3323 883 3387 numine
926 3342 1185 3405 semper
1242 3322 1359 3388 tibi
1402 3324 1471 3387 in
1516 3343 1636 3387 sua
1678 3322 1873 3386 vinea
1917 3330 2181 3386 strenue

244 3404 562 3472 laboranti
624 3407 798 3473 adsit
859 3417 1324 3490 aeternumque
1388 3418 1455 3472 te
1518 3415 1751 3475 servet.
1863 3406 2184 3472 Salveant

246 3499 559 3576 quotquot
598 3493 745 3560 istic
787 3502 945 3559 sunt
987 3495 1191 3559 nostri
1234 3494 1303 3559 in
1323 3492 1611 3559 Domino
1645 3500 1957 3570 amantes,
2002 3513 2181 3576 sym-

247 3588 493 3677 mystae
557 3580 859 3662 inprimis
924 3600 1074 3645 cum
1116 3579 1264 3645 Oos.
1313 3580 1548 3646 Romo.
1631 3576 2035 3645 Commendo
2077 3596 2182 3642 me

283 3661 362 3728 iis
403 3685 482 3732 ac
533 3664 834 3731 fidelibus
877 3665 1117 3730 vostris
1175 3666 1348 3749 apud
1390 3665 1747 3731 Dominum
1792 3663 2183 3747 patrociniis.

277 3754 491 3816 terum
536 3750 696 3817 vale.
782 3749 1113 3830 Vituduri,
1158 3757 1217 3816 4.
1264 3752 1530 3835 Aprilis,
1579 3771 1707 3834 quo
1750 3750 1856 3815 die
1898 3751 1971 3814 in
2011 3749 2183 3815 hanc

245 3834 471 3900 mundi
515 3836 726 3901 lucem
784 3858 958 3903 anno
1022 3840 1183 3902 1492
1249 3837 1464 3904 editus
1520 3859 1685 3915 sum,
1743 3837 1876 3902 iam
1921 3843 2182 3919 septua-

246 3920 428 4002 ginta
485 3942 691 3987 annos
749 3932 973 3988 natus:
1041 3923 1211 4007 quod
1275 3924 1600 4008 reliquum
1656 3933 1756 3988 est
1798 3922 1973 3987 vitae
2015 3920 2184 3985 mihi

245 4004 345 4072 hic
389 4008 925 4075 transmittendae
970 4029 1127 4074 vere
1171 4010 1388 4074 vitalis
1431 4009 1605 4076 vitae
1641 4017 1833 4074 autor
1874 4007 2183 4074 Christus

247 4090 335 4157 sic
377 4093 754 4161 moderetur
797 4102 865 4161 et
908 4094 1152 4177 dirigat
1193 4102 1270 4161 ut
1313 4095 1396 4161 ad
1439 4096 1613 4163 hanc
1656 4116 1762 4161 me
1812 4092 2184 4177 propediem

247 4180 561 4261 propitius
604 4181 895 4264 recipiat.
986 4184 1087 4245 An
1096 4203 1180 4246 no
1233 4186 1410 4245 1562.

1117 4780 1315 4851 3765.

427 4950 844 5019 SENATUS
888 4950 1404 5020 LUOOENSIS
1447 4950 2002 5019 GENEVENSI.

417 5124 761 5206 Affirmant
803 5146 867 5191 se
907 5147 1022 5192 suo
1071 5126 1213 5189 iure
1264 5144 1410 5189 usos
1460 5144 1654 5205 quum
1708 5124 1969 5190 odiam
2023 5121 2187 5188 illud

250 5214 463 5274 watra
479 5211 725 5278 rebelles
753 5211 1291 5294 promulyavem‘nt
1329 5230 1525 5292 neque
1567 5211 1690 5276 alii
1729 5210 2010 5290 cuipiam
2047 5228 2185 5274 cort·

251 5311 524 5361 mauros
562 5303 632 5362 ut
671 5299 810 5363 suis
851 5297 1035 5362 rebus
1074 5316 1142 5361 se
1181 5297 1584 5362 anon-imant.

1973 385 2142 453 ιω
2179 324 2488 454 nnn..

4099 394 4225 459 3⁷8

2356 570 2652 639 (Archives
2687 571 2757 626 de
2792 570 3027 627 Geneve.
3097 572 3288 628 Pisces
3322 573 3668 644 historiques.
3740 574 3925 630 Lissse
3965 575 4142 643 1722.)

2278 742 2624 810 Nobilibus
2677 764 2754 809 ac
2802 744 3172 828 magnificis
3212 742 3520 811 Dominis
3565 744 3869 811 Dominis
3914 744 4223 832 Syndicis

2496 849 2571 893 ac
2615 827 2893 896 Senatui
2938 829 3320 896 Genevensi
3364 830 3550 897 nobis
3592 830 4008 898 honorandis.

2453 1000 2790 1084 Magnifici
2859 998 3150 1067 Domini.
3260 1002 3525 1069 Literae
3606 1011 3853 1069 vestrae
3887 1007 3938 1086 ¹)
4014 1004 4224 1089 pridie

2279 1085 2620 1154 Kalendas
2677 1085 2908 1151 Martii
2963 1090 3087 1152 scri
3138 1096 3244 1153 tae
3301 1089 3487 1155 nobis
3531 1088 3763 1155 allatae
3808 1090 4092 1169 fuerunt,
4154 1093 4221 1157 in

2281 1171 2516 1257 quibus
2557 1171 2974 1256 expostulare
3016 1194 3101 1237 no
3149 1174 3351 1239 iseum
3398 1175 3711 1241 videmini
3766 1174 3846 1240 de
3900 1175 4109 1242 edicto
4152 1180 4222 1242 in

2280 1270 2542 1324 nostros
2586 1256 2863 1324 rebelles
2905 1260 3019 1342 qui
3063 1280 3202 1326 sese
3244 1260 3316 1325 in
3362 1269 3651 1327 vestram
3696 1261 3920 1328 urbem
3968 1283 4224 1348 recepe-

2279 1351 2441 1410 runt
2483 1342 2676 1409 edito.
2763 1342 2915 1425 Qua
2957 1366 3040 1410 ex
3085 1364 3156 1410 re
3201 1346 3492 1411 maxima
3546 1367 3773 1413 sumus
3816 1348 4029 1414 affecti
4087 1370 4225 1415 mo—

2280 1429 2492 1508 lestia,
2538 1450 2740 1513 quum
2783 1430 2972 1496 nobis
3015 1430 3222 1497 simus
3265 1432 3507 1498 conscii
3551 1453 3886 1517 nunquam
3933 1435 4224 1518 proposi-

2280 1526 2427 1582 tum
2465 1515 2649 1582 nobis
2690 1515 2889 1582 fuisse
2931 1523 3008 1581 ut
3043 1516 3149 1582 vel
3183 1540 3266 1583 ex
3301 1536 3378 1582 eo
3402 1514 3658 1583 decreto
3681 1518 3787 1583 vel
3831 1518 3958 1584 alio
4000 1529 4224 1586 nostro

2281 1602 2455 1668 facto
2501 1601 2884 1687 dignitatem
2930 1623 3006 1667 ac
3046 1602 3562 1669 iurisdictionem
3604 1612 3889 1670 vestram
3938 1604 4225 1672 laedere-

2283 1708 2453 1765 mus,
2510 1696 2629 1753 aut
2673 1687 2983 1772 principis
3026 1688 3404 1774 cuiuspiam,
3464 1687 3578 1755 sed
3622 1701 3698 1754 ut
3740 1692 4226 1758 consuleremus

2283 1773 2766 1840 conservationi
2825 1774 3111 1840 civitatis
3166 1796 3240 1840 ac
3294 1774 3614 1841 libertatis
3671 1783 3932 1841 nostrae
3950 1829 3965 1854 ,
4033 1788 4227 1862 atque

2283 1860 2819 1944 prospiceremus,
2875 1866 2943 1924 et
2995 1860 3076 1926 iis
3120 1881 3603 1927 occurreremus
3646 1868 3840 1944 atque
3884 1864 4228 1930 obsistere-

2282 1965 2435 2011 mus
2479 1943 2711 2030 quibus
2750 1965 2827 2011 ea
2872 1944 3125 2011 turbari
3169 1955 3235 2012 et
3277 1945 3656 2013 labefactari
3694 1958 3928 2030 posset.
3998 1949 4227 2033 Neque

2287 2053 2442 2096 vero
2486 2031 2674 2099 nobis
2717 2026 3031 2097 videmini
3088 2032 3289 2097 ullam
3350 2031 3655 2099 habuisse
3696 2053 3961 2099 causam
4006 2034 4227 2101 nobis-

2285 2139 2434 2182 cum
2490 2116 2978 2199 expostulandi,
3038 2138 3239 2201 quum
3295 2114 3364 2181 id
3407 2139 3446 2183 a
3489 2116 3673 2184 nobis
3729 2119 3971 2186 factum
4030 2122 4228 2187 fuerit

2328 2202 2456 2267 uod
2513 2202 2656 2267 iure
2715 2222 2832 2268 suo
2887 2202 3229 2286 Principes
3286 2225 3509 2271 omnes
3567 2224 3642 2268 ac
3699 2204 3914 2288 Reges
3971 2228 4230 2290 semper

2313 2288 2560 2354 scerint
2603 2298 2670 2352 et
2703 2287 2994 2371 quotidie
3034 2288 3278 2355 faciant
3321 2290 3390 2353 in
3425 2310 3577 2355 suos
3612 2291 3789 2356 cives
3823 2301 3891 2356 et
3930 2291 4227 2358 subditos

2284 2372 2520 2457 ubique
2566 2374 2872 2440 locorum.
2967 2372 3172 2440 Vobis
3215 2384 3430 2440 autem
3491 2374 3650 2441 illud
3711 2377 3798 2440 sit
3885 2399 4225 2445 ersuasum

2285 2480 2404 2524 nos
2446 2460 2669 2543 pravis
2712 2480 2786 2524 ac
2830 2481 2962 2524 non
3009 2459 3294 2524 ferendis
3351 2462 3641 2543 ipsorum
3683 2463 3840 2529 rebe
3896 2462 4027 2528 ‘um
4074 2466 4227 2529 acti-

2285 2546 2407 2611 bus
2466 2545 2693 2611 habita
2747 2545 3003 2611 ratione
3059 2545 3550 2629 tranquillitatis
3595 2557 3663 2614 et
3717 2550 4228 2617 conservationis

2284 2630 2676 2714 reipublicae
2742 2639 3002 2698 nostrae
3068 2630 3134 2696 id
3197 2632 3443 2699 fecisse.
3548 2632 3771 2713 Quare
3836 2655 4035 2718 quum
4104 2636 4227 2701 hoc

2282 2724 2578 2782 nostrum
2625 2718 2867 2783 factum
2910 2725 3045 2782 tam
3089 2738 3368 2801 aequum
3415 2718 3518 2797 sit,
3575 2739 3695 2785 nec
3747 2717 3811 2784 id
3855 2719 4143 2786 alienum
4190 2741 4230 2785 a

2285 2800 2606 2887 dignitate
2650 2812 2891 2881 nostra,
2947 2824 3081 2869 non
3141 2803 3510 2871 dubitamus
3568 2805 3723 2889 quin
3786 2828 3900 2872 vos
3958 2808 4225 2890 (quippe

2284 2889 2395 2972 qni
2431 2888 2751 2954 iustitiam
2785 2889 3212 2973 profitemini)
3249 2891 3318 2956 in
3352 2889 3590 2956 bonam
3625 2898 3878 2975 partem
3912 2892 4037 2959 hoc
4073 2912 4225 2958 nos-

2286 2985 2460 3039 trum
2507 2973 2839 3041 decretum
2895 2975 3228 3059 accipiatis
3281 2984 3347 3042 et
3389 2997 3465 3043 eo
3509 2976 3945 3061 acquiescatis,
4005 2977 4226 3043 habito

2283 3060 2668 3144 praesertim
2722 3061 2959 3126 harum
3011 3062 3351 3128 literarum
3409 3063 3781 3129 testimonio
3825 3061 3994 3147 quod
4050 3063 4226 3148 apud

2284 3167 2405 3211 vos
2465 3167 2611 3212 eam
2670 3146 2868 3212 fidem
2925 3147 3303 3214 habiturum
3347 3146 3733 3215 confidimus
3791 3169 3982 3233 quam
4028 3150 4227 3215 Prin-

2285 3232 2463 3315 cipes
2499 3230 2683 3298 decet
2725 3240 2791 3298 et
2833 3233 3234 3318 respublicas
3279 3235 3450 3300 inter
3483 3255 3571 3313 se,
3616 3241 3685 3300 et
3718 3254 3908 3319 quam
3947 3256 4068 3302 nos
4101 3236 4229 3319 ipsi

2284 3319 2660 3384 testimonio
2718 3327 2937 3387 vestro
2995 3318 3470 3400 adhiberemus,
3537 3328 3731 3405 atque
3788 3321 3868 3387 iis
3926 3322 4229 3387 omnibus

2285 3405 2839 3487 acquiesceremus
2903 3406 2972 3470 in
3038 3406 3273 3489 quibus
3353 3408 3760 3473 conservatio
3825 3417 3892 3471 et
3966 3405 4228 3474 libertas

2282 3490 2677 3574 reipublicae
2711 3502 2967 3558 vestrae
3001 3494 3402 3559 consisteret.
3459 3492 3647 3558 Deus
3680 3502 3810 3575 opt.
3836 3514 4005 3558 max.
4028 3514 4226 3576 quam

2284 3574 2651 3643 diutissime
2693 3599 2811 3644 vos
2855 3590 3212 3645 conservet.
3294 3577 3541 3644 Datum
3591 3580 3658 3643 in
3702 3587 3924 3644 nostro
3967 3579 4225 3644 Palatio

2283 3660 2493 3744 pridie
2536 3661 2762 3730 Nonas
2808 3664 3053 3748 Aprilis
3097 3664 3256 3729 MD.
3295 3665 3430 3749 lxij.

2966 3799 3238 3865 Antiani
3283 3813 3351 3866 et
3391 3802 3719 3867 vexillifer
3759 3800 4055 3866 Iustitiae

2945 3886 3167 3969 populi
3215 3889 3701 3953 communitatis
3743 3887 4081 3953 Lucensis.

2288 4054 2551 4121 moal)
2587 4055 2665 4111 N.
2700 4053 2857 4110 8725.
2896 4084 2964 4095 -—·
3003 4055 3225 4111 Ructat
3262 4056 3347 4109 vl.
3380 4056 3514 4111 463:
3561 4058 3630 4112 Je
3666 4058 3768 4110 n'si
3814 4072 3913 4126 pas
3946 4056 4137 4111 trouve
4176 4058 4227 4108 la

2287 4124 2429 4178 snite
2465 4124 2535 4178 de
2568 4130 2714 4179 cette
2748 4125 2951 4179 affairs.
3023 4126 3163 4181 Mais
3197 4125 3235 4177 il
3262 4142 3299 4195 y
3322 4142 3355 4177 a
3387 4127 3496 4180 lieu
3532 4127 3597 4181 de
3632 4126 3807 4180 croire
3837 4141 3943 4194 que
3976 4126 4028 4178 la
4059 4126 4227 4178 lettre

2288 4194 2361 4247 du
2396 4195 2481 4246 roi
2515 4194 2585 4247 de
2617 4193 2831 4249 France
2866 4200 2925 4248 et
2956 4194 3091 4248 celle
3125 4194 3193 4247 de
3222 4193 3399 4248 Berne
3433 4194 3799 4265 produisirent
3834 4196 3952 4248 leur
3987 4193 4131 4249 effet.
4160 4224 4225 4233 —-

2288 4261 2447 4317 Haec
2480 4277 2608 4318 vero
2641 4262 2888 4332 epistola,
2930 4264 3073 4317 siant
3118 4270 3166 4317 et
3212 4263 3311 4316 illa
3355 4279 3520 4334 qaam
3565 4263 3928 4318 exhibebamus
3961 4263 4117 4327 infra
4149 4263 4230 4316 ad

2288 4328 2375 4384 25.
2415 4330 2542 4386 Iun.
2577 4331 2867 4387 ostendunt
2909 4330 3089 4386 virum
3123 4329 3338 4386 doctum
3378 4334 3440 4386 in
3484 4333 3582 4387 hoc
3615 4347 3847 4387 masse.
3885 4360 3950 4370 —
4189 4332 4229 4384 d

2286 4399 2337 4522 ἱ,
2603 4408 2653 4454 et
2685 4400 2763 4455 1oe
2795 4399 3187 4455 Barlamaedu'
3214 4415 3271 4468 p.
3307 4398 3452 4469 200),
3487 4401 3627 4456 πίλα
3657 4401 3822 4470 affert
3851 4406 4071 4469 pram
4103 4401 4234 4455 hoc.-

2339 4486 2371 4520 s
2468 4485 2638 4537 ponse
2671 4471 2747 4522 du
2780 4469 2936 4522 senat
2967 4470 3231 4539 lucquois,
3263 4469 3443 4536 pleine
3476 4469 3545 4522 de
3580 4469 3804 4539 phrases
3840 4470 4139 4523 courtoises
4174 4476 4232 4523 et

2289 4553 2532 4602 sonores,
2568 4538 2742 4591 trahit
2772 4538 3086 4592 l’embsrras
3121 4537 3278 4592 d’une
3324 4537 3577 4591 conduite
3621 4554 3747 4593 sans
3779 4539 4086 4593 conviction
4124 4555 4231 4608 que

2288 4621 2358 4658 ne
2393 4605 2636 4670 legitime
2670 4623 2768 4675 pas
2801 4607 2976 4660 meme
3019 4608 3076 4659 la
3116 4606 3333 4676 passion
3369 4606 3442 4659 du
3476 4613 3735 4663 moment.
3809 4606 3904 4660 Ex
3939 4608 4137 4678 quibus
4171 4615 4228 4660 tu

2283 4673 3661 4741 romeoncomiamadssernmoemwmes
3702 4677 4229 4734 alimmntaenoen

2286 4745 2558 4879 actam.
2650 4743 2809 4797 Masi
2849 4742 2914 4811 (I
2946 4742 3339 4799 Barlamacch‘
3382 4760 3436 4813 p.
3473 4744 3541 4798 91
3578 4746 3684 4817 sq.)
3716 4746 3782 4799 de
3827 4748 3977 4800 exitu
4034 4760 4232 4799 causae

2287 4811 2428 4866 niht‘l
2538 4819 2636 4865 ert.
