4850 6117
247 391 360 457 698

404 574 628 653 Vides,
697 575 943 659 optime
984 574 1211 652 frater,
1278 595 1590 659 quorsum
1657 572 1906 641 redacti
1970 574 2177 641 simus

245 664 430 729 unius
472 660 758 727 bominis
797 661 1089 727 levitate.
1181 661 1403 727 Potuit
1458 661 1635 726 enim
1689 659 1871 726 nullo
1914 661 2177 745 negotio

244 747 538 831 consequi
596 753 674 812 ut
727 747 991 832 Regina
1063 745 1147 812 ad
1204 747 1528 830 quaslibet
1590 744 2001 813 conditiones
2066 745 2178 814 de-

245 833 589 903 scenderet.
676 831 932 898 Verum
994 832 1167 899 ultro
1210 853 1281 898 se
1334 831 1417 899 ad
1475 831 1805 916 quaelibet
1866 831 2180 916 obsequia

245 917 558 986 serviliter
600 919 956 1002 prostituit.
1046 918 1109 985 Ν
1112 940 1238 985 000
1281 918 1478 984 auxie
1522 925 1977 1001 exspectamus
2022 918 2179 1001 quid

244 1006 529 1071 futurum
572 1005 677 1071 sit.
777 1005 992 1071 Valde
1033 1006 1209 1071 enim
1254 1003 1529 1070 timendi
1574 1009 1729 1071 sunt
1769 1012 1986 1069 motus
2009 1008 2064 1084 ⁸)
2106 1005 2180 1069 in

243 1091 467 1174 quibus
487 1089 815 1170 sedandis,
850 1090 1060 1174 quoad
1083 1099 1323 1174 potero,
1368 1089 1668 1156 laborare
1699 1109 1832 1155 non
1867 1090 2176 1156 desinam.

245 1176 448 1242 Simul
492 1196 567 1242 ac
610 1197 912 1243 reversus
950 1177 1148 1244 fuerit
1200 1176 1399 1255 Besa,
1459 1195 1623 1259 quae
1679 1176 1892 1260 magis
1949 1196 2179 1242 recon-

245 1264 370 1328 dita
410 1270 567 1332 sunt
609 1262 954 1347 intelliges,
1057 1263 1401 1329 Nemorsus
1442 1263 1606 1329 febri
1652 1263 1960 1328 continua
2003 1262 2179 1328 labo-

244 1357 341 1414 rat
380 1348 784 1433 gravissime,
807 1351 864 1432 ⁹)
909 1356 986 1415 ut
1026 1348 1260 1415 medici
1305 1348 1385 1414 de
1428 1349 1569 1414 vita
1612 1346 1974 1432 desperent.
2057 1346 2180 1414 Se-

245 1436 547 1500 cretarius
593 1436 758 1518 regii
800 1434 1018 1519 legati,
1064 1435 1173 1517 qui
1219 1433 1392 1519 apud
1439 1433 1881 1518 Oenipontem
1908 1434 1995 1516 ¹⁶)
2040 1440 2183 1499 erat

245 1542 431 1603 quum
474 1520 633 1586 illuc
688 1521 871 1586 venit
919 1519 1307 1599 cardinalis,
1357 1521 1533 1585 inter
1574 1520 1898 1586 solemnes
1952 1518 2180 1604 epulas

244 1606 391 1671 dicit
450 1607 650 1672 fuisse
730 1607 1118 1691 productum
1186 1606 1455 1673 calicem
1532 1606 2050 1673 vetustissimum
2116 1613 2183 1669 et

243 1691 420 1757 valde
484 1691 815 1776 patulum,
881 1694 952 1757 in
1019 1713 1144 1776 quo
1222 1692 1548 1776 insculpta
1612 1698 1804 1758 erant
1867 1691 2179 1768 carmina,

243 1799 391 1861 quae
435 1787 731 1844 nostram
778 1779 858 1844 de
900 1799 1087 1845 sacra
1128 1798 1334 1845 coena
1373 1777 1735 1844 doctrinam
1769 1778 2176 1856 confirmant,

249 1876 308 1929 et
350 1863 753 1931 Garamam
808 1864 922 1930 1110
967 1864 1336 1948 spectaculo
1401 1864 1587 1947 quasi
1647 1864 1998 1929 attonitum
2066 1860 2180 1928 diu

244 1950 601 2016 haesitasse.
691 1950 879 2028 Vale,
928 1950 1290 2017 clarissime
1333 1952 1439 2016 vir
1482 1959 1550 2016 et
1590 1949 1751 2015 mibi
1797 1947 2178 2015 honorande

243 2034 452 2101 frater.
509 2037 594 2101 In
638 2037 1059 2103 festinatione
1091 2035 1410 2103 memoria
1442 2035 1663 2119 lapsus
1697 2035 1968 2115 fueram,
2012 2034 2178 2099 mihi

243 2122 514 2187 redditas
594 2127 737 2188 esse
815 2123 937 2188 hoc
1003 2121 1199 2188 biduo
1264 2123 1449 2188 binas
1515 2122 1630 2187 abs
1695 2131 1759 2187 te
1822 2120 2065 2200 literas,
2090 2119 2176 2204 ¹¹)

246 2226 505 2290 quarum
550 2208 776 2275 alteris
833 2208 1123 2275 adiuncti
1181 2217 1373 2274 erant
1424 2208 1577 2273 libri
1639 2206 1720 2273 de
1770 2206 2003 2290 quibus
2057 2205 2175 2271 tibi

244 2294 471 2375 gratias
514 2314 658 2378 ago.
765 2292 1172 2379 Symmystis
1226 2293 1544 2373 omnibus,
1593 2292 1745 2359 filiis
1803 2300 1871 2358 et
1917 2291 2176 2375 generis

242 2379 502 2444 multam
550 2380 834 2446 salutem
878 2401 1124 2465 precor.
1169 2380 1498 2446 Dominus
1540 2400 1658 2445 vos
1692 2399 1917 2445 omnes
1961 2386 2175 2445 servet

242 2464 603 2532 incolumes.
695 2466 1010 2532 Genevae
1065 2469 1124 2534 8.
1182 2466 1431 2551 Aprilis
1492 2469 1670 2531 1563.
1758 2464 2070 2531 Salutant
2111 2472 2175 2528 te

242 2551 510 2703 willzlegae
544 2553 677 2619 mei
723 2561 792 2618 et
834 2553 1027 2619 amici
1070 2573 1296 2619 omnes
1317 2551 1490 2618 inter
1524 2571 1687 2637 quos
1708 2550 1999 2617 maxime
2024 2549 2173 2615 Ion-

241 2657 276 2700 v
344 2659 505 2704 aetas.

1134 2723 1418 2789 Ioannes
1462 2722 1785 2789 Calvinus
1828 2731 2002 2788 tuus.

999 3019 1406 3029 ································

1102 3236 1302 3307 393⁰.

530 3389 1181 3458 IONVILLAEUS
1227 3388 1863 3457 BULLINGERO.

403 3562 875 3645 Transseripsit
917 3563 1231 3628 lectionem
1277 3561 1530 3630 calvini
1570 3562 1639 3627 in
1661 3562 1949 3643 primum
1988 3566 2177 3643 caput

243 3642 571 3714 Ezechielis
620 3649 693 3713 in
734 3669 923 3713 usum
971 3648 1195 3714 Trecii.

243 3815 340 3880 <¹⁴³¹
373 3819 714 3943 1111111100
752 3819 1139 3955 0110010010-
1187 3817 1472 3942 mss}
1520 3818 1650 3942 101·
1676 3815 1822 3953 1061,

402 4043 783 4111 Clarissimo
829 4043 974 4109 viro
1019 4044 1102 4109 D.
1128 4043 1420 4110 Henrico
1443 4040 1829 4125 Bullingero
1866 4039 2174 4107 ecclesiae

246 4123 585 4279 Pssgzinae
645 4130 892 4215 pastori
935 4127 1308 4196 fidelissimo
1351 4125 1515 4193 mihi
1557 4125 2176 4295 plurimuffgglxer-

435 4419 493 4487 8)
528 4420 716 4491 Popel.
746 4421 788 4486 f.
822 4419 954 4473 360.-
999 4419 1128 4473 Oest
1173 4420 1318 4474 edict
1362 4420 1475 4474 fust
1519 4418 1727 4473 arreete
1761 4434 1893 4473 avec
1926 4417 2003 4470 tel
2038 4432 2175 4470 mes-

248 4490 637 4564 conteutement
672 4490 744 4543 (10
779 4491 978 4558 000010
1020 4487 1315 4555 d’Orleaus,
1361 4493 1578 4543 surtout
1622 4502 1822 4557 pource
1867 4485 2026 4556 qu'on
2063 4485 2171 4539 n'a-

251 4560 357 4607 voit
388 4558 610 4612 attendu
645 4559 697 4612 le
732 4564 920 4613 1·οωοι-
966 4558 1035 4611 (10
1068 4558 1332 4624 l’Amiral‚
1377 4573 1483 4627 que
1527 4557 1610 4610 les
1655 4556 1878 4621 soldats,
1924 4571 2032 4608 000
2076 4555 2173 4607 ob-

252 4629 385 4674 stant
414 4624 732 4682 l’executiou
769 4626 926 4696 qu’on
961 4626 1061 4680 seit
1095 4627 1165 4680 de
1201 4627 1459 4696 quelques
1494 4640 1613 4688 000,
1657 4640 1727 4679 00
1761 4628 1993 4694 peurent
2025 4628 2172 4677 estre

250 4696 452 4747 rotenus
485 4695 646 4765 qu’ils
678 4713 747 4750 00
782 4696 1160 4751 desmolissent
1202 4697 1255 4750 le
1302 4695 1485 4749 residu
1518 4694 1589 4749 de
1622 4695 1891 4763 plusieurs
1923 4693 2172 4760 temples.

253 4755 377 4811 Mais
408 4777 469 4833 sy
504 4780 638 4818 ceux
673 4764 728 4818 10
759 4766 874 4818 0’00
909 4765 1393 4819 malcontentoient
1408 4762 1675 4833 plusieurs
1709 4762 1806 4816 des
1825 4761 2172 4830 Catholiques

252 4840 312 4877 ΒΘ
343 4828 446 4882 s’en
482 4835 908 4888 tourmentoieut
940 4834 1116 4888 moins
1150 4839 1247 4889 etc.
1318 4832 1505 4901 Gomp.
1539 4831 1614 4886 11.
1643 4830 1688 4897 f.
1724 4830 1776 4884 2.
1810 4846 1862 4884 υ.

437 4899 497 4967 9)
524 4902 794 4958 Nemours
829 4904 923 4973 qui
955 4904 1107 4957 avoit
1147 4901 1263 4956 este
1297 4907 1609 4971 0000101001·
1657 4898 1750 4965 (de
1780 4898 1837 4953 la
1871 4897 2075 4965 &faite
2106 4897 2174 4954 de

252 4973 312 5015 θα
339 4969 524 5036 trouve
554 4987 631 5027 au
679 4972 958 5041 faubourq
992 4971 1050 5026 S.
1088 4970 1223 5027 Just
1254 4969 1322 5026 de
1355 4970 1520 5040 Lyon
1554 4970 1603 5025 lc
1636 4967 1685 5022 7.
1724 4967 1915 5036 Mars)
1945 4972 2174 5022 conceut

249 5029 312 5083 de
343 5037 452 5115 0010
481 5041 559 5093 tel
593 5041 881 5111 desplaisir
915 5039 1043 5110 qu'il
1079 5056 1146 5094 00
1182 5040 1342 5094 cuida
1373 5039 1583 5093 mourir
1618 5044 1676 5093 et
1722 5053 1791 5091 00
1834 5037 1918 5090 fut
1960 5036 2171 5092 malado

254 5116 312 5151 au
343 5103 435 5158 hct
505 5124 591 5162 res
623 5110 694 5164 de
729 5110 871 5165 deux
905 5111 1061 5163 mois.

409 5174 473 5229 10
528 5184 586 5231 at
618 5179 1021 5234 Bou-Pontsll
1074 5177 1357 5247 (Anytus.)

250 5301 375 5362 3915
406 5242 519 5366 131⁹)1
520 5253 903 5371 ἐωὲθὲῗαιυον
936 5264 1007 5302 m.
1047 5247 1263 5303 Martio
1308 5247 1545 5315 scriptas
1586 5245 1876 5300 habmus
1916 5241 1982 5294 N.
2019 5239 2173 5295 3913.

1980 388 2144 455 1568
2188 385 2488 456 APRIL.

4110 392 4241 455 691-

2454 575 2525 642 S.
2611 575 2836 657 Quum
2899 576 3123 643 literas
3176 583 3344 655 tuas,
3411 577 3515 642 vir
3576 577 3954 654 clarissime,
4019 574 4241 658 perle-

2281 662 2523 746 gissem
2568 683 2701 727 non
2748 662 2906 727 satis
2940 672 3329 746 assequutus
3365 684 3511 728 sum
3555 664 3773 728 statim
3857 660 3971 726 01(1
4006 661 4233 739 velles,

2283 747 2443 813 dum
2486 747 2651 813 101111
2694 748 2943 834 gratias
2986 751 3127 833 agis
3184 748 3354 832 quod
3400 749 3641 815 dictata
3683 749 3767 814 D.
3934 748 4069 812 vini
4112 767 4232 812 ex-

2281 833 2473 918 cipio,
2516 838 2584 899 et
2625 833 2708 900 ad
2752 854 2871 902 vos
2906 835 3114 901 mitto.
3161 835 3254 901 Et
3273 842 3448 901 certe
3481 835 3770 901 mirabar
3805 834 4238 900 vehementer

2282 940 2592 1003 quorsum
2636 928 2983 1005 spectares.
3059 919 3195 988 Sed
3239 921 3350 987 ubi
3393 921 3588 1005 paulo
3633 928 3779 1005 post
3822 919 4040 1002 accepi
4083 918 4235 983 lite-

2282 1027 2391 1073 ras
2456 1007 2662 1073 Trecii
2713 1007 2919 1073 nostri
2937 1058 2952 1083 ‚
3007 1007 3247 1090 quibus
3304 1007 3555 1072 nullam
3611 1006 4009 1073 mentionem
4075 1004 4237 1070 facit

2280 1090 2464 1156 illius
2506 1092 2735 1175 scripti
2778 1092 2950 1176 quod
3006 1093 3336 1172 miseram,
3397 1102 3554 1159 tunc
3611 1091 3872 1159 demum
3930 1091 4114 1157 venit
4155 1089 4236 1157 iu

2281 1187 2604 1257 mentem,
2670 1197 2778 1243 me
2841 1178 3099 1262 lapsum
3163 1180 3365 1246 fuisse
3419 1179 3625 1244 nimia
3680 1177 4099 1244 festinatione
4155 1176 4237 1241 iu

2282 1263 2727 1347 complicando
2772 1265 3098 1331 fasciculo.
3202 1265 3377 1330 Nam
3441 1286 3642 1348 quum
3702 1265 3963 1330 Trecius
4019 1262 4233 1327 literis

2282 1350 2420 1415 suis
2463 1370 2570 1415 me
2610 1351 2849 1417 obnixe
2893 1359 3202 1435 rogasset,
3248 1360 3322 1415 ut
3366 1352 3422 1417 si
3475 1349 3629 1434 quid
3674 1351 3758 1417 D.
3808 1349 4107 1416 Calvinus
4154 1349 4230 1413 in

2281 1436 2569 1518 primum
2616 1435 2770 1520 Cap.
2816 1436 3180 1503 Ezechielis
3242 1436 3654 1504 disseruisset
3686 1441 3734 1516 ¹)
3793 1436 3874 1501 de
3931 1434 4229 1518 personis

2283 1520 2542 1600 divinis,
2588 1522 2761 1605 quod
2794 1521 3065 1588 Polonis
3107 1524 3255 1589 usui
3300 1544 3443 1589 esse
3485 1531 3722 1606 posset,
3770 1520 3851 1587 ad
3892 1541 3964 1586 se
4005 1521 4228 1585 mitte·

2282 1628 2442 1684 rem,
2500 1609 2726 1673 curavi
2778 1609 3298 1686 exscribendum,
3353 1609 3523 1692 quod
3580 1608 3785 1673 00·ᾶο
3838 1628 3912 1672 re
3956 1627 4039 1671 ex
4083 1605 4226 1671 eius

2280 1692 2717 1776 praelectione
2761 1715 3241 1777 exceperamus,
3287 1707 3362 1760 ut
3422 1696 3630 1761 Treoii
3673 1693 3989 1760 desiderio
4032 1692 4227 1757 satis·

2281 1777 2579 1844 facerem.
2671 1779 2844 1861 Quia
2900 1802 3054 1846 vero
3112 1781 3353 1847 multas
3408 1780 3634 1846 literas
3678 1790 3745 1845 et
3786 1779 4026 1862 scripta
4069 1797 4228 1861 prae

2279 1863 2586 1929 manibus
2621 1864 2939 1932 habebam
2976 1888 3175 1949 quum
3211 1866 3595 1933 fasciculum
3631 1866 4011 1948 complicavi
4044 1863 4228 1929 sesti-

2279 1959 2535 2030 nanter,
2582 1952 2874 2033 suspicor
2917 1973 3018 2017 me
3061 1954 3373 2036 scriptum
3419 1950 3581 2017 illud
3625 1951 3836 2018 literis
3882 1951 4012 2016 tuis
4058 1957 4224 2014 atte-

2279 2037 2506 2103 xuisse
2549 2035 2719 2120 quod
2762 2037 3059 2105 volebam
3103 2039 3311 2104 literis
3360 2040 3565 2104 Trecii
3607 2036 3958 2103 involvere.

2453 2123 2765 2190 Genevae
2812 2128 2869 2189 5.
2914 2123 3074 2191 Idus
3117 2124 3372 2207 Aprilis
3426 2127 3608 2189 1563.

2880 2245 3031 2310 Oar.
3077 2244 3477 2310 Ionvillaeus
3522 2244 3617 2309 tui
3660 2241 4132 2309 observantis&

3155 2756 3356 2828 3931.

2674 2911 3342 2980 BULLINGERUS
3392 2909 3827 2978 GALVINO.

2455 3102 2727 3170 Polom'a
2767 3103 3059 3169 dissidiis
3098 3108 3156 3168 et
3183 3100 3542 3168 haeresibus
3573 3100 3837 3166 turbata
3862 3100 4001 3166 eius
4043 3099 4229 3165 auxi-

2278 3191 2438 3257 lium
2478 3190 2763 3272 requirit.
2858 3188 3066 3254 Simul
3103 3188 3252 3254 bello
3293 3208 3338 3254 a
3380 3186 3744 3253 Moscovitis
3785 3186 4122 3268 impetitur.

2279 3364 2392 3430 (Ex
2427 3361 2762 3431 autographo
2797 3361 2928 3415 cod.
2964 3360 3167 3415 Geuev.
3205 3358 3324 3429 114,
3357 3360 3449 3413 fol.
3485 3357 3571 3413 99.
3643 3357 3906 3428 Reperies
3953 3357 4118 3411 etiam
4165 3356 4225 3409 10

2275 3432 2408 3488 Cod.
2446 3431 2587 3498 1112,
2623 3431 2715 3488 fol.
2750 3428 2870 3485 237.
2938 3430 3146 3483 Beruae
3189 3428 3332 3498 Epp.
3370 3426 3458 3482 v1.
3511 3427 3645 3481 1116
3680 3435 3735 3483 et
3768 3445 3853 3496 ap.
3892 3424 4227 3493 Simlerum.)

2274 3604 2655 3672 Clarissimo
2713 3603 2855 3668 viro
2900 3601 2982 3666 D.
3027 3600 3260 3666 Ioanni
3302 3600 3602 3679 Calvino,
3649 3595 4058 3665 Genevensis
4111 3614 4219 3662 ec-

2274 3690 2506 3758 clesiae
2561 3688 2938 3755 fidelissimo
2990 3687 3262 3771 pastori,
3318 3686 3580 3752 domino
3636 3704 3781 3750 meo
3837 3679 4221 3748 honorando

2781 3782 2849 3839 et
2887 3773 3073 3838 fratri
3116 3772 3312 3857 longe
3356 3772 3707 3839 carissimo.

2448 3911 2521 3978 S.
2567 3911 2651 3977 D.
2717 3912 2993 3977 Brevior
3051 3932 3195 3976 sum
3242 3929 3326 3974 ne
3383 3906 3827 3992 conduplicem
3873 3905 4010 3983 tibi,
4070 3927 4219 3972 care

2274 4000 2367 4065 mi
2420 3999 2643 4077 frater,
2698 3996 3079 4065 molestiam.
3185 3994 3336 4062 Scio
3394 3996 3569 4060 enim
3626 3995 3710 4060 D.
3771 3994 4055 4058 Pretium
4112 4012 4221 4058 co-

2274 4086 2457 4168 piose
2502 4083 2581 4149 de
2624 4102 2704 4147 ea
2758 4103 2956 4148 causa
2999 4081 3301 4160 scribere,
3329 4079 3381 4165 ¹)
3424 4099 3616 4164 quam
3663 4079 3780 4143 tibi
3826 4078 4035 4143 modis
4079 4098 4219 4143 om-

2274 4172 2471 4236 nibus
2526 4166 2926 4235 commendo.
3040 4166 3258 4232 Audio
3310 4166 3655 4234 Poloniam
3712 4166 4042 4230 incensam
4097 4164 4221 4228 fla-

2273 4278 2469 4342 grare
2512 4253 2793 4320 dissidiis
2836 4262 2904 4318 et
2945 4252 3397 4318 abominandis
3442 4252 3522 4317 de
3558 4251 3854 4316 trinitate
3897 4250 4218 4334 quaestio-

2273 4342 2490 4409 nibus.
2620 4339 2833 4405 Video
2919 4340 3238 4405 Satanam
3323 4339 3449 4404 hoc
3522 4338 3713 4404 unico
3778 4346 4073 4420 spectare
4143 4342 4221 4402 ut

2271 4427 2671 4514 blasphemis
2715 4426 3124 4511 dogmatibus
3166 4425 3494 4509 evangelii
3527 4422 4069 4507 praedicationem
4112 4422 4219 4486 in·

2273 4516 2513 4580 famem
2558 4512 2802 4590 reddat,
2862 4521 2928 4577 et
2986 4510 3273 4577 dissidiis
3325 4509 3661 4576 ecclesiam
3719 4508 4005 4592 dissipet.
4115 4509 4219 4574 'Pu

2274 4602 2397 4668 hac
2462 4600 2532 4664 in
2598 4619 2671 4663 re
2726 4598 2998 4664 cacteris
3051 4596 3467 4676 exercitatior
3531 4616 3621 4661 es.
3730 4593 3994 4659 Adiuva
4058 4608 4218 4678 ergo

2270 4688 2509 4753 fratres
2552 4692 2742 4749 tuum
2786 4682 3188 4767 postulantes
3230 4681 3566 4746 auxilium.
3589 4682 3647 4760 ²)
3747 4682 4013 4746 Literas
4054 4702 4217 4763 quas

2271 4773 2369 4838 illi
2416 4772 2500 4838 ad
2543 4792 2649 4837 me
2692 4770 3013 4836 miserunt
3053 4769 3158 4835 his
3201 4767 3457 4834 inclusi.
3486 4769 3540 4849 8)
3641 4764 3984 4832 Abhorreo
4038 4775 4221 4831 totus

2270 4962 2461 5017 8930.
2486 4962 2541 5020 1)
2576 4960 2625 5014 11
2658 4975 2969 5027 commones
3011 4974 3098 5011 ses
3140 4956 3325 5025 100000
3358 4973 3453 5009 sur
3486 4955 3739 5009 Ezechiel
3784 4955 3837 5009 le
3870 4953 3958 5011 20.
3999 4957 4223 5025 janvier

2300 5030 2459 5098 1562)
2497 5027 2759 5110 0011οᾱ00
2805 5029 2900 5083 Vie
2933 5026 3052 5080 102.
3091 5024 3190 5079 156
3225 5025 3309 5080 ed.
3346 5023 3646 5080 Franklin.

2317 5097 2813 5248 931λέΏοεέ
2847 5110 3071 5234 &5⁰21
3106 5163 3344 5220 Polonos
3379 5160 3446 5216 ae
3489 5179 3601 5231 qua
3642 5162 3766 5217 viae
3816 5161 3958 5230 opp.
4008 5161 4068 5217 1.
4105 5158 4223 5216 lx.

2279 5238 2449 5294 Proll.
2482 5252 2540 5304 p.
2572 5236 2747 5303 mlum.

2484 5303 2547 5368 3)
2586 5304 2716 5360 Nou
2751 5305 3070 5374 reperimus.
3708 5383 3813 5438 44.
