4850 6117
237 429 352 492 569

1106 611 1309 686 8878.

729 766 1232 838 SARNIGIUS
1275 767 1711 839 OALVINO.

397 938 919 1008 mammos
983 945 1041 1008 et
1098 937 1533 1009 Stammstas
1587 938 1859 1009 Pozenos
1908 945 2079 1009 notat
2131 947 2189 1007 et

235 1027 390 1094 diris
425 1028 689 1095 devovet.
725 1025 777 1109 ¹)

239 1199 342 1265 (Ex
374 1196 721 1321 autograffl
756 1196 891 1252 Ood.
911 1195 1117 1280 Genev.
1137 1195 1257 1262 109,
1289 1197 1382 1252 fol.
1403 1195 1522 1280 116.
1592 1197 1770 1264 Quum
1803 1198 2035 1282 eundem
2067 1199 2186 1254 fere

237 1272 439 1322 textum
465 1282 605 1337 prae
710 1269 736 1320 t
770 1268 947 1321 altera
979 1268 1223 1321 eiusdem
1255 1266 1327 1319 ad
1343 1267 1733 1337 Bulhngerum‚
1767 1273 1902 1323 satis
1923 1267 2185 1323 habemus

237 1336 506 1393 variantes
549 1336 813 1391 lectiones
858 1335 978 1391 cod.
1013 1335 1325 1391 Turicensis
1359 1335 1520 1391 huius
1554 1338 1788 1408 margini
1833 1336 2183 1406 adscribere.)

239 1505 618 1576 Clarissimo
652 1505 950 1575 doctrina
983 1515 1051 1574 et
1083 1487 1328 1592 pietate
1346 1509 1909 1593 praestantissimo
1930 1513 2074 1579 viro
2095 1509 2181 1578 D.

217 1594 459 1661 -Ioanni
529 1591 811 1661 Oalvino
878 1592 1375 1663 Genevensium
1500 1596 1702 1661 astori
1789 1596 2051 1665 domino
2113 1604 2182 1664 et

734 1679 926 1745 fratri
967 1689 1352 1748 reverenter
1383 1702 1459 1748 co
1484 1682 1671 1748 endo.

302 1849 371 1917 S.
415 1851 495 1918 P.
540 1852 616 1917 in
656 1851 946 1918 Domino
986 1873 1109 1938 per
1149 1852 1378 1919 Iesum
1421 1852 1780 1922 Christum.
1866 1855 2106 1922 Amen.

391 1987 592 2070 Quod
634 1986 717 2054 de
759 1988 1017 2057 Methio
1059 1987 1348 2055 Suffeoio
1391 2012 1431 2055 a
1476 1990 1569 2058 ud
1610 1990 1946 2058 Romanos
1998 1993 2180 2077 equis

234 2073 545 2158 discerpto
612 2074 887 2142 historia
945 2074 1231 2141 Liviana
1293 2085 1400 2141 tra
1451 2079 1515 2157 ἰ,
1595 2077 1721 2145 hoo
1795 2078 1988 2158 idem,
2075 2079 2181 2147 vir

235 2159 646 2244 amplissime,
707 2160 789 2227 de
849 2167 1031 2227 statu
1085 2161 1504 2230 ecclesiarum
1546 2163 1821 2230 minoris
1863 2164 2178 2231 Poloniae

234 2244 352 2312 dici
409 2246 482 2312 in
537 2247 1066 2330 praesentiarum
1123 2257 1357 2332 potest.
1433 2249 1542 2315 Ita
1594 2250 1816 2315 omnia
1857 2272 1977 2335 per
2017 2251 2177 2317 istos

231 2352 420 2399 novos
456 2333 787 2418 apostolos
830 2332 1174 2418 discerpta,
1238 2355 1499 2401 sursum
1558 2335 1988 2420 deorsumque
2030 2358 2178 2421 per-

232 2418 431 2498 mista,
489 2419 843 2502 profanata
903 2427 971 2485 et
1028 2419 1363 2487 defoedata
1418 2429 1599 2501 sunt,
1665 2429 1744 2488 ut
1789 2443 2001 2508 neque
2064 2445 2178 2508 pe-

235 2501 356 2584 des,
416 2525 636 2587 neque
700 2526 968 2586 manus,
1032 2527 1245 2590 neque
1309 2515 1510 2590 caput
1574 2509 1645 2573 in
1709 2508 1834 2575 hoc
1896 2512 2176 2594 mystico

233 2610 484 2673 corpore
548 2589 807 2657 Christi
871 2589 1145 2657 Domini
1356 2613 1557 2660 oscas.
1665 2595 1835 2661 Pars
1912 2596 2178 2660 transiit

236 2674 310 2740 ad
368 2674 802 2755 Stancarum,
866 2698 1021 2761 pars
1088 2676 1173 2744 ad
1296 2679 1659 2746 landratam
1713 2690 1783 2746 et
1845 2680 2175 2748 Damani-

233 2779 399 2842 maem,
417 2766 477 2839 2)
537 2769 606 2828 et
662 2782 847 2846 pars,
913 2765 1127 2848 gratia
1159 2763 1334 2846 Deo,
1398 2765 1714 2832 adhaeret
1763 2766 1967 2851 priori
2021 2787 2174 2834 con-

230 2843 502 2913 fessioni.
594 2848 735 2914 Res
790 2857 894 2915 est
945 2871 1067 2935 per
1116 2871 1189 2917 se
1246 2859 1438 2917 atrox
1491 2858 1559 2918 et
1611 2851 1942 2919 horrenda
1993 2853 2174 2919 visu:

232 2931 354 3013 sed,
397 2947 628 3001 tamen
668 2935 882 3020 magis
925 2944 1150 3003 movet
1191 2943 1259 3003 et
1300 2937 1503 3004 afficit
1543 2939 1841 3022 quemvis
1882 2938 2069 3022 pium
2111 2944 2178 3006 et

231 3017 564 3100 sincerum,
604 3040 734 3104 quo
777 3021 990 3107 magis
1032 3022 1082 3088 ii
1116 3023 1230 3108 qui
1263 3024 1551 3090 maxime
1591 3023 1830 3090 fallunt
1862 3023 1935 3089 id
1968 3030 2179 3109 agunt

234 3109 302 3168 ut
326 3105 454 3171 viri
472 3107 637 3173 boni
674 3113 743 3173 et
776 3106 1038 3175 honesti
1069 3110 1247 3177 cives
1280 3110 1663 3190 communis,
1685 3108 1809 3177 hoc
1830 3117 1928 3178 est
1949 3109 2005 3194 8)
2039 3117 2179 3176 tam

232 3198 486 3258 nostrae
551 3212 751 3276 quam
816 3199 1095 3274 vestrae,
1162 3195 1473 3263 ecclesiae
1530 3202 1906 3279 appareant,
1971 3216 2175 3279 quum

230 3273 467 3372 interea
519 3284 752 3345 noctes
812 3278 1081 3365 diesque
1135 3281 1230 3346 nil
1295 3279 1693 3349 meditentur
1734 3303 1932 3366 quam
1972 3288 2050 3348 ut
2092 3282 2173 3348 ab

233 3363 372 3427 unis
423 3363 874 3431 fundamentis
926 3367 1319 3436 catholicum
1362 3388 1749 3434 eonsensum
1790 3369 1862 3434 in
1905 3368 2175 3436 arficulo

238 3446 595 3544 adorandae
659 3451 989 3518 trinitatis
1063 3455 1453 3520 concutiant.
1560 3453 1748 3521 Haec
1801 3455 2023 3522 omnia
2089 3477 2176 3522 ex

235 3530 428 3601 hteris
478 3537 695 3604 nostri
745 3537 956 3604 Trecii
972 3541 1031 3619 ⁴)
1088 3547 1207 3605 tua
1248 3541 1456 3625 pietas
1495 3539 1890 3608 luculentius
1932 3543 2175 3626 poterit

235 3637 593 3702 agnoscere,
660 3642 826 3706 quas
870 3626 1071 3690 etiam
1133 3633 1213 3692 ιιι
1253 3627 1503 3710 aperiat
1546 3647 1622 3693 ac
1665 3624 2013 3712 diligenter
2055 3648 2174 3694 ex-

231 3703 459 3784 pendat
520 3709 865 3791 permitto,
929 3710 1063 3778 imo
1127 3712 1325 3777 etiam
1387 3719 1586 3796 atque
1650 3710 1849 3778 etiam
1912 3733 2092 3798 rogo.
2113 3714 2172 3797 5)

233 3786 661 3861 Obsecramus
701 3814 846 3876 vos,
911 3794 1160 3863 domini
1217 3797 1425 3865 nostri
1466 3804 1534 3865 et
1574 3797 1814 3864 fratres
1855 3798 2173 3866 colendis-

234 3874 368 3940 simi
383 3928 402 3956 ,
441 3887 518 3944 ut
557 3887 629 3945 et
669 3882 1075 3950 orationibus
1115 3883 1264 3969 piis,
1328 3904 1490 3969 quas
1531 3890 1708 3952 certo
1750 3884 1996 3951 seimus
2038 3906 2171 3952 non

234 3978 363 4027 esse
421 3985 673 4032 vanum
736 3988 1039 4035 murmur
1102 3989 1323 4035 coram
1361 3969 1523 4050 Deo,
1592 3977 1660 4035 et
1721 3970 2009 4037 consiliis
2051 3993 2171 4038 nos

232 4044 476 4117 iuvetis.
564 4051 660 4118 Et
726 4054 997 4139 obligati
1073 4055 1336 4141 quidem
1413 4061 1573 4122 sunt
1653 4076 1880 4122 omnes
1943 4057 1992 4121 ii
2057 4057 2171 4141 qui

233 4128 482 4202 Christo
523 4139 798 4204 nomina
839 4139 1163 4207 dederunt
1203 4150 1281 4208 ut
1321 4162 1463 4208 sese
1499 4141 1750 4207 mutuis
1804 4144 2018 4227 operis
2073 4145 2169 4209 iu·

234 4225 408 4312 yent:
476 4222 594 4289 sed
637 4245 776 4306 vos,
830 4228 1094 4313 egregie
1147 4226 1406 4294 domine
1454 4225 1731 4307 Calvine,
1751 4231 1805 4305 ⁶)
1855 4228 2169 4314 peculiari

231 4320 381 4455 23¹3
425 4308 867 4464 &RQ-22³³...)
893 4313 1416 4467 ffliffffi
1443 4334 1629 4468 3332
1662 4313 2169 4469 attam

233 4470 447 4544 fuisset
485 4502 827 4566 nunquam
861 4483 1026 4552 haec
1064 4486 1262 4554 factio
1303 4485 1645 4552 hominum
1695 4488 2168 4556 monstrosissi-

233 4577 470 4662 mqrum
531 4566 604 4632 in
660 4573 906 4636 nostris
962 4570 1252 4639 ecclesiis
1308 4574 1602 4640 favorem
1659 4571 1861 4639 talem
1902 4573 2028 4641 sibi
2062 4595 2169 4641 ac·

234 4651 609 4727 qmsivisset.
696 4655 823 4722 Ille
865 4656 999 4722 huc
1039 4656 1377 4727 advolavit
1416 4667 1493 4724 ut
1532 4665 1707 4725 esset
1737 4659 1946 4726 veluti
1977 4658 2168 4728 chor-

234 4746 381 4813 agus
441 4745 510 4803 et
561 4742 1040 4828 antesignanus
1098 4745 1251 4812 huic
1309 4744 1650 4830 impietati.
1737 4743 1894 4828 Ipso
1940 4749 2167 4813 autore

235 4866 624 4900 ‘'x——

218 4930 396 4995 ³878.
418 4945 473 5011 1)
510 4946 603 5004 De
638 4947 900 5005 somiein
929 4964 979 5005 v.
1014 4947 1083 5000 N.
1117 4946 1273 5006 3506.
1304 4948 1458 5006 3559.
1492 4948 1649 5005 3866.

417 5014 480 5080 2)
514 5019 886 5073 Lismaninum
918 5033 1023 5074 οιιι.
1067 5016 1199 5075 Tur.

419 5083 481 5147 3)
514 5089 812 5142 communis
845 5088 950 5144 hoc
980 5091 1068 5142 eet
1100 5102 1206 5143 om.
1254 5087 1314 5143 T.

420 5154 457 5208 4
513 5157 628 5214 scil.
660 5157 738 5214 ad
781 5156 1030 5213 fredum
1165 5158 1178 5172 ⁶
1317 5158 1389 5223 ef.
1423 5156 1500 5213 N.
1533 5154 1691 5213 3⁷40.
1723 5155 1877 5211 3851.
1914 5156 2069 5213 3875.

420 5155 483 5430 ξξ
521 5225 650 5281 Par.
685 5225 819 5283 add.
851 5243 915 5281 ae
945 5232 1140 5296 postea
1224 5267 1235 5280 .
1272 5225 1498 5282 Calvino
1530 5228 1901 5282 communicet.

422 5294 455 5346 6
511 5295 819 5362 Bullingere
864 5296 995 5352 Pur.

509 5364 764 5435 cogimini
806 5364 934 5421 Tur.

1924 427 2088 492 1562
2131 423 2548 492 NOVEMB.

4110 435 4239 499 570

2291 614 2423 681 huc
2478 613 2750 681 advenit
2790 612 3175 695 Blandrata,
3241 636 3435 701 quem
3487 616 3723 685 deinde
3776 626 4092 704 sequutus
4134 629 4242 689 est

2291 699 2557 784 quidam
2572 702 2635 779 8)
2661 698 2966 783 Spinella,
2987 700 3300 783 Alcinous,
3329 702 3601 771 Gaetulis
3621 710 3876 783 (omnes
3896 708 4075 773 enim
4101 707 4238 776 huc

2287 787 2682 853 Pincoviam
2722 787 3147 870 confluxere.)
3231 789 3368 856 Eos
3410 788 3869 857 commendant
3899 799 3968 858 et
4007 812 4238 861 eorum

2288 872 2555 958 negotia
2594 880 3002 956 promovent.
3080 871 3350 941 Interea
3391 874 3476 942 ad
3516 893 3638 943 vos
3671 883 3886 944 astute
3918 878 4235 960 scribunt,

2287 958 2382 1023 ita
2448 959 2943 1043 attemperando
3005 958 3258 1026 stillum
3276 963 3316 997 ⁴*
3376 968 3445 1026 et
3505 983 3652 1029 sese
3711 963 3922 1029 instar
3979 964 4238 1051 prothei

2286 1044 2834 1125 transformando,
2898 1050 2974 1111 ut
3035 1044 3270 1112 saltem
3326 1065 3556 1114 eorum
3618 1046 3923 1134 dogmata
3979 1071 4238 1137 quoquo

2284 1129 2479 1197 modo
2538 1131 2986 1215 comprobetis.
3075 1129 3211 1198 Sed
3275 1132 3539 1199 obsecro
3602 1156 3686 1200 ne
3753 1135 3975 1220 aliquo
4037 1136 4236 1205 modo

2286 1217 2406 1282 sub
2446 1216 2638 1284 titulo
2682 1217 2956 1283 istarum
3000 1216 3420 1284 ecclesiarum
3462 1219 3806 1303 imponant
3823 1223 4032 1289 vobis:
4078 1233 4238 1291 sunt

2284 1302 2460 1367 enim
2472 1304 2527 1384 ⁰)
2609 1302 2915 1369 artifices.
3004 1301 3400 1388 Quanquam
3477 1327 3614 1373 non
3678 1303 4056 1374 dubitamus
4117 1330 4237 1377 vos

2282 1388 2381 1453 ita
2423 1387 2595 1454 dono
2639 1387 3049 1454 discretionis
3093 1390 3444 1474 spirituum
3481 1389 3834 1474 abundare,
3877 1405 3952 1459 ut
3984 1413 4068 1459 ex
4100 1415 4236 1462 uno

2283 1472 2556 1541 verbulo
2596 1474 2909 1558 ipsorum,
2975 1473 3183 1541 veluti
3240 1494 3326 1541 ex
3367 1477 3616 1562 ungula
3640 1480 3723 1561 ¹⁰)
3766 1478 3975 1546 leonis
4015 1480 4236 1564 ipsum

2281 1560 2557 1638 leonem,
2614 1559 2802 1626 facile
2844 1561 3211 1646 agnoscatis
3252 1562 3542 1645 ipsorum
3584 1563 3901 1647 phraseis.
3925 1570 4012 1644 ¹¹)
4103 1566 4233 1632 Fa-

2282 1646 2406 1713 cile
2446 1654 2546 1713 est
2600 1645 2970 1731 intelligere
3012 1667 3240 1713 eorum
3295 1648 3626 1715 vafritiem
3666 1670 3873 1734 quum
3914 1672 4046 1718 non
4084 1671 4235 1736 pos-

2282 1738 2434 1798 sent
2475 1731 2813 1799 vobiscum
2856 1733 3304 1800 conversando
3345 1736 3587 1802 erroris
3640 1736 3747 1802 sui
3796 1738 4235 1821 patrocinium

2281 1824 2385 1897 (ut
2423 1816 2525 1883 illi
2567 1826 2948 1885 asseverant
2988 1819 3072 1885 ob
3115 1818 3183 1885 id
3226 1819 3399 1904 quod
3447 1820 3584 1887 iam
3614 1841 3934 1906 personae
3969 1823 4234 1890 illorum

2281 1910 2473 1971 erant
2526 1908 2791 1981 exosae)
2846 1904 3021 1988 apud
3076 1926 3195 1971 vos
3251 1907 3622 1989 impetrare,
3686 1909 3821 1974 iam
3876 1930 4054 1976 nunc
4116 1930 4236 1993 per

2279 1989 2598 2074 quosdam
2650 1997 2993 2070 nostrates,
3058 1992 3172 2074 qui
3231 1991 3421 2058 nobis
3486 1993 3770 2061 cariores
3835 2003 4043 2073 erant,
4107 1994 4233 2063 hoo

2276 2075 2452 2141 idem
2496 2097 2758 2143 rursum
2801 2076 2922 2143 sub
2960 2075 3151 2142 titulo
3188 2077 3465 2144 istarum
3496 2078 3920 2147 ecclesiarum
3938 2079 4233 2148 obtinere

2276 2169 2559 2227 tentant.
2646 2162 2756 2228 Ita
2810 2163 2987 2229 enim
3043 2183 3162 2231 vos
3188 2165 3272 2241 ¹²)
3327 2163 3506 2232 leves
3551 2184 3695 2231 esse
3735 2170 3974 2250 putant
4015 2172 4082 2231 et
4122 2167 4230 2232 in-

2278 2249 2779 2332 circumspectos
2793 2299 2810 2329 ,
2879 2255 2956 2313 ut
3015 2249 3405 2334 permutatis
3473 2249 3694 2316 saltim
3761 2251 4054 2335 personis
4111 2270 4231 2321 vos

2277 2355 2534 2420 quoque
2576 2333 2890 2402 iudicium
2936 2334 3017 2400 de
3049 2334 3173 2402 hac
3208 2355 3405 2402 causa
3439 2343 3927 2420 permutatums
3961 2338 4231 2424 opinen-

2278 2429 2406 2487 tur.
2497 2422 2600 2488 Ao
2643 2421 2699 2487 si
2752 2441 2909 2489 vero
2966 2441 3087 2486 nos
3128 2419 3213 2486 ad
3256 2422 3824 2490 condemnandum
3866 2423 4044 2491 huno
4085 2423 4231 2491 illo-

2278 2529 2429 2573 rum
2477 2528 2766 2574 errorem
2809 2527 3070 2572 merum
3112 2506 3336 2574 odium
3377 2517 3447 2573 et
3481 2529 3615 2576 non
3649 2530 3885 2576 causae
3918 2509 4233 2593 iniquitas

2280 2594 2696 2678 permoverit.
2763 2591 2825 2659 Ο
2859 2591 3202 2659 hominum
3236 2592 3653 2661 detestandas
3687 2594 3969 2662 fraudes.
4044 2594 4230 2664 Vide-

2279 2680 2457 2759 retis,
2502 2679 2747 2745 domini
2790 2679 2942 2759 mei,
3000 2679 3056 2744 si
3096 2677 3315 2745 saltim
3350 2687 3428 2746 ut
3479 2680 3824 2747 minimam
3864 2681 4230 2750 dissimula-

2280 2766 2544 2845 tionem,
2588 2785 2674 2831 ne
2718 2764 2931 2831 dicam
2973 2785 3329 2843 assensum,
3374 2786 3416 2831 a
3456 2765 3643 2834 vobis
3677 2767 4050 2833 obtinerent
4079 2768 4230 2834 istis

2282 2849 2615 2918 diabolicis
2672 2852 2809 2918 suis
2866 2850 3132 2929 artibus,
3207 2871 3334 2934 quo
3385 2859 3577 2936 paeto
3631 2872 3750 2921 vos
3801 2853 3924 2918 toti
3979 2853 4229 2919 mundo

2280 2936 2726 3021 propinarent,
2803 2935 3221 3021 levitatisque
3285 2945 3684 3004 accusarent.
3782 2937 3987 3005 Nobis
4049 2961 4226 3020 vero,

2282 3023 2397 3108 qui
2440 3023 2775 3089 vobiscum
2811 3043 2931 3106 per
2953 3022 3088 3088 Dei
3131 3023 3411 3108 gratiam
3449 3023 3812 3090 fraternam
3854 3025 4229 3092 societatem

2281 3117 2508 3176 sancte
2576 3115 2648 3175 et
2705 3115 3084 3175 constanter
3148 3108 3359 3176 colere
3422 3108 3847 3191 decrevimus,
3923 3110 4050 3177 dici
4092 3132 4229 3178 non

2278 3202 2499 3279 potest
2560 3214 2759 3278 quam
2822 3194 3150 3261 terribiles
3213 3215 3531 3281 apparere
3593 3204 4002 3264 conarentur.
4089 3195 4228 3264 Sed

2278 3280 2439 3365 quid
2502 3280 2687 3347 vobis
2742 3301 2865 3347 nos
2921 3280 3085 3348 haec
3125 3279 3485 3367 ingerendo
3526 3303 3718 3349 aures
3759 3281 4223 3350 obtundimus?

2276 3367 2392 3451 qui
2447 3389 2566 3452 per
2604 3365 2735 3433 Dei
2791 3367 3077 3454 gratiam
3130 3367 3255 3435 hoc
3306 3389 3517 3453 genus
3560 3368 3947 3435 animalium
3989 3369 4227 3436 melius

2274 3452 2574 3532 novistis,
2640 3462 2707 3518 et
2745 3475 2868 3520 nos
2922 3462 3001 3519 ut
3051 3473 3586 3538 cognosceremus
3628 3453 3890 3521 eosdem
3932 3461 4000 3520 et
4042 3455 4167 3522 sibi
4187 3459 4227 3493 ⁴*

2275 3540 2358 3606 ab
2416 3539 2512 3606 eis
2565 3560 2945 3608 caveremus
2974 3542 3058 3618 ¹³)
3115 3541 3309 3607 toties
3364 3540 3876 3608 submonuistis:
3932 3562 4051 3626 pro
4091 3561 4222 3626 quo

2272 3625 2590 3693 beneficio
2668 3625 2852 3693 vobis
2929 3624 3179 3711 gratias
3258 3626 3531 3712 agimus.
3639 3626 4002 3694 Ineffabilis
4067 3647 4223 3693 vero

2273 3711 2533 3780 bonitas
2572 3711 2705 3777 Dei
2759 3711 2831 3776 in
2889 3711 3016 3778 hac'
3072 3720 3142 3777 et
3196 3711 3267 3778 in
3323 3712 3549 3778 futura
3592 3713 3732 3779 vita
3773 3733 3892 3779 vos
3934 3719 4219 3779 coronet.

2272 3796 2528 3878 valete,
2581 3797 2816 3864 fratres
2859 3803 2925 3863 et
2968 3797 3218 3864 domini
3259 3797 3717 3865 colendissimi.
3804 3797 3939 3864 Per
3980 3797 4223 3877 Deum,

2279 3883 2569 3950 Treoium
2607 3889 2911 3950 nostrum
2950 3884 3139 3950 nobis
3190 3882 3445 3950 reddite
3500 3891 3570 3951 et
3610 3903 3808 3969 quam
3853 3882 4218 3950 celerrime:

2273 3991 2425 4036 cum
2504 3970 2930 4069 responsione
3005 3976 3081 4034 ut
3141 3969 3227 4036 ad
3289 3990 3408 4037 nos
3471 3968 3699 4036 redeat
3761 3968 4110 4036 extrudite.
4138 3973 4225 4048 ¹⁴)

2272 4055 2454 4121 Male
2516 4053 2675 4123 facit
2739 4055 2910 4140 quod
2974 4054 3278 4123 ecclesias
3330 4061 3588 4122 nostras
3643 4055 3716 4120 in
3768 4055 3851 4121 iis
3903 4055 4224 4138 angustiis

2271 4142 2539 4226 positas,
2583 4143 2859 4209 fortasse
2893 4140 3281 4210 declinando
3322 4162 3600 4221 crucem,
3642 4142 3873 4210 iuvare
3909 4162 4041 4207 non
4078 4140 4224 4226 dig.-

2271 4235 2489 4294 natur.
2574 4228 2883 4294 Profecto
2962 4227 3154 4296 debet
3218 4227 3529 4312 castigari
3586 4226 3788 4295 verbo
3850 4226 3998 4294 Dei.
4086 4225 4226 4294 Sed

2270 4314 2437 4379 mihi
2480 4313 2797 4400 ignoscat.
2880 4313 3162 4382 Caetera
3203 4334 3289 4381 ex
3328 4313 3539 4381 literis
3577 4313 3788 4380 Treeii
3826 4319 4052 4381 vestra
4083 4313 4222 4413 pie-

2271 4407 2375 4470 tas
2399 4404 2488 4478 ¹⁵)
2530 4399 2872 4485 intelliget.
2962 4398 3160 4482 Quod
3203 4405 3427 4467 autem
3469 4420 3591 4485 ego
3633 4399 3865 4479 scribo,
3924 4419 4222 4466 ommum

2266 4673 2535 4826 Alcimi?
2571 4672 3140 4826 ngffimm
3186 4704 3257 4799 :⁸
3368 4688 3619 4800 οναυίατι
3679 4673 4226 4811 eonctesetgerlgnuaegf‘c

2267 4810 2466 4868 ἀουιᾶε
2496 4827 2560 4866 ιιι
2580 4810 2937 4875 ,Βαόαιιᾶιαηι
2971 4817 3226 4869 remearat
3255 4811 3458 4882 (Sana.
3484 4827 3545 4883 p.
3579 4810 3650 4866 26
3682 4812 3790 4884 eq.)

2473 4879 2508 4933 9
2576 4879 2708 4936 Pur.
2744 4880 2878 4938 add.
2910 4881 3078 4936 mille.

2440 4949 2508 5003 10
2563 4951 2659 5006 εἰσ.

2437 5017 2500 5070 11
2561 5019 2710 5088 ipsos
2751 5017 2882 5074 flur.

2444 5085 2535 5153 12)
2570 5104 2670 5143 vos
2706 5086 3005 5142 Germanos
3049 5084 3180 5142 Tur.

2441 5155 2535 5222 13)
2580 5161 2640 5210 et
2680 5157 2727 5210 ei
2774 5157 2844 5211 ab
2886 5157 2967 5210 eis
3010 5171 3330 5211 caveremus
3375 5156 3503 5213 Tur.
3781 5158 4003 5214 omnino
4037 5170 4104 5211 ex
4137 5172 4218 5212 er·

2262 5225 2850 5292 roremn'baeflmit:
2882 5225 3059 5280 altera
3091 5224 3464 5295 lectiopaeccat
3495 5226 3559 5281 in
3674 5224 4221 5296 ammanitem-nm.

2440 5292 2531 5360 14)
2561 5310 2672 5349 una
2704 5308 2827 5349 cum
2858 5294 3208 5363 responsione
3240 5294 3311 5349 ad
3345 5310 3444 5349 noe
3478 5308 3603 5349 eum
3636 5294 3909 5349 extrudite
3953 5292 4084 5348 istor.

2439 5363 2532 5432 15)
2568 5363 2635 5422 V.
2671 5363 2736 5418 D.
2781 5362 2910 5420 Tur.
2946 5365 2984 5419 ι’.
3019 5378 3063 5419 c.
3118 5362 3316 5419 Vestra
3348 5363 3677 5432 Dominatio,
3711 5362 3828 5419 eive
3858 5362 4125 5433 Dignites.
