4850 6117
216 469 332 534 1⁸7

1082 654 1282 726 8⁶27.

691 810 1190 881 PARELLUS
1236 809 1670 878 OALVINO.

376 983 547 1054 Acta
603 983 1040 1068 Vapinoemia.

235 1157 317 1211 Ex
350 1156 693 1227 autographo
727 1154 857 1211 cod.
893 1154 1099 1211 Gener.
1139 1154 1257 1221 115,
1300 1153 1391 1210 fol.
1412 1154 1548 1238 ‚1422
1586 1156 1707 1211 coll.
1755 1170 1801 1210 ο.
1829 1153 1965 1275 6220&
2002 1153 2153 1239 llis,

263 1222 464 1290 ὣς
508 1225 674 1350 ³⁹22,
696 1224 1011 1348 {wi-‚312
1081 1223 1330 1348 ..κοῶ
1360 1223 1593 1365 Ἣ
1629 1223 1828 1361 {225¹
1901 1265 1914 1277 ·
1984 1223 2152 1277 m„

372 1466 456 1530 Δ.
504 1462 847 1531 Monsieur
898 1465 1237 1531 Monsieur
1299 1463 1538 1532 Oalvin

1616 1569 1655 1615 a
1698 1548 1976 1617 Oeneve.

372 1719 629 1804 Appuli
654 1717 706 1805 ¹)
769 1717 1047 1786 Sabbati
1131 1725 1225 1784 15.
1307 1726 1618 1804 exceptus
1680 1741 1882 1805 supra
1945 1742 2148 1805 spem,

209 1806 382 1888 coepi
423 1804 801 1873 concionari
817 1807 874 1880 ²)
920 1825 1051 1872 non
1094 1826 1307 1886 mane,
1374 1813 1452 1872 ut
1490 1806 1812 1890 optabam,
1885 1815 2150 1891 propter

207 1900 1122 2061 ffipssffisszassffissmffeqiffi
1162 1891 1534 2043 iffaffiffi
1568 1901 2152 2061 ἕοῖἓιὲοἱῖιῖἳωὲὲ

209 2063 413 2130 maior
477 2082 635 2146 pars
702 2070 892 2128 extra
954 2063 1270 2147 templum
1337 2075 1537 2130 esset:
1622 2073 1854 2147 pacate
1911 2064 2147 2130 omnia.

212 2147 480 2235 Syndici
512 2155 829 2233 rogarant
861 2169 1033 2227 eum,
1076 2149 1186 2231 qui
1221 2149 1484 2214 nomine
1518 2149 1803 2232 episcopi
1838 2159 1937 2216 est
1967 2151 2153 2216 velut

211 2235 621 2319 gubernator,
663 2246 741 2299 ιιι
780 2253 930 2300 cum
972 2235 1111 2299 suis
1175 2232 1552 2316 prohiberet
1606 2257 1694 2300 ne
1736 2235 1892 2319 quid
1935 2244 2152 2300 motus

212 2323 406 2388 fieret
495 2318 692 2401 Quod
735 2320 794 2386 is
838 2318 1188 2404 diligenter
1229 2329 1297 2386 et
1336 2342 1421 2387 ex
1465 2321 1685 2388 animo
1725 2321 1897 2388 fecit,
1982 2322 2152 2388 Pro-

216 2406 465 2489 sequuti
546 2425 777 2471 sumus
853 2406 1092 2472 Lunae
1173 2413 1241 2471 et
1300 2406 1537 2474 Martis
1600 2408 1820 2474 omnia
1904 2415 2148 2492 pacate.

213 2491 440 2558 Martis
507 2494 609 2557 18.
665 2491 941 2557 veniunt
993 2491 1076 2556 ad
1135 2512 1242 2557 me
1301 2493 1554 2574 primus
1608 2493 1942 2579 Syndicus
1999 2513 2152 2559 cum

213 2587 631 2662 procuratore
687 2578 885 2661 regio,
947 2585 1140 2643 orant
1196 2585 1270 2642 ut
1313 2577 1396 2642 ad
1442 2578 1911 2646 Vicebassivum
1935 2583 1989 2659 ³)
2033 2600 2149 2648 ve-

214 2662 401 2741 niam,
445 2682 584 2747 quo
627 2682 733 2727 me
777 2662 1099 2729 deducent
1141 2672 1207 2728 et
1248 2663 1577 2729 reducent.
1660 2664 1836 2743 Adii,
1882 2665 2147 2731 honori·

213 2749 325 2814 fice
384 2749 548 2815 satis
612 2748 964 2833 compellor
1029 2749 1111 2814 ab
1175 2749 1295 2829 ec,
1368 2750 1480 2831 qui
1543 2771 1627 2815 ex
1690 2749 1905 2816 edicto
1967 2752 2146 2834 regio

213 2854 429 2900 mense
506 2833 682 2899 Iulio
758 2833 1008 2901 indicat
1071 2855 1297 2901 omnes
1359 2843 1583 2901 coetus
1645 2834 1995 2919 prohiberi,
2081 2845 2147 2900 et

215 2918 369 2986 nihil
408 2919 560 2986 fieri
603 2928 865 3004 praeter
915 2928 1252 3004 receptum
1308 2940 1576 3000 morem,
1641 2931 1959 3005 rogatque
2001 2922 2149 3004 quie

213 3025 311 3071 me
366 3011 686 3082 vocasset,
765 3026 898 3088 qua
952 3006 1303 3073 autoritate
1356 3006 1776 3073 concionatus
1837 3005 2147 3073 fuissem?

215 3090 314 3156 Ad
344 3091 609 3176 singula
641 3091 947 3176 respondi
981 3090 1173 3159 valde
1208 3091 1507 3177 benigne,
1545 3092 1663 3158 sed
1698 3101 1774 3159 ut
1806 3093 2149 3177 oportebat

214 3175 388 3243 iuxta
450 3177 732 3244 verbum
796 3177 1088 3254 Domini,
1175 3177 1281 3242 cui
1337 3199 1443 3243 me
1508 3198 1739 3262 parere
1792 3188 1862 3243 et
1922 3197 2146 3245 omnes

215 3269 473 3345 oportet.
568 3261 888 3329 Secedere
929 3264 1167 3342 iussus,
1223 3262 1336 3329 ubi
1379 3285 1664 3344 revocor,
1706 3264 1861 3347 quia
1898 3263 2148 3329 indica-

217 3347 355 3413 bam
397 3349 655 3425 fratres,
703 3350 814 3432 qui
856 3349 926 3414 in
948 3348 1267 3431 colloquio
1288 3352 1349 3428 ⁴)
1392 3357 1665 3434 egerant
1706 3369 1927 3416 coram
1970 3369 2143 3432 rege,

215 3432 419 3515 palam
462 3435 853 3511 concionari,
879 3438 935 3511 ⁸)
979 3444 1048 3500 et
1067 3432 1382 3519 Lugduni
1404 3438 1459 3515 ⁶)
1504 3443 1573 3501 et
1614 3434 1769 3501 alibi
1812 3435 2147 3500 ministros

215 3519 386 3584 verbi
428 3519 665 3587 docere
708 3542 840 3585 non
885 3519 1203 3586 admissos
1244 3518 1326 3584 ab
1368 3521 1709 3604 episcopis,
1753 3522 2029 3606 rogavit,
2074 3529 2150 3586 ut

215 3606 524 3688 tantisper
583 3604 1068 3689 supersederem
1113 3625 1154 3669 a
1196 3605 1525 3684 concione,
1583 3604 1787 3671 donec
1842 3615 2147 3674 senatum

218 3687 891 3775 Gratianopolitanum
953 3699 1019 3756 et
1077 3691 1577 3774 gubernatorem
1640 3692 1947 3758 certiores
2011 3712 2147 3756 om-

218 3775 387 3840 nium
431 3775 712 3842 fecisset.
802 3775 1035 3843 Multis
1077 3777 1184 3861 egi
1228 3775 1549 3843 hortando
1593 3784 1670 3843 ut
1710 3778 1986 3844 verbum
2030 3800 2147 3845 au-

221 3857 442 3940 dirent,
487 3871 557 3926 et
612 3863 896 3929 Domino
956 3882 997 3926 a
1054 3883 1183 3945 quo
1236 3871 1626 3945 potestatem
1669 3863 1918 3929 habent
1958 3884 2147 3946 pare-

220 3955 374 4026 rent,
417 3945 723 4016 indicans
743 3969 907 4031 quae
951 3967 1059 4012 eos
1103 3958 1448 4014 manerent
1488 3949 1677 4027 bona,
1723 3958 1790 4016 et
1832 3947 2148 4016 iudicium

219 4030 376 4111 quod
428 4034 730 4099 imminet
787 4032 1089 4100 omuibus
1147 4035 1257 4116 qui
1310 4042 1543 4100 contra
1598 4035 1849 4101 faciunt
1893 4032 2036 4115 (sed
2077 4035 2146 4099 id

219 4118 421 4184 verbis
456 4119 733 4206 amicis),
779 4138 898 4184 nec
930 4119 1203 4185 moleste
1234 4119 1484 4185 ferrent
1523 4121 1574 4185 si
1614 4120 1896 4186 Domino
1932 4121 2145 4203 potius

220 4220 523 4283 parerem.
612 4203 949 4271 Reductus
1026 4205 1120 4269 fui
1186 4205 1539 4271 honorifice
1598 4215 1665 4271 et
1717 4209 1995 4288 perrexi,
2079 4216 2147 4272 et

221 4289 493 4367 primum
547 4290 869 4374 baptisavi
922 4310 1220 4374 puerum,
1242 4290 1299 4374 ⁷)
1357 4302 1423 4354 et
1479 4290 1562 4356 ad
1619 4290 1793 4356 diem
1833 4293 2068 4358 Lunae
2083 4293 2144 4371 ⁸)

222 4561 473 4701 m)
515 4569 641 4633 post
679 4565 783 4619 iter
826 4569 942 4619 octo
984 4563 1195 4619 dierum
1239 4580 1405 4633 quun
1448 4569 1635 4620 octavo
1671 4564 1814 4621 Nov.
1873 4565 2145 4620 Genavam

411 4639 638 4766 {sadans
670 4701 726 4754 la
766 4700 1011 4783 chapelle
1045 4700 1394 4756 abandonnee
1429 4701 1496 4754 de
1542 4699 1646 4756 Sto.
1682 4700 1958 4757 Oolombe.
2007 4703 2141 4772 (Ar-

225 4763 380 4839 m,
410 4768 1269 4963 Mamm?
1300 4839 1488 4908 (m,

414 4908 475 5108 5}
507 4977 569 5029 in
601 4976 808 5045 oppido
845 4949 902 5031 [9.
942 4974 1224 5032 Θεηιαίη.

231 5176 291 5230 13
330 5044 476 5236 ΒΞ,
508 5044 932 5169 {araz-„151
963 5044 1821 5183 &ammam
1866 5112 2023 5179 m
2069 5113 2145 5168 ..

282 5314 294 5326 ,
418 5249 481 5316 8)
526 5250 824 5321 conputus
876 5252 1107 5321 collegae
1146 5253 1328 5308 nostri
1369 5252 1460 5307 hic
1505 5264 1762 5307 moneas
1807 5254 1903 5314 m,
1947 5249 2063 5305 scil.
2108 5266 2146 5305 a

237 5311 877 5443 m?ss‚mpw
908 5320 1129 5389 decepti.
1187 5319 1328 5375 Dies
1362 5320 1560 5375 Lunae
1594 5320 1883 5390 viam
1914 5323 2146 5389 quarm

1901 473 2054 535 1561
2104 467 2519 537 NOVEMB.

4058 476 4180 541 1⁸8

2242 657 2411 723 nihil
2491 662 2762 723 motum.
2873 656 3016 725 Sub
3092 679 3441 743 vesperum
3518 660 3606 728 ad
3679 680 3911 728 sonum
3979 662 4177 730 tuboe

2243 742 2716 826 proclamatum
2773 741 2900 810 fuit
2956 766 3041 810 ne
3089 743 3211 811 ulli
3253 747 3486 812 fierent
3527 754 3902 824 conventus,
3950 746 4177 815 redde-

2243 838 2480 893 rentur
2521 825 2787 912 templa‚
2833 838 2900 896 et
2941 831 3013 896 in
3055 830 3431 911 crastinum,
3473 831 3592 898 ubi
3628 833 3911 899 redirem
3953 854 3992 898 a
4025 854 4179 900 con-

2245 915 2450 994 cione,
2495 914 2796 981 minister
2838 916 3225 983 Vicebailivi
3281 938 3430 984 cum
3488 918 3696 985 literis
3739 939 3843 984 me
3886 927 4178 986 tremens

2245 1001 2571 1080 convenit,
2616 999 2863 1067 indicat
2897 1000 3070 1085 quod
3102 1002 3334 1069 literae
3368 1002 3669 1069 habeant.
3738 1004 3885 1089 Ego
3919 1011 4177 1071 tantum

2247 1084 2586 1169 exemplar
2643 1087 2818 1169 petii,
2883 1088 3054 1171 quod
3107 1086 3189 1154 ad
3232 1098 3299 1155 te
3341 1089 3547 1155 mitto.
3634 1088 3905 1155 Fratres
3946 1087 4028 1155 ad
4070 1110 4177 1158 me

2248 1178 2578 1237 venerunt
2616 1179 2766 1255 post
2818 1174 3183 1256 prandium,
3246 1185 3313 1240 et
3373 1175 3674 1241 invocato
3714 1173 3998 1242 Domino
4040 1197 4180 1243 om-

2248 1277 2368 1322 nes
2410 1267 2810 1339 receperunt,
2876 1279 2946 1325 se
2988 1270 3363 1327 constanter
3404 1261 3477 1325 in
3523 1261 3920 1327 confessione
3981 1281 4178 1328 evan—

2250 1341 2405 1493 {effi
2463 1352 3010 1426 perseveraturos,
3075 1367 3192 1428 pro
3250 1364 3379 1428 quo
3434 1356 3571 1411 tam
3625 1346 3820 1411 multi
3861 1347 4179 1415 obierunt.

2308 1447 2535 1494 ausam
2594 1442 3035 1514 susceperunt,
3098 1440 3166 1496 et
3204 1431 3509 1497 adierunt
3567 1431 3780 1499 virum
3839 1433 3950 1516 qui
3992 1433 4182 1501 valde

2250 1513 2524 1580 tinnivit
2539 1517 2596 1592 ⁹)
2634 1533 2781 1580 cum
2822 1514 2928 1583 his
2971 1516 3078 1600 qui
3124 1517 3416 1595 aderant,
3460 1526 3530 1582 et
3570 1518 3902 1600 petierunt
3942 1529 4018 1584 ut
4051 1539 4184 1584 om-

2249 1599 2438 1665 nium
2480 1620 2647 1682 quae
2689 1601 2934 1685 egisset
2974 1603 3308 1685 exemplar
3349 1601 3552 1680 daret,
3604 1625 3732 1687 quo
3776 1611 4039 1687 possent
4080 1625 4183 1671 re-

2296 1705 2400 1750 em
2460 1694 2529 1751 ει
2582 1707 2742 1771 quos
2798 1697 3053 1770 oportet
3108 1688 3303 1760 adire.
3392 1686 3588 1769 Quod
3641 1689 3753 1755 ille
3813 1709 3960 1755 rece
4005 1690 4060 1754 it
4115 1710 4186 1757 se

2280 1777 2594 1836 acturum.
2701 1770 2897 1838 Solus
2981 1782 3082 1840 est
3158 1774 3269 1857 qui
3332 1775 3565 1840 turbet.
3673 1773 3889 1840 Multa
3996 1776 4187 1842 icitur

2248 1856 2460 1939 egisse
2502 1866 2726 1923 contra
2757 1858 2986 1924 urbem
3020 1857 3308 1944 indigna.
3379 1858 3454 1926 Si
3490 1868 3953 1943 compescatur,
3998 1880 4189 1945 spero

2247 1940 2319 2006 in
2354 1962 2512 2024 pace
2547 1943 2870 2028 evangelii
2905 1966 3218 2030 magnum
3255 1965 3691 2029 progressum.
3762 1945 3910 2011 'ribi
3953 1957 4186 2013 notum

2249 2047 2392 2093 esse
2427 2028 2637 2108 credo,
2682 2050 2813 2112 qua
2833 2031 2944 2097 via
2985 2031 3160 2115 apud
3202 2051 3424 2115 regem
3459 2031 3545 2096 sit
3584 2031 3927 2115 agendum.
4007 2029 4184 2116 Opto

2249 2121 2326 2178 ut
2366 2133 2487 2180 nos
2531 2114 2812 2197 adiuves,
2877 2116 2993 2182 sed
3035 2117 3446 2200 potissimum
3489 2116 3791 2199 precibus
3834 2124 3901 2182 et
3941 2117 4184 2184 sanctis

2248 2198 2556 2266 consiliis.
2644 2201 2831 2279 Vale,
2909 2204 3001 2267 mi
3056 2203 3260 2268 frater
3315 2203 3605 2268 omnium
3670 2202 4126 2269 amantissime.
4149 2207 4185 2242 ⁶

2249 2283 2462 2433 Οέιὲιίο
2503 2305 2727 2353 omnes
2760 2286 3043 2372 collegas
3077 2288 3307 2355 salvos.
3381 2288 3662 2372 Vapinci
3698 2291 3797 2353 26.
3833 2287 4183 2355 Novembr.

2804 2508 3030 2575 Nostri
3074 2529 3300 2575 omnes
3343 2519 3721 2577 reverenter
3764 2519 3830 2576 te
3872 2510 4177 2577 salutant.

3234 2596 3416 2661 Tuus
3459 2595 3780 2663 Farellus.

3009 2886 3388 2896 *Qu-..—

3128 3102 3327 3176 8628.

2682 3257 3079 3327 DUMON‘P
3123 3260 3186 3325 A
3228 3257 3754 3327 OOLLADON.

2418 3429 2746 3498 Demade
2786 3431 2863 3496 ae
2889 3433 3182 3516 postem
3208 3450 3377 3513 pom
3409 3430 3858 3516 κἈοοροοωοοο-ε.
3891 3434 3942 3520 ¹)

2244 3600 2623 3672 (Autographe
2667 3600 2736 3656 de
2781 3601 2836 3654 la
2879 3599 3258 3670 Bibliotheque
3304 3602 3373 3656 de
3408 3602 3642 3658 Geneve.
3679 3603 3804 3659 Vol.
3854 3603 3970 3671 19⁷,
4014 3605 4049 3659 f.
4095 3604 4176 3660 14.

2277 3669 2450 3724 Autre
2484 3669 2813 3741 exemplaire
2846 3668 2981 3724 dans
3016 3671 3068 3724 le
3103 3670 3452 3724 Portefeuille
3487 3669 3653 3725 1972·
3688 3672 3899 3728 Crcttet
3933 3673 4001 3727 N.
4035 3671 4142 3740 57.)

2247 3845 2313 3910 Δ
2369 3843 2710 3909 Monsieur
2767 3850 2834 3908 et
2888 3841 3061 3907 frere
3104 3841 3445 3909 Monsieur
3496 3842 3809 3909 Oolladon
3862 3845 4176 3910 ministre.

2418 4013 2756 4080 Monsieur
2813 4019 2881 4077 et
2920 4012 3094 4078 frere
3138 4013 3319 4079 aiant
3350 4035 3646 4101 congneu
3699 4013 3766 4080 la
3808 4015 4020 4081 bonne
4062 4034 4178 4082 vo·

2245 4099 2451 4178 laute,
2487 4104 2630 4163 tant
2672 4097 2752 4163 de
2795 4097 2941 4181 foys
2996 4118 3123 4181 que
3165 4120 3271 4166 me
3316 4110 3533 4184 portez
3565 4103 3636 4185 je
3677 4120 3843 4165 vous
3886 4101 4178 4184 requiers

2246 4206 2352 4252 me
2391 4185 2533 4251 fere
2575 4205 2649 4252 ce
2692 4182 2842 4248 bien
2900 4203 3024 4266 que
3068 4184 3306 4250 d'estre
3364 4184 3637 4252 advocat
3677 4206 3842 4269 pour
3885 4207 4051 4252 nous
4093 4208 4179 4255 en

2245 4272 2492 4338 l'affere
2547 4267 2791 4352 duquel
2843 4289 3009 4336 vous
3049 4271 3424 4353 escripvons
3477 4291 3516 4334 a
3557 4279 3709 4337 tous
3765 4290 3850 4336 en
3893 4273 4178 4356 general,

2246 4359 2359 4441 qui
2420 4363 2523 4423 est
2584 4354 2665 4420 de
2730 4375 2895 4421 nous
2952 4355 3220 4423 envoier
3273 4355 3375 4422 s’il
3417 4364 3514 4420 est
3567 4356 3848 4440 possible
3947 4358 4180 4443 uelque

2244 4443 2510 4514 homme
2573 4441 2664 4506 tel
2714 4462 2840 4526 que
2892 4441 3341 4526 congnoistrez
3405 4449 3579 4507 estre
3632 4463 3766 4508 non
3824 4464 3893 4509 se
3962 4453 4183 4509 ement

2245 4551 2416 4614 pour
2466 4526 2775 4611 prescher
2816 4527 2980 4592 mais
3023 4528 3196 4593 aussi
3240 4547 3408 4610 pour
3449 4527 3583 4593 fere
3633 4528 3932 4608 lectures,
3978 4538 4045 4595 et
4085 4530 4181 4596 fe-

2247 4635 2354 4682 rez
2395 4637 2487 4681 un
2520 4614 2672 4680 bien
2703 4613 3117 4696 jnestimable
3158 4631 3327 4694 pour
3370 4620 3542 4702 ceste
3585 4633 3830 4697 pauvre
3872 4615 4180 4698 province

2450 4903 2482 4957 9
2546 4900 3721 4972 Surandlllazectionenobiasaspecea.
3778 4904 3995 4975 Auum*
4072 4905 4180 4962 Ιιοιι

2245 4972 2470 5096 medodi?
2590 4973 2756 5026 ἅπασαι
2803 4971 2938 5026 lectu
2987 4968 3172 5038 plum
3213 4968 3371 5026 habet
3412 4969 3741 5096 literasaesad
3779 4988 3921 5042 quas
4088 4990 4178 5032 ar·

2244 5058 2298 5097 n
2425 5040 2593 5105 oculo,
2629 5040 2776 5164 Ξυοᾶ
2809 5045 3017 5099 vocant,
3054 5038 3388 5107 dietmare
3657 5081 3669 5093 .

2244 5109 2509 5175 86281)
2563 5107 2633 5162 L’
2696 5108 2797 5164 lise
2845 5108 2899 5164 ἄ
3029 5106 3229 5162 malem
3316 5114 3376 5163 ut
3425 5124 3491 5164 or
3526 5106 3709 5164 anise'e
3763 5125 3873 5178 par
3917 5108 4064 5164 Im
4114 5109 4180 5164 de

2256 5178 2822 5301 Vwmzffssuasscssn
2844 5177 2933 5301 3¹1⁸:
2966 5194 3117 5302 ἕνα.
3159 5177 3444 5301 ‘ilium
3502 5177 3566 5300 ἆ
3597 5176 4178 5303 (Hff'ffussssffl

2244 5246 2500 5386 {aas
2551 5315 2619 5370 de
2645 5315 3026 5398 J'Anyoumoic
3210 5318 3260 5399 iq
3310 5315 3460 5370 1534.
3602 5317 3690 5371 aab
3731 5314 3774 5369 οἳ
3813 5331 3854 5385 y
3887 5330 3925 5369 a
3957 5329 4064 5369 une
4095 5315 4175 5369 la·

2248 5400 2385 5443 cuno
2415 5397 2559 5453 pour
2591 5385 2831 5456 Pepoque
2863 5386 2994 5442 dont
3028 5385 3071 5439 a
3150 5391 3266 5455 aqut
3296 5398 3384 5439 οοι.
