4850 6117
639 401 771 468 823

974 586 1190 656 Gracc
1233 607 1396 653 vous
1438 585 1566 652 soit
1604 607 1729 669 par
1769 585 1971 654 Jesus
2012 584 2260 652 Christ.

816 758 976 826 Mon
1034 758 1280 824 honore
1335 754 1448 823 Sei
1543 776 1680 837 eur,
1741 757 2012 823 suivant
2060 756 2125 824 le
2177 755 2595 825 commande-

639 852 826 948 ment
844 864 994 945 ‘que
1034 842 1265 929 lcglise
1308 863 1415 909 me
1486 843 1577 909 eit
1620 863 1705 910 au
1749 841 2013 910 dernier
2055 841 2306 944 synode
2342 862 2384 907 a
2415 843 2594 944 Ision

631 928 1566 1086 {zoigmesdeengdznffgmff
1603 928 2401 1115 alilossuglllitgstgldnssileffit
2410 928 2594 1083 fland!

640 1103 796 1170 duee
851 1121 975 1186 par
1026 1100 1258 1168 lettres
1313 1100 1397 1166 de
1447 1120 1612 1167 vous
1667 1099 1832 1167 fa1re
1886 1100 2209 1168 antandro
2257 1101 2355 1168 les
2407 1120 2592 1169 occa—

640 1188 822 1254 sions
866 1187 946 1254 de
989 1207 1142 1254 mon
1188 1185 1646 1253 retardement.
1718 1186 1827 1252 Au
1870 1194 2043 1254 reste
2082 1185 2181 1254 les
2223 1186 2460 1272 eglises
2503 1184 2593 1252 du

638 1272 1000 1358 Dauphine
1055 1278 1123 1340 et
1180 1271 1270 1338 du
1313 1271 1629 1338 Lionnois
1687 1279 1837 1339 sont
1901 1272 1986 1340 ici
2041 1273 2361 1341 assemble
2422 1293 2593 1357 pour

640 1358 931 1428 celebrer
972 1358 1035 1426 le
1078 1355 1347 1444 synode,
1391 1379 1532 1424 mes
1573 1357 1637 1424 le
1672 1379 2088 1443 gouverneur
2124 1359 2212 1426 du
2248 1360 2389 1444 pais
2422 1378 2620 1446 nous⁴

640 1445 953 1530 empeche
979 1446 1036 1523 ²)
1080 1452 1147 1511 et
1197 1451 1478 1511 nantant
1529 1444 1714 1527 point
1756 1465 1881 1529 que
1926 1466 2092 1511 nous
2132 1466 2300 1512 nous
2343 1465 2590 1512 assam-

640 1530 857 1598 blions
890 1551 1057 1616 pour
1088 1528 1402 1616 procedet
1446 1528 1632 1596 audit
1674 1529 1942 1615 synode.
2012 1530 2199 1598 Nous
2240 1530 2340 1597 lui
2381 1550 2591 1597 avons

641 1617 874 1684 envoie
939 1615 1222 1683 certains
1330 1615 1755 1683 entilzhomes
1821 1616 1902 1684 de
1966 1638 2088 1683 noz
2151 1618 2357 1684 freres
2421 1637 2590 1683 nous

640 1723 848 1770 avons
912 1722 1182 1770 sursone
1203 1705 1238 1742 ⁸
1327 1723 1365 1768 e
1428 1708 1574 1767 tout
1641 1704 1919 1787 jusques
1982 1723 2024 1768 a
2092 1703 2238 1770 leur
2299 1701 2588 1782 retem-d,

640 1808 811 1856 nous
854 1808 1162 1874 esperone
1205 1808 1290 1854 en
1332 1787 1509 1855 Dieu
1551 1807 1681 1872 que
1721 1787 1924 1855 lissue
1966 1809 2115 1856 sera
2156 1788 2388 1855 bonne.
2480 1791 2589 1855 Au

642 1873 931 2028 ἓξὲξ
976 1872 1533 2044 Ξὲῗίἓῗιέῃὲί.
1559 1883 2486 2027 Pfffflsstffifflxffiot?
2524 1893 2591 2027 οἳ

640 2044 946 2112 estudier.
1033 2045 1082 2114 J
1082 2066 1308 2129 espere
1351 2067 1437 2111 en
1492 2043 1646 2112 dieu
1688 2066 1814 2130 que
1856 2048 2037 2112 aiant
2078 2046 2144 2112 la
2187 2045 2449 2113 demore
2493 2066 2590 2111 un

639 2137 853 2216 temps
896 2152 1022 2216 que
1065 2130 1218 2197 dien
1268 2130 1368 2197 lui
1421 2132 1562 2198 fera
1611 2133 1980 2217 cognoistre
2023 2152 2130 2200 ses
2182 2131 2396 2199 fantes
2439 2152 2590 2217 pas·

637 2237 782 2284 sees
839 2217 951 2301 qui
1006 2239 1090 2284 ne
1145 2224 1298 2284 sont
1360 2237 1477 2302 pas
1540 2218 1778 2302 petites
1836 2217 2112 2285 dautant
2165 2217 2302 2304 quil
2357 2240 2397 2285 a
2453 2222 2591 2284 este

637 2324 1055 2473 affige...
1064 2310 1480 2456 ⁰3„“1{‚‘,.⁰f·1..?1?
1481 2302 1931 2476 &22³3ss
1934 2311 2081 2458 ⁰¹²5.
2091 2304 2592 2458 maffia.

640 2496 681 2540 8
724 2473 1114 2559 degroussir,
1159 2473 1310 2541 dieu
1350 2474 1448 2541 lui
1489 2474 1650 2541 faict
1690 2476 1758 2542 la
1791 2497 1985 2561 grace
2019 2475 2156 2561 quil
2196 2498 2286 2543 va
2326 2497 2413 2543 au
2454 2475 2590 2543 lieu

640 2580 724 2626 ou
779 2560 828 2624 il
891 2580 1039 2627 sera
1098 2559 1259 2645 pelli
1324 2568 1394 2626 et
1456 2580 1684 2645 espere
1739 2582 1824 2627 en
1879 2560 2032 2628 dieu
2087 2563 2226 2648 quil
2288 2562 2386 2629 lui
2450 2563 2590 2629 fera

638 2645 1057 2713 misericorde
1113 2653 1178 2712 et
1235 2646 1372 2729 quil
1433 2667 1551 2712 sen
1607 2648 1859 2715 servira
1900 2668 2011 2715 car
2053 2669 2141 2715 au
2181 2656 2357 2716 reste
2406 2649 2456 2713 il
2498 2669 2589 2714 na

638 2751 758 2815 pas
819 2732 1005 2799 bruit
1067 2730 1298 2800 davoir
1370 2733 1594 2798 'amais
1661 2743 1802 2800 este
1867 2734 2202 2801 debauche
2264 2754 2448 2802 come
2499 2756 2588 2800 on

640 2817 819 2886 veoit
870 2824 1067 2903 genta
1121 2816 1203 2885 de
1256 2817 1345 2884 tel
1373 2840 1410 2883 e
1463 2818 1742 2886 fassion:
1800 2841 1922 2905 par
1963 2841 2054 2901 ce,
2099 2821 2462 2901 Monsieur‚
2515 2821 2589 2919 ,je

637 2924 801 2971 vous
858 2904 921 2970 le
977 2903 1435 2971 recommande
1495 2925 1580 2971 au
1637 2925 1792 2973 nom
1845 2906 1927 2972 de
1971 2906 2122 2973 dieu
2164 2905 2405 2992 auquel
2447 2925 2590 2991 pne

640 3009 803 3058 vous
868 3010 1218 3059 conserver
1278 3011 1389 3058 me
1452 2990 1988 3058 recommendant
2042 3014 2083 3060 a
2126 3013 2243 3060 vos
2307 2993 2590 3059 sainctes

642 3075 891 3225 pri05r03
935 3082 1003 3142 et
1043 3097 1085 3142 a
1124 3081 1360 3227 volsgg}
1387 3075 1605 3144 bonne
1646 3097 1854 3162 grace
1942 3079 2047 3145 De
2079 3077 2590 3146 Montelhimare

643 3181 716 3227 ce
890 3182 927 3228 e
967 3182 1148 3229 mars
1364 3212 1379 3227 .

815 3296 1055 3365 Vostre
1088 3299 1491 3368 treshumble
1533 3308 1603 3365 et
1640 3300 1970 3369 obeissant
2011 3302 2334 3369 serviteur

2153 3387 2503 3455 Lacombe.

1524 3932 1715 4005 3785.

1113 4087 1641 4156 ZERKIN'PES
1686 4088 2120 4158 CALVINO.

821 4258 1054 4328 Casum
1073 4259 1327 4342 exponit
1359 4260 1695 4328 cuiusdam
1715 4261 1937 4345 Atys-ii
1954 4262 2237 4329 numism
2269 4264 2344 4331 in
2360 4265 2596 4332 ditione

648 4343 1066 4413 Romen-sium
1108 4348 1222 4430 qui
1276 4346 1402 4412 sibi
1458 4347 1652 4415 inscio
1693 4347 2069 4431 maqietratu
2119 4350 2492 4417 vocationem
2524 4351 2595 4417 in

649 4429 938 4597 mian·
960 4432 1344 4514 procuravit,
1379 4452 1563 4516 eoque
1594 4433 1752 4499 abiit
1783 4434 2071 4515 quamvis
2104 4435 2360 4501 minime
2392 4436 2596 4519 officio

958 4688 1070 4750 (Ex
1107 4688 1439 4759 autographo
1474 4689 1604 4743 Ood.
1641 4688 1843 4745 Genev.
1883 4689 2002 4759 114,
2035 4690 2127 4745 fol.
2163 4690 2309 4758 117.)

649 4858 737 4926 D.
797 4858 1035 4925 Ioanni
1100 4858 1378 4925 Calvino
1442 4860 1850 4931 Genevensis
1914 4865 2227 4931 ecclesiae
2289 4867 2594 4933 ministro

649 4945 904 5012 Christi
969 4945 1474 5029 vigilantissimo
1545 4950 1717 5030 patri
1782 4969 1858 5016 ac
1920 4951 2110 5016 fratri
2173 4951 2245 5016 in
2306 4949 2595 5019 Domino

1398 5028 1664 5098 colendo
1704 5054 1839 5100 suo.

855 5252 1259 5322 ananam
1315 5251 1914 5312 aonamzmm
1962 5255 2317 5328 ,emoza-0
2371 5261 2478 5317 eac
2528 5261 2597 5318 ae

653 5321 837 5378 aum.
911 5320 1192 5389 (amm.
1226 5321 1261 5377 1.
1296 5337 1345 5378 ο.
1376 5322 1417 5376 1.
1455 5320 1569 5389 98.)

2159 396 2685 467 ΕΡΙΒΤΟΙιΑΕ
2729 400 3148 467 3734-3737

4508 401 4611 466 324

2869 585 3007 652 Diu
3040 606 3301 652 mecum
3336 584 3707 667 deliberavi,
3754 584 4107 652 scriberem
4152 607 4269 653 nec
4312 606 4397 652 nc
4428 585 4514 654 ad
4543 595 4609 654 te

2697 669 3099 738 Dubitabam
3165 672 3341 738 enim
3400 693 3557 738 num
3618 678 3880 757 gratum
3933 677 4110 739 esset
4170 672 4460 738 futurum
4509 673 4613 740 hoc

2695 778 2903 843 genus
2946 757 3145 824 officii
3186 756 3439 824 tamdiu
3482 758 3946 824 intermissum.
4027 755 4163 823 Sed
4204 757 4333 825 vici
4376 756 4613 825 tandem

2693 843 3557 1015 titffltfflmmpmffi
3600 841 4491 1014 ‘iioeffinffissrgssnssgffiffl
4506 842 4616 996 ¹}ss

2695 1035 2833 1081 non
2874 1015 3205 1082 immerito
3248 1015 3545 1082 fortassis
3579 1013 3925 1082 desideres.
3996 1015 4217 1083 Homo
4257 1016 4432 1083 enim
4473 1036 4613 1095 sum,

2694 1099 2988 1169 humana
3071 1102 3270 1168 atior:
3330 1099 3447 1167 sed
3489 1122 3806 1169 conservo
3861 1107 4081 1167 tamen
4126 1107 4449 1185 quantum
4488 1120 4617 1186 pos·

2693 1208 2840 1253 sum
2884 1195 2953 1253 et
2994 1207 3033 1253 o
3112 1208 3268 1257 ervo
3303 1207 3501 1272 quam
3542 1187 3845 1254 omnibus
3888 1187 3998 1271 qui
4036 1185 4288 1256 Christi
4333 1192 4485 1253 sunt
4525 1186 4618 1252 de-

2692 1271 2815 1340 beo
2858 1281 3160 1341 mutuam
3201 1274 3561 1340 caritatem.

2865 1357 3084 1427 Causa
3142 1379 3310 1443 quae
3365 1379 3473 1424 me
3536 1358 3619 1425 ad
3677 1357 4096 1426 scribendum
4158 1357 4423 1444 impulit
4481 1356 4620 1425 haec

2693 1452 2824 1511 est:
2882 1444 3203 1512 Claudius
3259 1445 3528 1529 quidam
3571 1445 3856 1529 Alysius,
3882 1448 3932 1522 ¹)
3975 1455 4122 1530 post
4175 1443 4492 1511 ambitum
4538 1450 4619 1507 to-

2692 1531 2826 1597 tius
2883 1531 3020 1597 fere
3070 1530 3318 1598 biennii
3373 1529 3459 1597 ad
3516 1531 3955 1597 ministerium
4012 1529 4323 1599 ecclesiae
4365 1526 4618 1594 Vuillie·

2692 1617 2905 1683 rensis
2967 1617 3120 1696 (sub
3185 1617 3535 1702 Morgiaua
3658 1616 4049 1697 raefectura)
4117 1617 4235 1683 vix
4302 1614 4618 1692 admissus,

2691 1700 2887 1768 homo
2944 1702 3202 1770 iuvenis
3258 1710 3323 1768 et
3377 1637 3784 1787 imprudens,
3843 1703 4020 1770 viam
4080 1703 4337 1769 invenit
4396 1720 4516 1785 qua
4563 1720 4620 1765 se

2691 1789 2939 1855 recenti
2995 1789 3066 1854 in
3111 1787 3353 1855 ducatu
3397 1787 3828 1874 Burgundiae
3884 1788 4190 1856 ecclesiae
4244 1785 4617 1855 obtruderet.

2690 1874 2870 1940 Loco
2913 1895 3153 1941 nomen
3198 1882 3302 1941 est
3337 1872 3535 1941 Saule
3571 1876 3744 1942 circa
3779 1873 4160 1941 Divionum.
4229 1875 4333 1941 Eo
4380 1895 4450 1939 se
4490 1893 4619 1940 con·

2692 1959 2863 2041 tulit,
2923 1967 2998 2026 ut
3055 1959 3269 2041 audio,
3329 1968 3679 2045 antequam
3723 1961 4103 2030 missionem
4146 1980 4186 2026 a
4241 1967 4478 2027 senatu
4517 1961 4621 2023 im-

2738 2046 3067 2113 etraverit.
3156 2046 3432 2113 Interim
3495 2067 3760 2131 operam
3816 2044 3997 2112 dedit
4050 2053 4130 2113 ut
4184 2046 4406 2131 legato
4449 2044 4622 2110 misso

2688 2068 2827 2286 {sui
2880 2153 3033 2199 suas
3077 2131 3377 2199 adiunxit
3430 2132 3655 2199 literas
3712 2130 3915 2199 veluti
3975 2132 4154 2200 domi
4215 2153 4377 2199 suae
4433 2129 4621 2209 datas)

2746 2216 3083 2284 aulsenses
3148 2241 3190 2285 a
3252 2225 3488 2285 senatu
3561 2226 3861 2302 peterent
3924 2218 4221 2304 Alysiam
4292 2217 4419 2285 sibi
4483 2215 4619 2293 dari,

2692 2325 2884 2389 quem
2919 2302 3266 2371 habebant.
3337 2304 3719 2371 Literarum
3754 2324 4011 2371 summa
4047 2312 4218 2370 erat:
4268 2304 4621 2370 Beruenses

2691 2390 2868 2457 solos
2905 2411 3048 2457 esse
3083 2392 3192 2475 qui
3236 2391 3534 2457 nativum
3576 2399 3645 2456 et
3686 2390 4078 2458 catholicum
4115 2390 4428 2457 ecclesiae
4462 2388 4622 2473 vigo-

2691 2497 2832 2543 rem
2875 2484 3357 2544 conservarent.
3447 2476 3644 2543 Hanc
3696 2476 3973 2562 gloriam
4027 2476 4267 2543 multos
4324 2475 4421 2542 eis
4473 2473 4619 2540 invi-

2693 2562 2848 2628 dere
2909 2562 3247 2629 ministros
3310 2564 3421 2648 qui
3476 2561 3744 2629 Geneva
3804 2562 3877 2627 in
3925 2561 4211 2629 Galliam
4272 2564 4619 2636 mittantur,

2692 2649 2896 2714 nimio
2932 2648 3428 2717 Genevensium
3471 2648 3684 2715 studio
3724 2648 4146 2715 insanientes.
4217 2647 4476 2713 Horum
4517 2646 4622 2710 im·

2691 2741 2918 2819 petum
2960 2756 3105 2801 esse
3142 2734 3631 2835 reprimendum
3651 2788 3668 2815 ‚
3722 2733 3794 2799 id
3839 2755 3920 2799 ue
3979 2756 4100 2799 sua
4156 2753 4384 2819 opera,
4449 2751 4624 2817 quam

2692 2825 3027 2887 strenuam
3071 2819 3417 2905 polhoetur
3449 2821 3663 2906 magis
3704 2821 3776 2886 in
3877 2817 4202 2906 argundia
4233 2819 4624 2903 profuturam

2694 2927 2892 2991 quam
2945 2905 3121 2973 domi
3179 2903 3353 2992 apud
3405 2926 3543 2973 nos.
3631 2904 4076 2974 ostensurum
4118 2906 4293 2973 enim
4339 2926 4412 2972 se
4454 2921 4624 2989 quam

2693 2998 2830 3058 toto
2894 2992 3076 3059 coelo
3140 2999 3366 3059 errent
3429 2992 3541 3078 qui
3596 2992 3913 3060 Genevae
3977 3014 4048 3060 se
4113 2990 4496 3077 inaugurari
4554 2985 4624 3053 ad

2693 3077 3042 3147 ministerii
3104 3077 3511 3146 functionem
3574 3080 3934 3177 patiuntur,
4002 3075 4171 3162 quod
4234 3079 4378 3162 ipse
4436 3076 4623 3143 facere

2693 3163 2890 3231 nolit:
2948 3184 3158 3249 neque
3214 3165 3391 3231 enim
3445 3165 3746 3250 flagitare
3804 3164 3927 3230 hoc
3969 3161 4400 3231 Saulsensem
4444 3160 4624 3229 eccle-

2694 3251 2863 3317 siam
2907 3271 3075 3335 quae
3118 3271 3191 3316 se
3225 3250 3704 3336 protectionem
3738 3249 3961 3334 Anysis·
4001 3259 4458 3335 suscepturam
4496 3263 4624 3341 pro7

2693 3335 2953 3403 miserit
2983 3343 3217 3403 contra
3250 3337 3391 3403 eius
3411 3334 3775 3403 vocationis
3809 3341 4311 3420 oppugnatores.
4368 3332 4622 3402 Senatus

2694 3421 2888 3490 valde
2944 3422 3278 3507 displicuit
3327 3423 3459 3489 ista
3510 3423 3906 3507 protervitas
3946 3429 4015 3488 et
4056 3419 4485 3506 impudentia,
4537 3436 4624 3482 re-

2694 3531 2729 3576 s
2815 3528 3141 3593 usumque
3205 3517 3308 3576 est
3367 3508 3582 3594 legato
3647 3506 4134 3588 Saulsensium‚
4213 3505 4624 3575 cordatiorem

2766 3595 2983 3680 ‘quem
3025 3601 3296 3679 peteret,
3349 3595 3550 3661 istum
3594 3614 3738 3661 esse
3781 3593 3866 3661 ad
3911 3595 4031 3661 has
4087 3613 4193 3661 res
4246 3592 4445 3661 nimis
4486 3607 4621 3676 pue-

2694 3680 2886 3747 rilem
2930 3689 2996 3746 et
3036 3681 3350 3766 ineptum.
3422 3681 3536 3760 At,
3579 3679 3795 3764 inquit
3832 3679 4107 3765 legatus,
4147 3680 4280 3746 iam
4317 3675 4492 3764 apud
4523 3693 4622 3741 nos

2695 3774 2813 3835 est.
2885 3765 3249 3834 Subiunxit
3290 3766 3552 3833 consul:
3594 3764 3729 3830 dixi
3767 3766 3889 3833 tibi
3923 3765 4135 3850 qualis
4168 3766 4273 3846 sit,
4320 3766 4379 3831 si
4413 3762 4623 3849 plaoot,

2694 3857 2901 3921 utere.
3002 3851 3117 3919 Sic
3182 3851 3482 3920 discessit
3540 3851 3819 3937 legatus.
3908 3851 4196 3919 Senatus
4258 3849 4622 3919 existimans

2696 3937 2912 4006 adhuc
2955 3936 3134 4004 domi
3176 3958 3320 4005 esse
3492 3938 3662 4005 siam
3711 3937 3904 4005 classi
3946 3938 4309 4024 Morgiensi
4365 3935 4622 4005 scribere

2695 4046 2801 4091 me
2841 4024 3124 4091 iusserat
3165 4046 3250 4091 ne
3290 4023 3626 4091 hommem
3670 4022 4094 4105 dimitterent,
4150 4021 4268 4091 sed
4324 4042 4479 4090 suae
4518 4020 4623 4085 im·

2740 4109 3084 4177 rudentiae
3126 4110 3459 4177 conscium
3503 4131 3645 4176 esse
3686 4111 4004 4190 iuberent,
4062 4110 4171 4193 qui
4229 4110 4457 4175 turbas
4500 4121 4622 4171 sese

2695 4218 2767 4261 1n
2823 4197 3073 4263 teneris
3129 4194 3346 4263 adhuc
3388 4195 3648 4263 Galliae
3690 4195 3885 4262 rebus
3935 4196 4403 4262 suscitaturum
4447 4210 4622 4285 spon7

2698 4281 2882 4348 deret
2923 4302 3088 4366 quae
3131 4302 3288 4365 pace
3332 4289 3398 4347 et
3439 4282 3786 4349 concordia
3828 4288 4049 4349 essent
4089 4279 4427 4348 fovendae.
4496 4273 4622 4342 mah

2697 4368 2874 4435 enim
2927 4376 3203 4451 patrono
3259 4369 3432 4436 hanc
3488 4366 3957 4451 rempublicam
4016 4387 4184 4451 opus
4225 4388 4361 4434 non
4401 4364 4621 4456 habere

2698 4454 2769 4521 in
2818 4453 3059 4521 Gallia.
3146 4454 3382 4539 Itaque
3439 4475 3644 4538 quum
3699 4451 4004 4538 impediri
4056 4452 4373 4537 profectio
4429 4444 4620 4532 Mysis

2697 4561 2834 4606 non
2855 4541 3142 4624 potuerit
3182 4541 3371 4607 tarde
3405 4541 3604 4606 nimis
3635 4541 3915 4626 cognita,
3952 4546 4020 4605 te
4042 4539 4223 4608 volui
4256 4538 4621 4630 submonere

2695 4625 2894 4694 huius
2957 4626 3082 4707 rei,
3149 4633 3226 4692 ut
3289 4646 3674 4711 quacunque
3737 4627 3982 4711 poteris
4043 4625 4297 4693 ratione
4357 4622 4620 4690 hominm

2697 4711 3016 4779 stultitiae
3071 4732 3392 4791 occurras,
3457 4720 3808 4797 antequam
3870 4732 4023 4780 cum
4086 4711 4404 4778 fratribus
4468 4725 4620 4775 com·

2696 4797 3015 4865 mittatur.
3106 4796 3374 4879 Quanta
3428 4798 3606 4865 enim
3664 4799 4104 4865 offensionum
4159 4798 4436 4864 materia
4485 4789 4618 4858 indo

2696 4883 3052 4950 metuenda
3093 4886 3200 4961 sit,
3244 4903 3378 4950 non
3424 4891 3527 4949 est
3567 4884 3742 4968 quod
3783 4884 3906 4950 tibi
3947 4882 4180 4951 dicam.
4261 4881 4481 4950 Nolim
4519 4877 4619 4942 ho·

2695 4970 2941 5036 minem
3009 4968 3359 5053 perditum‚
3427 4968 3542 5036 sed
3607 4979 4006 5037 revocatum.
4035 4974 4092 5050 ²)
4198 4968 4329 5036 Hic
4391 4961 4618 5033 facilius

2697 5191 2985 5316 3118523-
3006 5191 3519 5274 OEaudiusedlysius
3555 5192 3617 5248 in
3652 5192 3885 5249 articulo
3902 5192 3971 5247 de
4000 5190 4494 5261 praedestinatione
4512 5182 4617 5242 cal·

2697 5279 2826 5316 mo
2861 5278 2884 5316 ι
2902 5258 3787 5402 2)ωὲᾶλῗῧὲὴνῖῗ;οξέἶηδῖἕέἒὲη
3836 5335 3898 5387 at
3941 5345 4162 5387 mam
4202 5330 4500 5399 puniuerat
4535 5321 4616 5377 '0⁸'-
