4850 6117
614 386 741 448 575

613 579 909 656 tempore
952 566 1369 634 Dismaninns
1433 586 1582 631 cum
1648 564 1786 630 suis
1848 564 2201 633 coniuratis
2241 563 2445 631 fidem
2498 566 2570 660 et

614 655 1037 726 autoritatem
1080 651 1258 736 apud
1297 652 1612 718 maiorem
1664 657 1923 735 partem
1982 649 2273 734 equitum
2325 650 2567 715 amislt.

791 738 1143 817 Audivisti,
1186 738 1430 822 optime
1457 737 1654 816 Treei,
1700 735 1781 803 de
1823 735 2122 821 partibus
2165 735 2572 802 adversario-

616 849 803 896 rum:
849 831 1056 891 restat
1100 831 1174 890 ut
1229 824 1427 889 etiam
1480 822 1636 907 quid
1692 823 1801 890 hic
1840 821 2027 888 Deus
2067 843 2187 906 per
2229 843 2350 889 nos
2392 829 2569 907 agat,

614 933 832 998 quove
872 913 944 977 in
988 917 1165 976 statu
1208 910 1344 975 sint
1374 930 1480 975 res
1515 916 1796 989 nostrae,
1831 908 2251 992 explicemus.
2316 907 2569 990 Quam-

621 1002 737 1066 diu
799 996 1073 1065 illustris
1136 995 1532 1062 castellanus
1595 993 1924 1061 Bieeensis
1990 994 2179 1073 vixit,
2241 993 2569 1060 habebant

622 1107 783 1154 sane
844 1083 1017 1167 quod
1080 1082 1640 1149 subtimescerent.
1728 1080 1835 1145 Ita
1899 1081 2074 1145 enim
2140 1080 2313 1165 apud
2374 1080 2566 1145 illum

621 1192 772 1239 cum
813 1191 939 1237 sua
980 1167 1276 1235 doctrina
1318 1167 1500 1234 exosi
1542 1173 1747 1247 erant,
1793 1173 1868 1231 ut
1907 1165 2155 1235 vocatis
2198 1166 2568 1232 senioribus

618 1266 842 1326 coetus
866 1254 1318 1322 Oracoviensis
1353 1256 1425 1318 in
1457 1273 1703 1338 magna
1735 1271 1974 1320 corona
2016 1251 2360 1318 hominum
2395 1252 2569 1319 hanc

620 1344 988 1411 doctrinam
1045 1339 1410 1406 detestatus
1450 1340 1552 1405 sit.
1639 1338 1732 1404 Et
1775 1339 2040 1404 omnino
2083 1337 2431 1404 interdixit
2473 1338 2567 1405 eis

617 1451 704 1496 ne
745 1427 1093 1512 Gregorius
1135 1425 1239 1493 vel
1284 1423 1537 1509 publice
1582 1424 1690 1490 vel
1730 1424 2045 1508 privatim
2089 1423 2284 1489 huius
2329 1423 2568 1490 doctri-

618 1536 745 1582 nae
767 1513 1171 1580 mentionem
1189 1510 1393 1578 ullam
1414 1511 1684 1576 faceret:
1730 1510 2017 1594 alioquin
2052 1530 2122 1576 se
2156 1510 2570 1577 occlusurum

621 1602 892 1668 domum
913 1619 1116 1667 suam
1150 1596 1539 1662 minabatur.
1605 1595 1795 1675 Malo,
1832 1595 2062 1679 inquit,
2098 1596 2270 1661 hanc
2304 1595 2570 1662 domum

620 1688 761 1773 igni
804 1683 1180 1751 comburere
1221 1692 1290 1750 et
1318 1682 1566 1749 coelum
1609 1683 1788 1747 fumo
1829 1682 1903 1747 in
1945 1682 2395 1747 testimonium
2437 1702 2572 1748 om-

618 1772 815 1839 nibus
858 1770 1111 1854 replere
1152 1789 1350 1853 quam
1392 1767 1835 1834 huiuscemodi
1878 1766 2350 1851 blasphemiam
2394 1766 2570 1833 domi

617 1878 806 1925 meae
848 1857 982 1941 pati
1026 1862 1141 1921 aut
1184 1875 1441 1939 quoquo
1475 1852 1667 1920 modo
1701 1873 2104 1936 promovere.
2172 1852 2234 1920 Ο
2272 1853 2568 1919 divinum

616 1952 848 2032 pectus
890 1941 1197 2020 hominis,
1254 1949 1321 2007 et
1361 1944 1698 2025 ingentem
1740 1938 1957 2005 zelum
1998 1960 2116 2023 pro
2172 1939 2379 2024 gloria
2421 1939 2569 2020 Dei,

525 2099 532 2106 ,
617 2032 677 2098 si
720 2029 906 2096 Deus
948 2029 1008 2093 ei
1050 2028 1260 2093 vitam
1303 2026 1577 2093 ulterius
1619 2025 2071 2110 protraxisset.
2151 2023 2284 2091 Sed
2333 2026 2428 2090 ita
2470 2027 2571 2093 vi-

617 2138 767 2184 sum
808 2121 911 2182 est
952 2115 1124 2198 patri
1170 2110 1767 2179 misericordiarum
1810 2133 1962 2179 eum
2003 2132 2277 2179 evocare
2320 2133 2403 2177 ex
2446 2110 2570 2179 hac

617 2204 860 2269 misera
909 2202 1052 2266 vita
1107 2199 1191 2266 ad
1258 2199 1600 2266 beatorum
1643 2196 1846 2265 sedes.
1935 2197 2083 2263 Iam
2125 2199 2336 2265 securi
2378 2205 2573 2264 erant

615 2286 983 2355 adversarii
1025 2292 1093 2351 et
1135 2285 1493 2370 respirasse
1534 2284 1945 2364 videbantur,
2004 2285 2120 2351 sed
2162 2283 2347 2350 Deus
2391 2285 2570 2351 exci-
2612 2311 2620 2319 ·

617 2374 788 2441 tavit
827 2373 1070 2438 iterum
1125 2371 1288 2437 alios
1351 2371 1529 2441 viros
1592 2370 1885 2437 heroicos
1947 2391 2111 2455 quos
2177 2370 2272 2437 eis
2335 2371 2574 2438 obiecit

621 2460 807 2527 velut
870 2460 1014 2525 Gor
1061 2479 1293 2524 oneum
1360 2461 1575 2541 caput.
1684 2457 1792 2523 Ex
1851 2457 2089 2523 horum
2141 2477 2414 2522 numero
2472 2465 2575 2523 est

618 2545 972 2613 Palatinus
1078 2543 1488 2620 omaniensia
1558 2542 1939 2626 capitaneus
1995 2551 2219 2610 noster
2274 2542 2573 2628 Mar-yen-

621 2632 965 2717 buryensiS,
990 2629 1415 2714 Safranecim,
1432 2631 1515 2715 ¹⁴)
1535 2629 1809 2696 Simiam
1828 2629 1894 2695 N
1892 2628 2157 2710 icolaus,
2181 2629 2575 2696 castellanus

628 2717 1110 2785 Osniecimensis
1152 2723 1219 2783 et
1260 2736 1488 2798 omnes
1531 2715 1837 2783 ecclesiae
1877 2716 1949 2781 in
1993 2715 2236 2781 ducatu
2273 2713 2573 2783 Osnieci-

621 2805 835 2871 mensi
911 2811 977 2869 et
1047 2802 1431 2880 Zatoriensi‚
1507 2800 1622 2885 qui
1686 2802 1803 2869 xvi
1869 2800 2197 2881 Octobris,
2225 2804 2307 2880 ¹⁵)
2371 2823 2573 2885 quum

620 2891 826 2957 funus
887 2888 1321 2974 peragebatur
1374 2887 1642 2966 Boneri,
1710 2887 2040 2973 synodum
2097 2887 2451 2956 Cracoviae
2504 2889 2576 2953 in

623 2996 867 3061 magna
924 2974 1299 3041 celebritate
1342 2974 1758 3060 peragebant,
1826 2973 2098 3058 pedibus
2152 2981 2222 3040 et
2270 2974 2574 3041 manibus

623 3062 920 3127 inierunt
961 3060 1033 3125 in
1075 3068 1366 3126 nostram
1408 3060 1824 3141 sententiam,
1868 3061 1964 3126 ita
2000 3058 2176 3144 quod
2209 3059 2306 3125 xii
2343 3060 2573 3126 minis·

624 3148 720 3212 tri
762 3148 834 3212 in
875 3146 993 3212 illa
1034 3146 1176 3230 ipsa
1217 3146 1471 3229 synodo
1512 3147 1899 3214 confessioni
1943 3153 2208 3214 nostrae
2250 3146 2576 3230 subscrip·

625 3252 789 3313 sere,
853 3251 1048 3315 quam
1090 3231 1317 3297 eodem
1371 3233 1658 3311 consili0,
1723 3232 1920 3300 sicuti
1963 3232 2275 3300 Genevae
2325 3233 2574 3300 factum

625 3325 785 3396 erat,
822 3317 945 3383 hoc
979 3324 1093 3397 est,
1141 3325 1213 3383 ut
1255 3318 1352 3383 ita
1385 3326 1716 3386 constaret
1749 3340 1911 3404 quos
1947 3340 2066 3403 pro
2101 3319 2343 3384 nostris
2378 3340 2571 3403 repu-

625 3414 767 3471 tare
809 3401 1190 3469 deberemus
1234 3413 1300 3468 et
1346 3403 1457 3487 qui
1520 3413 1678 3471 sunt
1735 3425 1774 3469 a
1818 3405 2116 3490 partibus
2158 3404 2572 3471 Blandratis-

622 3498 865 3569 tarum,
930 3489 1542 3573 conscripseramus.
1628 3491 1738 3557 Ex
1781 3491 2044 3569 nostris,
2087 3491 2375 3574 inquam,
2421 3498 2577 3557 sunt

630 3576 938 3655 GiloviuS,
974 3573 1060 3659 Η’)
1126 3574 1400 3641 Iacobus
1538 3578 1721 3656 lmus,
1766 3598 1906 3662 ego,
1951 3576 2248 3655 Albinus,
2308 3576 2574 3644 Wisnie·

621 3662 828 3729 vieius
852 3662 936 3743 ¹⁷)
983 3669 1050 3726 et
1089 3657 1202 3726 alii
1247 3661 1531 3744 plurim,
1597 3663 1690 3727 ita
1742 3663 1915 3747 quod
1958 3664 2092 3729 iam
2134 3663 2386 3729 iustum
2428 3682 2574 3730 coe·

622 3757 767 3814 tum
813 3747 1189 3826 habeamus,
1233 3748 1301 3812 in
1348 3768 1474 3832 quo
1516 3749 1850 3833 praecipui
1911 3770 1994 3815 ex
2037 3749 2407 3833 magnificis
2451 3771 2573 3815 nu-

622 3840 980 3900 merantur.
1069 3832 1267 3900 Oives
1331 3834 1531 3900 etiam
1581 3835 1934 3919 praecipui,
2008 3842 2076 3900 et
2126 3835 2178 3900 ii
2234 3834 2571 3914 doctiores,

621 3920 757 3985 iam
797 3919 1357 3985 renunciaverunt
1405 3920 1723 4005 Greyorio,
1769 3942 1853 3987 ex
1896 3921 2131 4005 quibus
2174 3927 2276 3986 est
2313 3919 2399 3987 D.
2439 3921 2576 3988 Ios-

622 4010 744 4086 tus,
788 4006 872 4072 D.
918 4004 1240 4086 Echlerus,
1278 4006 1673 4086 Valmianm,
1716 4006 1803 4073 D.
1844 4007 2091 4076 Vidzan
2132 4015 2201 4072 et
2245 4006 2377 4073 alii.
2450 4008 2577 4074 Isti

623 4092 758 4157 iam
799 4110 923 4158 nec
966 4092 1309 4158 concienes
1359 4092 1653 4177 Greqorii
1702 4093 2139 4177 frequentant,
2195 4115 2318 4162 nec
2361 4114 2577 4161 sacra·

623 4184 853 4243 menta
914 4179 995 4245 ab
1062 4198 1138 4243 eo
1203 4179 1532 4262 percipere
1597 4179 1848 4245 volunt.
1937 4179 2227 4246 Istorum
2284 4181 2576 4247 omnium

624 4263 890 4329 nomine
949 4264 1152 4329 missa
1213 4273 1309 4331 est
1351 4263 1596 4349 legatio
1639 4264 1722 4330 ad
1766 4265 2216 4332 [semanimem
2267 4274 2335 4332 et
2385 4266 2573 4332 illum

626 4346 894 4415 Felicem
914 4353 998 4423 ¹⁸)
1041 4349 1577 4430 infelicissimum,
1622 4372 1706 4417 ne
1750 4351 2030 4435 amplius
2072 4351 2196 4418 sub
2239 4352 2433 4418 titulo
2472 4372 2576 4417 ec-

627 4432 975 4499 clesiarum
1030 4436 1306 4503 minoris
1348 4436 1660 4503 Poloniae
1704 4436 2004 4503 homines
2046 4445 2184 4503 tam
2225 4445 2577 4505 extraneos

626 4539 823 4602 quam
868 4520 1255 4588 domesticos
1298 4521 1691 4606 deciperent,
1736 4543 1903 4589 neve
1938 4524 2257 4592 auderent
2289 4524 2576 4611 synodos

803 4824 889 4891 14)
924 4841 1078 4896 quem
1105 4826 1334 4884 Lubien.
1365 4845 1420 4898 p.
1461 4828 1562 4884 133
1597 4830 1778 4885 virum
1791 4831 2052 4888 illuenmn
2085 4837 2138 4885 et
2170 4832 2582 4901 magnanimum

624 4898 897 5024 ”⁰⁰⁰²'151
935 4961 1087 5017 1562.

802 5033 897 5098 16)
931 5030 1025 5087 De
1058 5046 1118 5086 eo
1151 5032 1322 5088 adeas
1354 5034 1588 5091 Labien.
1620 5052 1673 5105 p.
1714 5035 1827 5090 143.

628 5170 743 5225 141·
784 5099 1380 5243 &gach-uggessom'
1432 5104 1683 5161 eeclesiae
1735 5105 2047 5162 Vdimensis‘
1893 5107 1903 5118 “
2009 5106 2020 5119 ’
2101 5107 2363 5164 minister.
2408 5106 2580 5177 (Lab.

798 5239 892 5308 18)
955 5240 1308 5310 &actvm-nm
1360 5239 1879 5309 superintendentem
1944 5245 2292 5301 menarum
2348 5245 2580 5302 minoris

631 5308 896 5366 Poloniae
923 5309 1094 5379 (Lab.
1127 5307 1273 5376 133).

2282 370 2750 442 EPISTOLA
2793 373 2961 438 3875

2638 1169 2643 1174 ’
2667 1165 2894 1230 melios

4495 379 4605 442 5⁷6

2669 581 3028 629 convocare
3069 569 3139 627 et
3180 562 3446 629 titulum
3480 564 3607 630 sibi
3639 565 4010 632 senioratus
4054 585 4393 652 usurpare.
4460 567 4609 635 Gre-

2665 649 2842 734 9orio
2893 648 3097 714 etiam
3152 647 3527 714 huiusmodi
3583 658 3686 716 est
3741 650 4024 718 conditio
4081 651 4328 731 oblata,
4383 660 4460 717 ut
4509 654 4609 720 vel

2670 734 2941 800 omnino
2974 732 3101 800 sibi
3136 735 3216 801 ab
3252 734 3377 800 hae
3412 734 3708 803 doctrina
3752 746 4166 822 temperaret,
4212 738 4324 804 vel
4364 758 4449 804 ne
4480 759 4611 806 am—

2668 819 2848 904 plius
2875 821 2946 887 in
2968 818 3237 887 aedibus
3258 820 3676 889 Bonerorum
3708 831 3933 892 coetus
3952 825 4204 890 fierent.
4276 823 4612 907 Greqorae

2670 907 2959 986 omnino,
3024 912 3252 990 utpote
3305 905 3431 972 sibi
3489 908 3788 976 conscius
3803 961 3820 989 ,
3887 909 4122 976 maluit
4185 908 4615 978 conditionem

2667 993 2854 1059 illam
2897 991 2979 1059 de
3021 991 3441 1059 convocando
3485 1003 3675 1061 coetu
3716 996 3785 1060 in
3828 994 3945 1061 illa
4000 996 4193 1062 domo
4235 997 4610 1064 commodis-

2667 1080 2837 1144 sima
2876 1078 3166 1156 reiicere,
3201 1098 3398 1163 quam
3439 1079 3522 1145 ab
3579 1080 3781 1164 impia
3835 1089 3902 1146 et
3966 1080 4355 1165 blasphema
4395 1093 4611 1150 contu-

2980 1185 3061 1229 ue
3125 1165 3197 1229 in
3256 1165 3469 1230 Deum
3536 1165 3835 1234 doctrina
3890 1167 3973 1233 V.
4025 1167 4301 1234 Gentilis
4356 1168 4609 1235 resilire.

2840 1250 2930 1314 Vi
2978 1272 3066 1328 es,
3110 1251 3201 1315 mi
3238 1250 3323 1317 D.
3354 1252 3552 1332 Treci,
3597 1254 3918 1337 quomodo
3961 1253 4143 1320 illam
4186 1254 4613 1321 temeritatem

2671 1349 2738 1402 et
2795 1337 3167 1420 superbiam
3215 1337 3524 1422 Greyorii,
3583 1359 3781 1423 quam
3836 1347 3913 1405 tu
3977 1358 4236 1423 semper
4280 1340 4356 1405 in
4402 1360 4479 1406 eo
4517 1340 4612 1406 ob-

2671 1423 2947 1488 servasti
2992 1432 3058 1487 et
3100 1443 3322 1489 coram
3367 1444 3474 1488 me
3516 1434 3912 1509 conquestus
3955 1448 4043 1506 es,
4086 1425 4275 1492 Deus
4342 1425 4611 1511 punivit.

2671 1507 2909 1574 Nonne
2951 1509 3269 1575 habemus
3314 1507 3539 1575 vivam
3560 1512 3914 1597 imaginem
3954 1521 4021 1577 et
4062 1510 4445 1596 exemplum
4486 1513 4613 1579 effi-

2672 1614 2795 1660 cax
2838 1602 2911 1659 ut
2954 1595 3066 1678 qui
3108 1615 3179 1661 se
3220 1595 3292 1658 in
3344 1595 3599 1662 familia
3638 1596 3792 1664 Iesu
3838 1597 4090 1665 Christi
4133 1599 4475 1664 numerari
4512 1619 4614 1663 ve·

2669 1679 2800 1744 lint
2840 1680 2912 1745 in
2954 1681 3191 1747 timore
3233 1687 3302 1746 et
3343 1681 3525 1746 omni
3566 1683 3996 1750 submissione
4042 1684 4317 1767 spiritus
4358 1704 4614 1751 versen-

2672 1772 2797 1843 tur,
2863 1765 3055 1832 iuxta
3109 1765 3305 1833 illud:
3396 1765 3529 1850 Qui
3584 1775 3715 1834 stat
3769 1768 3993 1836 videat
4047 1789 4133 1835 ne
4187 1768 4398 1836 eadat.
4482 1771 4615 1836 Iam

2673 1852 2942 1918 omnino
2981 1854 3055 1918 in
3090 1853 3213 1919 hoc
3247 1860 3404 1919 sunt
3432 1874 3659 1920 omnes
3693 1862 3769 1921 ut
3804 1877 3957 1922 eum
3990 1856 4311 1923 Gracovia
4345 1855 4613 1923 eiiciant.

2673 1938 2962 2003 Tantum
3006 1940 3226 2024 agitur
3267 1938 3350 2005 de
3393 1939 3521 2005 alio
3562 1941 3881 2008 ministro.

2845 2023 2982 2091 Sed
3007 2046 3212 2109 quum
3247 2026 3546 2109 superius
3581 2028 4005 2095 confessionis
4042 2028 4455 2095 mentionem
4486 2029 4614 2107 feci,

2673 2117 2932 2195 oportet
2973 2133 3081 2177 me
3119 2119 3389 2196 propter
3443 2111 3592 2180 illos
3648 2113 3831 2181 viros
3884 2114 4105 2181 doctos
4146 2113 4335 2180 hunc
4378 2135 4615 2199 quoque

2672 2196 3073 2350 garum
3113 2196 3682 2351 ᾶίῗοιῦωτθὲαῑῗοε
3739 2221 3871 2266 non
3923 2200 4408 2352 quaesivifflusu
4453 2198 4616 2267 dicas

2745 2334 2760 2349 .
3138 2307 3175 2349 e
3326 2334 3343 2350 .
3560 2306 3786 2369 meere,
3833 2306 4065 2353 novam
4130 2306 4203 2352 co
4280 2307 4611 2366 ess1onem,

2676 2368 2793 2436 sed
2834 2389 2954 2451 pro
2998 2369 3407 2437 confessione
3461 2378 3689 2438 nostra
3748 2371 3877 2438 tria
3918 2371 4036 2438 illa
4078 2371 4399 2458 symbola,
4444 2392 4613 2456 apos-

2676 2454 2941 2522 tolicum
3001 2477 3257 2540 nempe,
3300 2456 3664 2524 Nicaenum
3706 2465 3772 2523 et
3825 2458 3911 2524 D.
3966 2458 4323 2526 Athanasii
4380 2457 4613 2541 aceepi-

2676 2562 2843 2621 mus,
2911 2563 2989 2608 ac
3044 2547 3312 2627 propter
3365 2544 3680 2610 maiorem
3735 2543 3969 2625 lucem,
4025 2565 4113 2611 ne
4166 2543 4319 2629 quis
4378 2545 4613 2628 aliquas

2679 2627 3083 2710 corruptelas
3146 2627 3398 2709 adsuat,
3467 2628 3892 2696 adiunximus
3953 2630 4103 2697 illos
4157 2652 4248 2697 xv
4319 2629 4613 2696 articulos

2678 2714 2790 2798 qui
2834 2713 3066 2798 Tiguri
3107 2714 3395 2796 novitiis,
3453 2717 3564 2798 qui
3620 2737 3693 2783 se
3736 2715 4041 2784 ecelesiae
4080 2715 4353 2783 illorum
4398 2735 4612 2801 aggre-

2678 2819 2837 2885 gare
2895 2799 3143 2880 volunt,
3200 2793 3611 2898 exhibeptur.
3699 2802 3809 2869 Ita
3862 2804 4040 2868 enim
4081 2800 4168 2869 D.
4212 2801 4613 2887 Buuinyems

2677 2885 2867 2952 nobis
2910 2887 3257 2952 consuluit.
3340 2888 3772 2955 Postmodum
3814 2887 4237 2955 adiunximus
4279 2887 4613 2956 confessio-

2677 2992 2834 3039 nem
2884 2971 3383 3057 peregrinarum
3436 2974 3859 3042 ecclesiarum
3911 2996 4112 3058 quam
4151 2975 4615 3058 conscripserat

2678 3059 2765 3124 D.
2810 3058 3092 3126 Ioannes
3158 3080 3202 3125 a
3241 3059 3468 3127 Lasko.
3557 3060 3777 3127 Tertio
3830 3062 3969 3128 loco
4025 3061 4331 3145 ponimus
4378 3059 4612 3129 confes-

2679 3144 2929 3211 sionem
2993 3143 3402 3218 Genevensis
3490 3147 3813 3228 ecclesiae,
3893 3168 4092 3231 quam
4155 3147 4482 3232 expressit
4538 3145 4613 3211 D.

2678 3230 3060 3298 Theodorus
3081 3231 3260 3299 Besa
3300 3233 3373 3298 in
3415 3253 3538 3298 sua
3580 3233 3987 3301 confessione
4028 3233 4257 3299 statim
4301 3232 4388 3301 ab
4420 3231 4612 3309 initio,

2678 3316 2957 3383 articulo
2997 3319 3227 3404 primo.
3312 3318 3564 3385 Ultimo
3607 3319 3747 3387 loco
3805 3320 4195 3404 apponimus
4236 3319 4614 3387 sententiam

2677 3403 3100 3470 confessionis
3141 3404 3648 3486 Pinczoviensis,
3725 3427 3921 3491 quam
3977 3414 4208 3474 contra
4252 3405 4613 3473 &aucarum

2673 3489 3347 3574 promulgaveramus.
3434 3489 3677 3558 Exstat
3752 3494 4071 3576 impressa
4127 3492 4244 3559 sed
4296 3493 4435 3559 iam
4489 3508 4613 3556 eam

2674 3583 3122 3642 contemnunt.
3208 3577 3573 3657 Postremo,
3638 3584 3715 3643 ut
3768 3578 4073 3645 omnibus
4130 3584 4464 3645 constaret
4509 3594 4613 3641 nos

2674 3681 2828 3728 cum
2870 3662 3196 3728 restitutis
3250 3663 3554 3731 omnibus
3595 3685 3715 3747 per
3754 3664 4205 3744 Germaniam,
4248 3663 4610 3731 Helvetiam

2675 3755 2743 3812 et
2764 3745 3166 3814 sabaudiam
3210 3748 3498 3816 eeclesiis
3538 3748 3665 3816 hac
3706 3751 3780 3815 in
3820 3756 4007 3834 parte
4049 3769 4323 3835 prorsus
4356 3769 4609 3817 consen·

2673 3835 2817 3912 tire,
2862 3834 3078 3901 visum
3121 3835 3429 3901 universo
3470 3837 3687 3902 coetui
3730 3843 3807 3902 ut
3860 3835 4117 3920 publice
4159 3856 4391 3902 omnes
4431 3841 4610 3901 testa-

2675 3927 2909 3985 rentur
2950 3941 3022 3985 se
3063 3921 3137 3985 in
3175 3941 3253 3986 ea
3295 3920 3591 3988 Staneari
3644 3923 4091 3990 controversia
4143 3942 4293 3987 cum
4334 3922 4426 3987 D.
4468 3918 4610 3986 Phi-

2674 4006 2854 4090 lippo
2920 4004 3343 4073 Melanthione
3430 4015 3499 4073 et
3560 4008 3911 4091 praedictis
3975 4007 4277 4074 omnibus
4342 4003 4609 4101 ecclesiis

2677 4093 2942 4158 sentire.
3034 4091 3327 4159 Stancari
3388 4092 3631 4160 librum
3696 4093 3954 4178 publice
4006 4094 4079 4160 in
4137 4094 4278 4160 foro
4336 4092 4611 4160 combun

2676 4177 2988 4244 iussimus
3048 4184 3168 4244 etc.
3275 4178 3362 4244 In
3424 4178 3542 4245 illa
3602 4180 3748 4265 ipsa
3812 4181 4218 4248 confessione
4279 4178 4609 4273 manifesto

2679 4262 2985 4330 detestati
3070 4285 3296 4331 sumus
3384 4265 3777 4332 nominatim
3855 4266 4218 4335 doctrinam
4283 4263 4609 4332 Valentim

2684 4349 2973 4429 GentiliS,
3022 4348 3335 4430 Gribaldi,
3385 4352 3663 4433 Gom-eii,
3689 4353 3932 4420 Aleiati
3969 4360 4036 4419 et
4077 4353 4373 4418 aliorum.
4445 4350 4609 4416 Βίων·

2677 4436 2815 4503 cari
2857 4435 3056 4501 etiam
3098 4434 3328 4503 deliria
3368 4437 3462 4504 ibi
3504 4438 3980 4507 damnavimus.
4067 4438 4256 4505 Haec
4312 4432 4606 4505 confessio

2680 4542 2887 4608 quum
2955 4520 3259 4606 Greqorio
3335 4532 3812 4607 proponeretur
3888 4532 3966 4590 ut
4036 4525 4096 4590 ei
4173 4523 4605 4596 subscriberet

2680 4610 2948 4673 omnino
3013 4607 3245 4688 noluit,
3312 4609 3427 4675 sed
3492 4609 3664 4675 dixit
3717 4631 3788 4675 se
3831 4611 4108 4676 firmiter
4171 4611 4419 4675 sentire
4473 4626 4605 4675 cum

2679 4694 2935 4779 Ignatio
2980 4693 3112 4773 illo,
3169 4694 3464 4776 Irenae0,
3507 4696 3930 4762 Tertulliano.
4017 4695 4229 4762 Plane
4270 4696 4448 4761 enim
4487 4711 4607 4758 eas·

2682 4778 2832 4846 dem
2895 4779 3255 4847 sententias
3324 4781 3399 4846 in
3473 4802 3664 4849 suam
3728 4803 3870 4848 rem
3934 4781 4272 4849 adducunt
4334 4801 4490 4865 quas
4549 4781 4603 4874 qt

2680 4865 2834 4932 Val.
2884 4864 3156 4933 Gentius
3206 4873 3274 4932 et
3330 4867 3635 4935 Sei-vetus,
3733 4868 3921 4935 Haec
3976 4868 4197 4934 omnia
4259 4866 4605 4952 designavit

2680 4953 2754 5017 in
2807 4952 2932 5019 hac
2980 4952 3241 5037 pagella
3295 4973 3499 5019 manu
3554 4954 3820 5038 propria
3875 4954 4080 5033 (nosti
4133 4973 4404 5019 manum
4458 4949 4599 5022 eius)

2682 5037 3010 5122 descripta
3023 5089 3037 5117 ,
3104 5059 3301 5122 quam
3366 5039 3485 5107 tibi
3547 5039 3631 5105 ob
3682 5041 3995 5106 maiorem
4038 5039 4238 5106 fidem
4295 5037 4495 5114 mit-tc,
4544 5039 4600 5097 et

2681 5138 2839 5190 nota
2880 5123 3036 5207 quid
3080 5124 3327 5209 garriat
3368 5126 3449 5192 de
3491 5126 3619 5192 isto
3661 5126 3942 5211 Ignatio.
4581 5201 4593 5213 ,

2855 5209 3143 5277 Videant
3204 5211 3411 5295 igitur
3463 5210 3560 5276 illi
3616 5212 3745 5277 viri
3796 5211 3886 5295 pii
3944 5219 4010 5278 et
4066 5211 4242 5279 docti
4293 5208 4447 5295 quid
4493 5203 4599 5272 sib1

2686 5295 2991 5380 deinceps
3059 5294 3139 5362 de
3198 5297 3589 5378 Lismanino,
3651 5296 3951 5384 Greyorio
4015 5309 4081 5366 et
4136 5297 4282 5365 aliis
4337 5292 4597 5365 eiusdem
