4850 6117
220 402 321 462 301

217 605 345 650 esse
375 583 525 649 Iulii
556 585 803 651 mensis
837 585 1143 668 edictum,
1179 609 1311 653 non
1348 588 1539 671 quale
1572 588 1872 665 habetur,
1908 588 2025 655 sed
2045 591 2143 654 ita

218 678 285 736 ut
314 672 734 754 perscriptum
771 679 915 737 erat
945 672 1020 737 in
1052 673 1275 739 curiae
1307 672 1606 757 registro,
1675 674 1744 738 id
1787 684 1888 740 est
1928 675 2139 739 multo

216 754 543 823 crudelius,
570 758 656 833 ¹²)
727 756 873 823 Non
915 757 1139 825 deesse
1180 761 1546 843 principem
1589 759 1678 843 (10
1720 769 1823 827 001
1864 761 2139 826 Aumat-

214 843 405 909 laem
459 843 570 924 qui
626 855 899 926 paratus
962 846 1052 910 sit
1113 845 1291 911 intra
1331 866 1626 911 mensem
1692 866 1915 912 omnes
1978 848 2139 912 istos

215 937 385 994 extra
438 930 627 1011 regni
680 928 926 995 limites
982 931 1352 1015 profligare.
1441 931 1809 998 Sorbonam
1854 932 2136 1015 scriptu-

213 1034 340 1079 ram
402 1033 543 1079 esse
607 1014 876 1081 brevem
940 1016 1410 1083 catechismum
1433 1066 1448 1094 ,
1514 1020 1629 1101 001
1696 1039 1735 1082 0
1799 1017 2136 1084 catholicis

212 1098 560 1166 doctoribus
605 1101 677 1165 in
722 1100 1026 1168 omnibus
1067 1102 1325 1186 oppidis
1367 1103 1762 1186 explicetur:
1850 1105 2137 1188 itemque

210 1183 345 1250 fidei
387 1185 615 1268 capita,
662 1186 898 1270 quibus
942 1188 1090 1254 Rex
1135 1190 1274 1272 ipse
1315 1188 1589 1273 primus,
1634 1188 1867 1255 deinde
1911 1209 2135 1256 omnes

211 1272 336 1337 sine
386 1274 764 1354 exceptione
829 1273 1259 1340 subscribant.
1345 1274 1480 1357 Qui
1522 1274 1645 1340 hoc
1690 1273 1904 1340 facere
1948 1296 2134 1341 recu-

208 1358 369 1430 sarit.
433 1358 489 1423 si
548 1378 680 1441 quo
743 1380 1014 1425 munere
1077 1361 1409 1446 fungatur,
1475 1362 1557 1427 ab
1622 1361 1762 1427 eius
1802 1362 2135 1427 functione

206 1463 313 1525 per
349 1463 600 1508 annum
646 1446 999 1511 abstineat:
1067 1446 1197 1512 nisi
1253 1448 1434 1512 intra
1473 1467 1721 1512 annum
1765 1449 2132 1531 resipuerit,

208 1528 416 1594 exsilio
468 1539 536 1594 et
595 1531 876 1596 fortunis
934 1532 1270 1598 multetur.
1372 1531 1498 1598 Sin
1556 1535 1855 1614 privatus
1912 1534 2131 1612 fuerit,

205 1616 365 1680 intra
403 1636 698 1681 mensem
742 1617 1015 1682 excedat
1056 1618 1280 1703 Regni
1320 1619 1583 1696 finibus,
1633 1619 1914 1684 ministri
1958 1622 2134 1685 intra

207 1698 360 1764 diem
403 1701 730 1767 decimum
775 1703 1098 1787 quintum,
1167 1703 1389 1769 addita
1430 1705 1914 1771 revertentibus
1956 1706 2143 1789 capi-‘

204 1785 306 1852 tali
360 1806 586 1869 poena,
646 1787 996 1872 pellantur.
1084 1789 1476 1856 Nostrarum
1530 1791 1948 1857 ecclemarum
1993 1812 2133 1858 ma-

204 1872 494 1937 trimonia
536 1874 730 1939 irrita
773 1874 1158 1952 habeantur,
1205 1884 1272 1944 et
1315 1898 1401 1941 ex
1442 1877 1529 1943 iis
1569 1877 1874 1962 prognati
1916 1898 2134 1943 mares

202 1957 298 2023 vel
335 1957 658 2026 foeminae
711 1962 887 2026 inter
929 1963 1190 2045 spurios
1231 1971 1680 2029 numerentur.
1771 1961 1951 2044 Quid
1993 1983 2133 2029 am-

202 2042 398 2127 plius?
462 2055 540 2109 ut
581 2066 743 2128 quos
786 2046 871 2113 ba
915 2049 1261 2114 tisavimus
1303 2048 1505 2114 alieni
1547 2047 1630 2114 ab
1671 2048 1943 2115 ecclesia
1983 2069 2133 2115 cen-

202 2137 465 2195 seantur.
569 2131 757 2198 Haec
816 2134 830 2147 “
893 2133 943 2199 ‘t
1011 2146 1077 2199 01
1131 2155 1290 2200 0000
1343 2134 1595 2219 gaudeo
1650 2134 1820 2218 quod
1873 2135 2131 2200 nullum

202 2213 468 2280 medium
521 2217 875 2284 consilium
934 2222 1245 2303 ceperint.
1331 2219 1559 2304 Neque
1613 2220 1790 2286 enim
1850 2219 2132 2286 arbitror

202 2299 387 2366 ullum
442 2323 715 2385 prorsus
769 2307 908 2370 fore
964 2307 1077 2388 qui
1140 2326 1276 2372 non
1330 2327 1441 2372 eos
1498 2315 1573 2371 ut
1630 2307 1869 2373 stultos
1921 2306 2132 2372 rideat

207 2399 264 2451 01
332 2397 404 2452 01
476 2390 750 2455 insanos
826 2392 1095 2458 reiiciat.
1200 2392 1468 2458 Interea
1531 2394 1783 2457 exitum
1844 2392 2127 2474 aliquem

205 2474 676 2556 praestolamur.
773 2475 981 2559 [Quid
1047 2498 1302 2561 sperem
1360 2498 1571 2563 rogas.
1672 2478 2127 2561 Respondebo,

204 2558 472 2625 incertus
514 2563 733 2647 magis
785 2584 934 2628 sum
990 2584 1183 2647 quam
1230 2575 1442 2631 antea.
1530 2563 1668 2630 Sed
1714 2574 1937 2629 tamen
1981 2565 2128 2629 dico

202 2664 292 2708 me
348 2666 614 2729 sperare
677 2648 971 2714 futurum
1036 2659 1114 2715 ut
1167 2649 1453 2716 edictum
1518 2649 1826 2728 obtineat,
1903 2665 1972 2715 et
2035 2652 2130 2715 ita

202 2731 366 2797 uobis
421 2733 764 2815 (quamvis
822 2756 953 2800 non
1013 2736 1158 2802 sine
1210 2737 1548 2802 immensis
1605 2735 2129 2808 difficultatibus)

204 2815 272 2880 ad
316 2816 581 2901 plenam
633 2817 1003 2886 libertatem
1055 2823 1198 2905 ipsa
1256 2822 1611 2889 necessitas
1653 2821 1903 2887 aditum
1945 2831 2128 2907 pate-

200 2900 391 2969 faciat.
490 2904 710 2989 Urget
773 2908 942 2973 serio
1007 2907 1270 2992 Regina
1331 2918 1412 2974 ut
1473 2908 1982 2992 respondeamus
2046 2908 2130 2973 de

198 2987 367 3054 liberi
408 2991 671 3057 concilii
715 2992 1212 3073 conditionibus,
1257 3004 1323 3060 et
1365 2994 1500 3061 scio
1532 2992 1700 3059 nihil
1733 2994 1844 3059 hic
1878 2993 2127 3059 fraudis

198 3073 461 3143 subesse.
554 3076 698 3142 Iam
744 3080 920 3144 enim
966 3080 1231 3146 tandem
1275 3080 1588 3164 intelligit
1628 3101 1735 3145 res
1778 3101 1932 3146 suas
1974 3101 2124 3146 cum

199 3171 401 3226 nostra
441 3161 659 3229 salute
701 3186 846 3230 esse
888 3168 1288 3232 coniunctas.
1371 3166 1663 3249 Ouperet
1703 3174 1923 3231 autem
1966 3166 2128 3231 alias

198 3247 373 3313 ctiam
439 3247 769 3330 ecclesias,
856 3254 1244 3334 praesertim
1307 3260 1653 3328 vestrates,
1737 3249 1978 3317 habere
2055 3252 2127 3316 in

199 3332 405 3399 eadem
448 3334 793 3401 voluntate
834 3340 1335 3404 consentientes.
1424 3338 1614 3422 Rogo
1656 3339 1861 3422 igitur
1902 3347 1970 3402 et
2012 3338 2127 3403 ob-

198 3436 355 3485 secro
395 3430 472 3486 01
515 3420 678 3505 quid
738 3421 856 3488 tibi
909 3424 1215 3491 videatur
1257 3433 1331 3489 tu
1374 3425 1515 3508 ipse
1559 3424 1643 3488 ad
1685 3444 1804 3488 nos
1847 3422 1963 3488 dili
2048 3444 2125 3488 n-

198 3512 285 3569 ter
332 3517 400 3571 et
448 3510 670 3591 primo
724 3530 979 3593 quoque
1033 3517 1327 3593 tempore
1375 3509 1761 3594 perscribas,
1806 3510 1975 3575 simu
2002 3529 2127 3591 que

198 3588 530 3675 Tigurinos
613 3605 681 3660 et
757 3596 918 3662 alios
992 3616 1419 3680 quoscunque
1491 3596 1741 3679 poteris
1805 3596 1889 3660 ad
1950 3595 2123 3661 idem

197 3678 522 3745 consilium
567 3680 958 3765 capiendum
1013 3680 1312 3758 horteris,
1372 3681 1545 3765 quod
1587 3680 1885 3746 fortassis
1926 3700 2127 3764 expe·-

199 3761 315 3828 diet
364 3766 630 3847 publice
682 3768 926 3851 scripto
986 3766 1208 3834 libello
1263 3769 1510 3852 reponi.
1597 3766 1733 3833 Sed
1790 3766 2126 3833 celeritate

197 3866 342 3930 opus
418 3864 521 3917 est
580 3852 734 3935 quia
812 3869 1168 3936 properant
1238 3853 1597 3922 adversarii
1673 3862 1741 3919 et
1796 3852 2123 3937 Reginam

198 3934 456 4087 atgagg
492 4044 646 4089 mea
686 4025 1083 4102 valetudine,
1132 4026 1357 4125 videor
1391 4026 1655 4110 quidem
1689 4027 1855 4126 mihi
1887 4025 2125 4092 melius

196 4103 433 4187 babere,
479 4108 598 4174 sed
638 4120 864 4177 tamen
906 4112 1268 4195 quotidiam
1309 4112 1565 4178 labores
1606 4114 1723 4178 vix
1757 4126 1985 4178 sinunt
2016 4133 2124 4177 me

195 4195 518 4275 respirare.
588 4196 855 4262 Interea
885 4198 1126 4263 millies
1140 4198 1328 4276 ‚mori
1360 4198 1606 4276 malim,
1629 4218 1824 4280 quam
1846 4201 1916 4264 in
1936 4205 2124 4263 tanta

194 4283 563 4363 tempestate
605 4284 959 4365 quiescere,
1001 4283 1448 4351 laborantibus
1486 4284 1812 4350 omnibus.
1881 4284 2123 4349 Preces

195 4368 430 4430 tantum
474 4374 649 4450 peto,
718 4379 786 4433 et
826 4390 1006 4453 rogo,
1076 4371 1170 4435 mi
1213 4378 1418 4453 pater,
1480 4378 1574 4448 ut,
1641 4368 1813 4454 quod
1857 4369 1938 4435 ad
1980 4390 2121 4435 rem

194 4448 366 4515 istam
410 4453 666 4533 attinet,
710 4462 969 4521 caetera
1007 4454 1283 4522 arbitrio
1322 4477 1472 4521 meo
1511 4456 1862 4539 relinquas.
1949 4455 2120 4521 Nam

195 4534 245 4597 si
282 4544 419 4602 tute
460 4538 574 4604 1110
614 4562 809 4619 00000,
862 4542 1051 4625 piger
1095 4541 1212 4607 tibi
1255 4541 1516 4608 viderer
1554 4543 1623 4607 in
1667 4551 1857 4606 tanta
1896 4561 2119 4607 neces-

196 4621 390 4702 sitate,
458 4636 773 4709 quantam
841 4628 951 4694 hic
1017 4628 1363 4710 conspicio,
1429 4629 1499 4692 in
1565 4649 1644 4692 00
1709 4628 1870 4693 urbe
1925 4647 2119 4710 quam

350 4847 443 4915 12)
480 4848 744 4906 anlart
814 4891 831 4907 .
860 4849 958 4905 72.-
992 4850 1071 4904 Le
1105 4848 1190 4903 25.
1212 4850 1372 4904 Fevr.
1408 4854 1742 4904 arresterent
1776 4850 1904 4920 qu'il
1938 4852 2120 4921 pleust

197 4931 255 4968 au
284 4915 396 4986 Boy
427 4917 566 4972 faire
611 4920 774 4973 derec
812 4919 873 4973 ef
910 4919 1124 4990 publier
1167 4919 1318 4973 l'edit
1358 4920 1429 4972 de
1462 4919 1656 4974 Juillet
1707 4921 1905 4988 auquel
1950 4920 2120 4973 seroit

196 4984 421 5054 adjouste
470 5002 576 5055 000
625 4989 707 5042 100
755 4989 1034 5043 ministres
1086 5001 1144 5042 01
1233 4988 1504 5042 1011100010
1554 4988 1794 5042 00101001
1845 4993 2003 5042 tenus
2048 4988 2118 5042 de

197 5054 370 5108 wider
399 5054 533 5109 11010
565 5057 620 5110 10
663 5073 728 5111 10
765 5073 939 5111 amne.
1009 5056 1113 5112 Oes
1220 5058 1303 5110 vis
1346 5057 1419 5110 du
1452 5057 1763 5111 Parlement
1804 5057 1991 5111 furent
2024 5073 2117 5110 en·

196 5122 343 5193 voye·
374 5140 445 5176 au
465 5124 681 5179 00110011
752 5127 924 5197 uRoy
963 5132 1021 5180 et
1056 5143 1162 5181 11011
1199 5126 1474 5180 touteffois
1507 5126 1636 5180 bien
1669 5143 1873 5195 100000,
1907 5126 2002 5195 001
2035 5125 2119 5179 fut

196 5205 337 5245 cause
378 5209 485 5246 aux
532 5195 868 5250 adversaires
910 5196 982 5250 de
1024 5194 1245 5266 l'Eglise
1280 5194 1478 5248 d'estre
1520 5197 1646 5263 plus
1688 5196 2021 5266 orgueilleux
2058 5202 2116 5248 et

195 5258 257 5312 de
300 5262 580 5317 0001111001
612 5266 649 5319 a
679 5265 817 5318 aller
865 5281 934 5319 en
986 5265 1132 5318 leurs
1184 5264 1438 5333 presches
1483 5263 1559 5317 du
1592 5264 1907 5318 Patriarche
1954 5271 2011 5317 et
2045 5263 2113 5317 de

197 5327 514 5398 Popincourt
542 5335 726 5402 garnie
756 5334 828 5389 de
862 5334 1113 5402 pistolets
1147 5343 1206 5387 01
1237 5339 1419 5386 autres
1453 5348 1641 5385 armes.
1719 5389 1723 5393 ,

1859 402 2017 464 1562
2061 395 2526 465 FEBRUAR.

4060 409 4182 473 302

2240 585 2598 653 adversarii
2651 589 2999 673 praecipue
3055 599 3305 674 petunt.
3393 591 3498 656 De
3558 612 3708 658 meo
3752 593 3965 659 reditu
4008 595 4181 660 idem

2239 682 2341 739 est
2390 674 2560 738 mihi
2617 675 2892 741 animus.
2979 675 3157 758 Quid
3200 677 3394 742 multi
3436 678 3703 762 cupiant
3745 689 3940 761 atque
3985 682 4181 747 etiam

2237 758 2790 840 importunissime
2831 762 3149 847 flagitent,
3202 765 3438 846 partim
3483 763 3614 827 iam
3659 764 3987 838 admonui,
4035 788 4182 849 par-

2239 844 2361 909 tim
2405 845 2710 929 deinceps
2761 849 3177 931 cognoscetis.
3266 849 3436 914 Nam
3494 849 3617 914 etsi
3670 851 3765 914 ita
3818 852 4047 930 restiti,
4107 863 4185 917 ut

2237 929 2479 995 millies
2521 931 2956 1014 praedixerim
3003 933 3172 999 nihil
3208 934 3341 999 tale
3376 955 3518 1000 esse
3551 934 3709 1017 ipsis
3744 936 4181 1018 cogitandum,

2237 1025 2463 1081 tamen
2516 1017 2706 1083 video
2762 1018 2939 1101 ipsos
2992 1022 3212 1085 omnia
3266 1031 3653 1085 tentaturos.
3742 1020 3921 1101 Quid
3983 1043 4181 1107 expe-

2238 1101 2377 1166 diat
2417 1104 2475 1168 si
2519 1103 2816 1186 requiris,
2866 1114 3023 1187 puto
3068 1105 3148 1170 de
3190 1105 3315 1171 hoc
3357 1106 3659 1170 constitui
3705 1128 3833 1171 non
3879 1128 4067 1190 posse
4110 1112 4181 1174 in

2235 1188 2364 1253 ista
2426 1209 2648 1253 1010111
2694 1189 3195 1272 perturbatione.
3286 1191 3577 1258 Coniicio
3645 1193 3993 1273 Iulianum,
4067 1197 4178 1277 qui

2236 1274 2539 1340 omnibus
2616 1274 2806 1340 bonis
2872 1277 3074 1342 semel
3139 1277 3381 1343 bellum
3447 1278 3756 1354 minatur,
3844 1301 4179 1363 nunquam

2234 1379 2583 1443 passurum
2643 1369 2719 1426 ut
2769 1360 3016 1427 diutius
3073 1364 3143 1427 in
3191 1363 3315 1429 hoc
3378 1383 3582 1449 reguo
3637 1384 3957 1431 maneam.
4045 1364 4181 1432 Sed

2234 1446 2307 1510 in
2351 1467 2629 1526 omnem,
2676 1455 2751 1512 ut
2793 1447 2997 1526 aiunt,
3043 1459 3352 1514 eventum
3396 1448 3687 1532 proderit
3726 1449 4004 1535 publicis
4036 1450 4181 1518 lite-

2234 1533 2326 1597 ris
2391 1553 2500 1596 me
2564 1531 2645 1597 ad
2701 1531 3028 1598 Calendas
3071 1534 3252 1614 Maii,
3319 1534 3401 1599 ad
3458 1556 3807 1614 summum,
3863 1539 4176 1604 revocari.

2236 1615 2314 1683 Si
2367 1620 2622 1684 interea
2677 1620 2916 1695 eiiciar,
2981 1631 3157 1686 certe
3200 1618 3377 1687 solus
3432 1642 3562 1686 non
3618 1643 3748 1686 010.
3860 1621 3995 1688 Sed
4035 1624 4178 1703 1100,

2235 1713 2312 1804 ut
2307 1724 2612 1855 *311101οἈ
2635 1705 3171 1857 Deustgvertetd
3222 1707 3627 1857 Sizdlngtilnus,
3684 1721 3910 1859 {moen
3953 1731 4181 1858 otmfloe

2234 1811 2305 1854 10
2532 1812 2580 1855 0
2674 1811 2837 1856 10011
2963 1812 3069 1856 1110
3175 1815 3211 1859 0
3275 1815 3311 1857 1
3855 1814 3870 1857 :
3937 1816 3973 1860 e
4103 1817 4182 1862 oc

2234 1811 2533 1942 fortasffig
2586 1876 2887 1956 obstabit,
2955 1880 3302 1960 quominus
3358 1876 3441 1944 ad
3500 1813 3702 1945 “oggi
3672 1880 4024 1945 mittantur
4068 1881 4182 1966 qui

2234 1961 2420 2027 vobis
2480 1972 2672 2046 atque
2726 1963 2924 2028 etiam
2978 1965 3142 2029 mihi
3186 1966 3317 2030 0101
3361 1964 3639 2031 molesti.
3729 1965 3913 2031 Haec
3958 1979 4181 2032 tamen

2233 2047 2326 2112 ita
2370 2046 2545 2114 dicta
2586 2059 2654 2113 et
2695 2049 2939 2132 scripta
3002 2061 3213 2130 sunto,
3276 2058 3347 2115 ut
3397 2072 3503 2116 me
3561 2051 3949 2118 existimetis
4013 2052 4178 2117 nihil

2234 2133 2411 2198 aliud
2478 2133 2858 2213 decrevisse,
2947 2156 3141 2218 quam
3204 2136 3376 2220 quod
3455 2137 3837 2203 censueritis
3902 2157 3983 2202 ex
4051 2159 4177 2203 000

2231 2240 2373 2284 0000
2439 2220 2763 2300 000100100,
2833 2221 2973 2285 sive
3040 2221 3145 2287 hic
3212 2221 3374 2287 mihi
3442 2223 3530 2289 sit
3593 2222 3987 2289 manendum
4034 2225 4176 2289 sive

2230 2304 2650 2371 redeundum.

2401 2390 2548 2456 Iam
2608 2392 2689 2457 ad
2745 2403 3109 2476 postremas
3171 2402 3316 2460 tuas
3357 2397 3571 2460 venio.
3661 2392 3853 2476 Quod
3898 2395 3978 2460 de
4021 2395 4174 2462 His-

2229 2478 2383 2560 pani
2427 2486 2498 2542 et
2538 2478 2814 2544 aliorum
2858 2477 3115 2544 foedere
3156 2480 3306 2545 istic
3346 2481 3575 2560 fertur,
3636 2480 4026 2564 iampridem
4071 2481 4176 2548 hic

2230 2562 2494 2628 volitat:
2563 2574 2632 2629 et
2686 2565 2841 2630 facit
2890 2564 3416 2631 adversariorum
3470 2566 3879 2643 confidentia,
3925 2579 3998 2632 01
4040 2587 4178 2632 000

2311 2649 2494 2715 nitus
2538 2668 2782 2715 vanum
2825 2672 2968 2716 esse
3010 2671 3344 2716 rumorem
3388 2651 3827 2718 conficiamus.
3898 2650 4033 2717 Sed
4073 2653 4176 2717 ni-

2281 2736 2295 2749 “
2368 2736 2529 2800 00111
2582 2756 2927 2819 possumus
2987 2735 3201 2803 adhuc
3252 2739 3597 2817 affirmare,
3652 2738 3949 2820 quamvis
3995 2736 4175 2803 Posi-

2228 2820 2479 2899 danius,
2545 2823 2656 2905 qui
2722 2832 2861 2887 tum
2921 2822 3027 2887 hic
3068 2833 3212 2888 erat
3252 2843 3452 2905 quum
3495 2823 3724 2889 literae
3769 2833 3921 2888 tuae
3964 2831 4030 2888 et
4072 2824 4172 2888 illi

2230 2919 2299 2970 et
2340 2906 2504 2971 mihi
2567 2907 3013 2985 redderentur,
3070 2909 3293 2974 omnia
3350 2908 3574 2975 sedulo
3638 2908 3726 2975 sit
3778 2909 4170 2992 expiscatus.

2230 2990 2406 3057 Nam
2447 2993 2782 3059 commode
2824 3002 3133 3061 evenerat
3174 3002 3248 3059 ut
3292 3004 3431 3059 tum
3477 3014 3730 3078 quoque
3771 2994 4033 3079 Regina
4063 2994 4172 3059 hic

2229 3087 2420 3143 esset.
2498 3078 2674 3144 Puto
2715 3079 2922 3164 igitur
2963 3100 3178 3164 neque
3221 3080 3768 3147 contemnendum
3810 3101 3952 3147 esse
3991 3079 4173 3146 hunc

2228 3183 2578 3315 Lumorem,
2644 3166 3168 3317 nequngonimitzm
3177 3166 3785 3318 targfgrmidandgm.
3872 3164 4174 3252 Diligen-

2297 3272 2333 3314 r
2371 3270 2593 3315 omma
2633 3270 2786 3317 seru
2935 3273 2988 3329 r,
3032 3271 3071 3316 0
3143 3274 3176 3319 0
3406 3272 3653 3335 persen
3696 3272 3821 3317 am.

2402 3335 2761 3421 [Goynetius
2813 3337 2959 3403 heri
3015 3339 3353 3420 ingressus
3395 3347 3499 3404 est
3537 3339 3667 3404 iter
3709 3347 3888 3403 recta
3929 3336 4014 3403 ad
4057 3359 4174 3406 vos

2227 3430 2294 3486 et
2378 3423 2602 3489 omnia
2678 3444 2748 3489 00
2833 3431 3217 3490 0010101010
3301 3424 3619 3507 promisit.
3741 3423 4174 3490 Profecerunt

2227 3506 2592 3592 Bullinyeri
2631 3508 2838 3576 nostri
2893 3509 3122 3576 literae
3175 3507 3260 3574 ad
3300 3510 3444 3575 eius
3485 3510 3616 3576 iter
3657 3508 4171 3588 accelerandum,

2226 3592 2298 3658 id
2356 3601 2459 3659 est
2515 3592 2596 3658 ad
2640 3615 2794 3661 eum
2845 3594 3376 3675 extrudendum]
3462 3596 3554 3661 Et
3594 3596 3705 3662 hic
3747 3615 4010 3661 necesse
4052 3605 4172 3675 est,

2225 3680 2324 3744 mi
2362 3688 2571 3763 pater,
2637 3691 2712 3746 ut
2753 3681 2870 3747 tibi
2913 3681 3153 3765 alioqui
3197 3689 3294 3747 tot
3330 3680 3658 3748 laboribus
3698 3701 4005 3766 oppresso
4049 3680 4172 3746 hoc

2225 3785 2392 3832 onus
2434 3767 2684 3833 invitus
2725 3768 3059 3850 imponam
3103 3777 3176 3833 ut
3219 3766 3570 3852 Martyrem
3609 3777 3676 3832 et
3709 3776 3968 3834 nostros
4025 3764 4170 3832 illos

2227 3854 2480 3935 quoties
2536 3852 2759 3919 licebit
2814 3855 3124 3920 certiores
3175 3853 3376 3920 facias
3429 3873 3655 3918 eorum
3698 3873 3861 3936 quae
3904 3852 4012 3918 hic
4055 3873 4168 3937 ge-

2224 3945 2496 4003 runtur:
2540 3938 2843 4022 quamvis
2886 3938 3011 4005 hac
3052 3939 3371 4018 molestia,
3433 3938 3644 4023 quoad
3687 3939 3824 4004 eius
3866 3938 4010 4002 fieri
4052 3957 4166 4021 po-

2222 4025 2398 4102 terit,
2485 4026 2625 4108 ipse
2701 4033 2766 4088 te
2851 4023 3129 4091 libenter
3204 4024 3511 4092 liberabo.
3623 4022 3843 4105 [Quod
3929 4022 4169 4088 Triarii

2223 4110 2431 4175 nostri
2471 4110 2709 4177 liberos
2764 4119 2901 4175 tam
2957 4111 3231 4177 sollicite
3287 4110 3452 4176 mihi
3494 4108 3907 4176 commendas
3931 4110 4013 4186 ¹⁸)
4055 4118 4169 4175 tuo

2221 4194 2295 4262 in
2351 4196 2538 4262 illum
2595 4197 2798 4263 amori
2859 4197 3087 4263 tribuo.
3189 4197 3360 4262 Nam
3417 4195 3660 4277 alioqui
3715 4195 3946 4261 factam
4003 4194 4169 4260 mihi

2220 4281 2534 4347 iniuriam
2578 4303 2737 4349 00110
2780 4283 3149 4349 arbitrarer.
3236 4282 3486 4365 Itaque,
3551 4281 3851 4364 quamvis
3892 4280 3976 4346 ab
4019 4280 4172 4346 aula

2223 4367 2449 4447 absim,
2516 4377 2738 4434 tamen
2801 4389 2920 4452 per
2972 4370 3213 4436 amicos
3255 4369 3475 4434 omnia
3514 4365 3892 4451 procurabo,
3954 4367 4169 4451 magis

2222 4454 2420 4519 011010
2481 4453 2831 4538 diligenter
2887 4474 3083 4538 quam
3145 4455 3203 4520 si
3256 4474 3476 4519 meum
3518 4453 3781 4537 proprie
3825 4452 4168 4538 negotium

2221 4553 2413 4606 esset.
2501 4540 2592 4605 Et
2648 4538 3030 4606 Posidonius
3079 4540 3220 4623 ipse
3270 4549 3623 4623 antequam
3678 4537 3834 4603 hinc
3878 4536 4168 4606 discede-

2219 4637 2341 4775 Ξέίς,
2397 4625 2659 4691 cuidam
2702 4648 2786 4691 ex
2831 4627 2970 4692 suis
3012 4625 3136 4691 hoc
3178 4623 3512 4709 negotium
3551 4623 3793 4689 diserte
3837 4645 4167 4690 commen-

2303 4713 2418 4778 vit.

2462 4796 2616 4863 abes
2667 4797 2891 4865 literas
2945 4796 3280 4880 aliquanto
3303 4795 3631 4880 longiores
3717 4816 3872 4862 uam
3916 4798 3972 4862 si
4024 4816 4164 4861 sae·

2216 4884 2365 4966 pius
2407 4884 2843 4966 scripsissem:
2893 4882 3007 4948 sed
3050 4891 3277 4947 tamen
3318 4903 3478 4965 rogo
3520 4904 3605 4947 ne
3744 4903 3785 4947 a
3826 4882 4164 4967 negligen-

2216 4971 2311 5034 tia
2362 4970 2607 5035 factum
2664 4976 2857 5052 putes
2912 4981 2989 5033 ut
3039 4974 3180 5033 tam
3236 4968 3351 5034 diu
3408 4967 3740 5034 tacuerim.
3843 4966 3951 5055 [si
4005 4987 4163 5031 vera

2214 5063 2374 5121 sunt
2414 5074 2585 5137 quae
2629 5053 2821 5119 hodie
2841 5055 3230 5138 accepimus,
3265 5055 3400 5120 iam
3433 5055 3503 5119 in
3538 5054 3769 5121 castris
3804 5073 4157 5119 versamur.

2216 5139 2352 5207 Sed
2373 5138 2560 5205 Deus
2582 5149 2815 5222 potens
2834 5152 2952 5205 est.
3000 5139 3318 5208 Abessem
3341 5140 3603 5223 quidem
3625 5138 3904 5206 libenter
3926 5139 3980 5203 si
3998 5137 4156 5211 Deo,

2393 5328 2480 5397 13)
2517 5330 2592 5385 Ν.
2628 5327 2782 5385 3715.
