4850 6117
274 425 377 487 365

274 609 364 674 det
402 604 551 684 Rex,
594 626 680 669 ne
737 606 1077 687 patiantur
1132 606 1438 671 iniuriam
1488 607 1625 688 pati
1680 625 1899 670 sacros
1943 616 2181 681 coetus,

270 714 406 777 quos
454 691 522 755 in
575 688 772 755 fidem
824 702 892 756 et
945 692 1383 776 patrocinium
1440 711 1636 756 suum
1678 691 1929 774 recipit,
1990 689 2183 755 modo

268 800 302 844 a
335 775 601 842 tumultu
644 787 714 841 et
756 779 958 842 armis
1001 778 1374 844 abstineant
1416 778 1638 841 nostri.
1700 775 1835 843 Sed
1882 775 2064 841 vides
2098 795 2181 841 ex

267 864 450 930 Besae
500 861 708 928 literis
762 872 840 927 ut
1191 863 1317 929 sibi
1359 874 1426 928 et
1467 863 1602 928 filio
1645 883 1765 928 suo
1807 874 2058 927 metuat
2100 862 2181 927 ab

265 948 502 1016 audacia
556 947 865 1027 hostium,
912 971 996 1015 ne
1049 949 1298 1016 scilicet
1355 947 1482 1015 sibi
1524 948 1756 1032 Regem
1812 947 2181 1024 vendicent,

265 1056 327 1103 ac
364 1034 474 1101 sub
515 1035 658 1100 eius
701 1035 966 1101 nomine
1004 1056 1333 1101 summam
1370 1056 1592 1100 rerum
1637 1034 1718 1098 ad
1778 1055 1849 1098 se
1892 1034 2181 1099 trahant.

263 1119 615 1206 Optandum
682 1131 785 1186 est
847 1131 922 1186 ut
985 1120 1409 1186 illustrissimi
1463 1119 1814 1197 Cantones,
1835 1122 1890 1197 ⁷)
1945 1120 2182 1203 quibus

263 1207 418 1274 cordi
467 1216 569 1272 est
625 1227 909 1289 regnum
965 1205 1237 1287 Christi,
1301 1205 1685 1288 intelligant
1726 1207 1859 1271 ista
1901 1225 1976 1270 ac
2020 1214 2184 1270 tam-

259 1294 364 1359 etsi
405 1306 474 1356 tu
514 1311 639 1376 pro
682 1305 799 1358 tua
840 1291 1189 1375 prudentia
1231 1293 1422 1359 facile
1454 1291 1745 1358 iudicare
1777 1293 1989 1375 possis
2025 1290 2181 1374 quid

258 1377 485 1444 consilii
525 1377 918 1462 capiendum
940 1379 1045 1455 sit,
1090 1378 1256 1443 mihi
1301 1392 1524 1443 tamen
1569 1388 1635 1442 et
1657 1377 1846 1444 bonis
1881 1376 2182 1442 omnibus

257 1465 494 1529 videtur
536 1463 722 1528 nulla
763 1485 836 1528 re
895 1463 1132 1529 melius
1193 1485 1380 1548 posse
1438 1464 1781 1547 comprimi
1822 1464 2070 1529 rabiem
2115 1471 2182 1528 et

257 1548 557 1615 amentiae
634 1549 902 1632 plenum
980 1549 1322 1616 consilium
1401 1570 1597 1633 quam
1676 1551 1732 1615 si
1811 1549 2183 1633 intelligant

256 1635 503 1719 tyranni
545 1635 663 1701 isti
705 1656 839 1701 non
883 1636 1108 1701 deesse
1142 1636 1530 1702 fortissimos
1564 1636 1742 1700 viros
1777 1646 1845 1700 et
1878 1645 2179 1718 potentes

254 1722 557 1806 principes
622 1721 736 1804 qui
792 1721 1048 1805 Regem
1108 1743 1243 1786 non
1299 1722 1491 1788 modo
1546 1743 1666 1804 per
1722 1721 1972 1805 legatos
2030 1742 2181 1787 suos

253 1818 461 1891 rogent
510 1828 602 1873 ne
659 1807 848 1873 cedat
901 1807 1245 1873 hominum
1303 1807 1663 1873 amentium
1705 1807 1911 1873 furori
1951 1807 2023 1872 in
2067 1828 2180 1872 ne-

253 1896 409 1978 gotio
451 1902 588 1957 tam
632 1895 824 1972 serie,
870 1914 1105 1977 nempe
1149 1895 1220 1958 in
1265 1914 1392 1976 quo
1436 1894 1789 1961 coniuncta
1832 1904 1934 1959 est
1976 1892 2179 1960 eccle-

253 1980 371 2044 siae
409 1978 586 2045 salus
627 1999 780 2045 cum
825 1981 967 2046 eius
1011 1979 1359 2045 autoritate
1402 1982 1602 2064 regia,
1682 1980 1798 2045 sed
1842 1980 2058 2057 etiam,
2125 1979 2181 2044 si

250 2085 392 2147 opus
433 2065 537 2144 sit,
585 2064 905 2130 auxilium
928 2066 1229 2131 offerant.
1296 2066 1443 2150 Ego
1488 2064 1624 2144 tibi,
1662 2065 1770 2131 vir
1802 2064 2180 2139 clarissime,

250 2171 366 2215 non
417 2151 497 2216 do
563 2150 928 2230 consilium,
996 2153 1112 2219 sed
1178 2153 1493 2231 animum,
1560 2171 1693 2217 non
1758 2171 2000 2229 meum,
2067 2149 2182 2216 sed

248 2234 514 2300 fidelium
573 2238 870 2302 omnium
928 2238 1168 2321 aperio.
1268 2237 1541 2305 Utinam
1600 2257 1720 2321 per
1771 2239 1979 2302 otium
2042 2234 2183 2303 Gaz-

247 2323 374 2387 vino
424 2335 653 2388 nostro
710 2322 1000 2390 licuisset
1057 2322 1137 2389 de
1196 2324 1303 2389 his
1359 2322 1555 2389 rebus
1614 2324 1697 2389 ad
1754 2334 1822 2388 te
1877 2324 2181 2395 scribere,

250 2407 347 2472 sed
422 2429 542 2474 nec
623 2409 830 2473 otium
894 2407 1038 2487 fuit,
1128 2422 1194 2474 et
1269 2410 1466 2475 biduo
1530 2424 1681 2475 ante
1747 2408 2104 2475 discessum
2127 2410 2182 2492 ⁸)

247 2493 584 2576 scripserat
625 2495 706 2559 ad
752 2507 833 2560 te.
900 2494 1101 2560 Iussit
1147 2509 1367 2560 tamen
1411 2507 1488 2560 ut
1530 2516 1612 2559 ex
1655 2496 1891 2561 itinere
1935 2507 1999 2560 te
2043 2516 2182 2561 cer-

248 2580 459 2644 tiorem
505 2601 702 2663 quam
747 2581 1038 2663 primum
1081 2581 1442 2646 faceremus
1484 2592 1554 2646 et
1595 2582 1935 2646 literarum
1972 2580 2185 2647 Bezae

247 2667 564 2749 exemplar
621 2667 1051 2732 mitteremus.
1140 2667 1314 2732 Nam
1371 2668 1486 2732 vix
1530 2680 1720 2752 capto
1764 2666 2037 2732 consilio
2082 2665 2180 2731 di-

245 2752 413 2816 missi
467 2773 704 2818 sumus
760 2764 836 2818 ut
899 2753 1005 2818 his
1048 2752 1129 2817 de
1174 2751 1373 2818 rebus
1416 2752 1809 2820 clarissimos
1852 2753 2180 2836 principes

242 2838 535 2903 certiores
600 2839 937 2918 faciamus,
1003 2859 1167 2922 quos
1217 2838 1695 2924 Heidelbergae
1753 2840 1885 2904 iam
1943 2858 2179 2905 conve-

243 2923 402 2989 nisse
466 2923 861 2990 audivimus.
964 2926 1058 2989 'Pe
1112 2926 1312 2991 etiam
1371 2936 1570 3008 atque
1625 2927 1821 2991 etiam
1879 2945 2035 3009 rogo
2099 2934 2178 2988 ut

239 3009 437 3090 primo
481 3031 740 3094 quoque
782 3022 1076 3094 tempore
1120 3010 1203 3075 ad
1246 3009 1333 3075 D.
1377 3008 1712 3077 Calvinum
1745 3009 1990 3077 scribas
2026 3030 2174 3076 sen-

240 3096 502 3161 tenn'am
548 3106 752 3175 tuam,
819 3117 859 3161 a
899 3117 1027 3180 quo
1069 3096 1190 3162 tibi
1234 3097 1512 3162 multam
1557 3098 1697 3165 dieo
1741 3098 2037 3171 salutem,
2112 3106 2181 3161 et

241 3199 277 3242 a
294 3179 634 3249 lenvillaeo
674 3183 898 3261 fratre,
944 3181 1029 3247 ad
1062 3202 1260 3264 quem
1302 3184 1360 3249 si
1394 3185 1751 3268 scripseris,
1795 3193 2040 3249 statum
2075 3203 2179 3248 ec-

240 3264 579 3333 clesiarum
645 3267 763 3334 tibi
833 3268 1190 3353 perscribet
1248 3267 1746 3353 diligentissime
1764 3322 1779 3347 ,
1845 3290 2002 3334 nam
2065 3270 2178 3334 ab·

240 3362 409 3418 sente
452 3376 563 3419 me
606 3354 690 3420 ad
729 3376 885 3420 eum
925 3354 1151 3419 omnia
1193 3354 1463 3422 Lutetia
1505 3357 1891 3423 scribentur.
1992 3354 2180 3419 Bene

239 3437 391 3518 vale,
459 3442 568 3506 vir
639 3441 807 3505 mihi
861 3441 935 3505 in
997 3441 1227 3523 primis
1284 3440 1753 3508 colendissimo.
1851 3440 2182 3507 Salutabis

239 3525 497 3590 nomine
524 3546 675 3592 meo
698 3526 1167 3592 officiosissime
1202 3547 1429 3593 omnes
1450 3529 1592 3612 pios
1629 3529 1866 3593 fratres
1889 3527 2005 3610 qui
2038 3528 2186 3592 istic

237 3624 398 3675 sunt.
493 3616 596 3677 29.
643 3613 870 3679 Martii
914 3616 1096 3677 1562.

867 3751 1046 3815 'Duae
1092 3750 1527 3817 humanitatis
1570 3750 2187 3818 observantissimus

1195 3836 1478 3902 Ioannes
1523 3837 1851 3903 Budaeus,

1013 4132 1424 4143 ————-—--

1111 4350 1314 4421 3758.

631 4505 1291 4574 BULLINGERUS
1350 4504 1789 4574 CALVINO.

410 4678 608 4745 Notat
661 4678 924 4746 consibia
980 4680 1515 4758 adversariorum,
1577 4680 1743 4745 inter
1796 4699 1951 4761 quos
2010 4678 2187 4746 Galli

227 4764 435 4843 primi
478 4770 575 4831 ast
631 4786 757 4831 mm
817 4765 956 4831 soli.
1044 4764 1247 4830 Mittit
1302 4763 1633 4831 nonnullos
1688 4765 1880 4830 libros
1919 4786 2087 4844 suos,
2131 4770 2188 4830 et

443 4933 702 5016 ⁷)..Nila3
749 4937 856 4993 tale
902 4938 1114 5004 factum
1168 4943 1247 4991 est
1289 4951 1460 5004 noque
1501 4936 1573 4990 ab
1620 4933 1886 4990 Helvetiis
1927 4950 2100 5004 neque
2149 4952 2189 5015 ᾳ

408 5004 2192 5086 απωςυωηὸοὶὶμηιοίυίῑεωοωοωοζωωοπιποεραοίεζοεᾱ-

511 5078 739 5129 conatus
768 5075 962 5130 indos
990 5075 1215 5141 faceret.
1286 5072 1583 5127 Pazatmus
1616 5073 1767 5127 solus
1800 5073 1878 5127 ad
1914 5070 1999 5128 Re
2133 5088 2188 5127 m

236 5144 286 5192 et
315 5137 528 5221 Royan
570 5147 622 5197 et
659 5141 930 5223 anttmes
965 5141 1304 5223 evangelicos
1347 5143 1584 5223 scripsit,
1609 5148 1817 5222 ‘petens
1860 5142 1931 5196 ab
2041 5141 2094 5195 is
2125 5148 2188 5198 ut

240 5207 478 5331 W
479 5209 756 5345 21721213183321
775 5218 960 5267 ratum
979 5213 1098 5278 fiat,
1133 5210 1204 5266 ab
1232 5211 1320 5265 lm
1352 5216 1412 5263 ut
1446 5210 1655 5264 mata
1685 5215 1887 5280 petant.
1921 5208 2185 5277 (Kzuokh

449 5346 511 5413 8)
549 5347 750 5404 Scribit
781 5365 908 5419 erqo
941 5364 1009 5404 ex
1043 5350 1252 5404 itinere.
1323 5345 1545 5402 Calvam·
1586 5348 1774 5402 litem
1805 5363 1919 5404 non
1953 5354 2185 5403 metant.

1996 418 2157 480 1562
2201 414 2483 482 MART.

4100 424 4224 484 366

2282 603 2507 681 tradit,
2573 603 2916 669 novissima
2984 604 3059 669 de
3120 604 3389 672 concilio.
3482 605 3816 673 Gloriatur
3877 606 4230 674 Castalione

2280 689 2591 756 vocatione
2633 688 3075 755 Lausannensi
3107 711 3228 773 per
3267 692 3480 773 ipsum
3517 693 3836 774 frustrato.

2284 878 2396 943 (Ex
2433 877 2768 947 autographo
2804 878 2968 932 Areh.
2999 877 3180 932 Turic.
3217 879 3359 931 Plut.
3404 879 3494 933 Vl.
3533 880 3657 933 Vol.
3709 880 3824 945 129,
3871 882 4000 933 olim
4049 883 4220 935 Sci-in.

2506 945 2565 998 B.
2602 946 2742 1015 Epp.
2780 947 2928 1000 Tom.
2962 945 3050 1017 30,
3080 947 3170 1001 fol.
3205 945 3324 1002 445.
3366 974 3425 984 -
3463 947 3660 1003 Simler
3694 950 3820 1003 Vol.
3859 949 4000 1015 104.)

2453 1116 2833 1184 Clarissimo
2896 1119 3038 1183 viro
3081 1119 3165 1183 D.
3210 1118 3445 1185 Ioanni
3491 1119 3771 1187 Calvino
3815 1121 4225 1189 Genevensis

2280 1202 2588 1270 ecclesiae
2642 1202 3020 1269 fidelissimo
3076 1205 3324 1289 pastori
3382 1205 3644 1272 domino
3688 1228 3808 1274 suo
3850 1207 4117 1274 colendo
4159 1222 4225 1274 et

2277 1289 2469 1355 fratri
2513 1290 2861 1356 carissimo.
3835 1380 4042 1447 θοή.

2455 1546 2524 1613 S.
2582 1548 2665 1612 D.
2756 1545 3007 1614 Omnes
3071 1560 3140 1613 et
3203 1550 3497 1633 singulas
3564 1563 3713 1615 tuas
3776 1551 3998 1617 literas
4063 1572 4225 1634 quas

2282 1634 2537 1710 misisti,
2580 1631 3035 1700 colendissimo
3077 1633 3337 1699 domine
3380 1645 3449 1700 et
3480 1637 3686 1701 frater
3719 1639 4071 1717 carissime,
4117 1660 4224 1707 us-

2280 1741 2406 1802 que
2450 1718 2533 1784 ad
2575 1719 2935 1785 adventum
2980 1719 3307 1804 Scipionis
3352 1720 3486 1788 Gal.
3514 1726 3563 1799 1)
3607 1724 3845 1807 accepi,
3882 1734 4076 1807 atque
4109 1744 4227 1806 pro

2280 1806 2388 1871 his
2409 1808 2730 1871 maximas
2773 1805 2895 1870 tibi
2937 1827 3061 1890 ago
3087 1807 3351 1891 gratias.
3410 1805 3770 1873 Dominum
3815 1831 3926 1874 oro
3970 1822 4049 1874 ut
4069 1809 4228 1877 Gal-

2280 1892 2407 1958 liae
2468 1905 2535 1956 et
2592 1902 2888 1957 nostrum
2934 1893 3226 1957 omnium
3270 1894 3577 1959 misertus
3628 1895 3864 1977 eripiat
3915 1895 4100 1960 illam
4158 1908 4227 1961 et

2281 2000 2402 2044 nos
2458 1999 2544 2042 ex
2602 1977 2896 2043 faucibus
2951 1977 3175 2057 leonis,
3254 1997 3329 2044 ac
3385 1992 3643 2046 sanctos
3686 2001 3838 2046 suos
3881 1981 4227 2047 confirmet

2281 2077 2357 2128 ut
2414 2062 2685 2130 stabiles
2750 2074 2817 2128 et
2879 2065 3115 2130 sinceri
3168 2079 3613 2148 permaneant.
3712 2066 3989 2131 Interim
4045 2069 4227 2134 venit

2280 2148 2519 2215 nobilis
2563 2148 2945 2215 Ludovicus
2988 2171 3033 2214 a
3064 2149 3229 2228 Bar,
3248 2149 3305 2232 ²)
3340 2152 3449 2232 qui
3484 2162 3667 2218 recta
3698 2152 4227 2235 proficiscebatur

2280 2234 2364 2301 ad
2406 2236 2491 2301 D.
2535 2234 2728 2301 Hart.
2775 2258 2817 2300 a
2859 2234 3143 2319 Hallvyl,
3165 2239 3221 2310 ³)
3264 2236 3418 2303 inde
3462 2238 3545 2302 ad
3587 2238 3911 2321 principes
3947 2237 4226 2305 Germa-

2280 2323 2429 2387 niae
2473 2321 2716 2405 aliquot
2758 2322 2999 2387 missus
3043 2343 3084 2386 a
3126 2323 3366 2387 nostris
3406 2322 3538 2389 illis
3581 2325 4002 2409 principibus.
4091 2323 4226 2390 Ve-

2283 2428 2431 2472 reor
2472 2429 2556 2473 ne
2599 2410 2929 2473 invenerit
2970 2409 3299 2492 principes
3340 2420 3785 2494 congregatos.
3894 2410 3958 2475 Ν
3959 2430 4066 2474 am
4108 2430 4227 2493 po-

2282 2494 2482 2560 tiores
2526 2505 2831 2559 evocarat
2869 2493 3257 2559 Bruxellam
3280 2499 3335 2572 ⁴)
3379 2515 3579 2578 supra
3622 2494 3886 2580 Spiram
3946 2495 4228 2562 Wirtem-

2283 2579 2611 2663 bergensis.
2721 2578 2996 2645 Utinam
3079 2601 3217 2646 non
3278 2582 3488 2664 egerit
3551 2582 3726 2665 apud
3770 2603 3881 2648 eos
3960 2604 4228 2649 causam

2285 2665 2799 2750 Guysianorum.
2900 2665 3072 2731 Illuc
3136 2667 3473 2732 festinavit
3539 2668 3913 2735 ladovicus,
4023 2667 4230 2733 Venit

2283 2753 2538 2817 interea
2590 2761 2657 2816 et
2696 2751 2780 2816 D.
2829 2750 3222 2835 Goynetiusv
3282 2752 3365 2816 ad
3427 2774 3621 2835 quem
3674 2754 3787 2818 illa
3829 2755 3974 2837 ipsa
4031 2751 4114 2819 de
4158 2774 4230 2818 re

2284 2839 2633 2920 scripserat
2674 2836 3114 2903 Admiraldus.
3218 2838 3502 2904 Vocavit
3543 2860 3699 2924 ergo
3744 2838 4075 2924 Goynetius
4115 2840 4230 2905 ffli-

2330 2944 2526 2988 urum
2590 2923 2777 2988 illum
2842 2922 2923 2989 ab
2986 2922 3263 3008 Hanvyz.
3366 2925 3586 2992 Venit.
3680 2927 3843 3010 Egit
3893 2948 4044 2993 cum
4095 2925 4228 2992 illo.

2338 3009 2705 3094 ignificavit
2747 3005 2920 3074 Han.
2966 3008 3379 3092 quorundam
3422 3011 3677 3077 animos
3719 3012 4074 3091 refrixisse,
4117 3012 4232 3078 ubi

2284 3094 2682 3162 audiverunt
2746 3094 3060 3161 defecisse
3115 3117 3156 3160 a
3208 3098 3489 3162 veritate
3544 3096 3799 3182 Regem
3867 3098 4111 3163 Navar.
4166 3110 4234 3163 et

2282 3191 2624 3267 postquam
2688 3180 2896 3246 auditi
2976 3195 3133 3248 sunt
3196 3181 3525 3267 Guysiani
3584 3204 3626 3249 a
3692 3180 4236 3266 Wiovemberymsi

2283 3266 2368 3334 ad
2411 3266 2746 3333 Tabernas
2787 3266 3104 3334 alsaticas.
3195 3266 3550 3333 Caeterum
3591 3282 3935 3353 postquam
3975 3269 4234 3336 intelle-

2284 3363 2529 3452 xerunt
2570 3353 2732 3419 alios
2770 3354 3099 3453 principes
3134 3373 3403 3453 manere
3437 3354 3724 3422 sinceros
3757 3368 3824 3421 et
3857 3366 4235 3453 constantes

2283 3460 2627 3625 {53355120
2640 3461 2900 3591 ‘2¹22-
2931 3460 3473 3624 {ssffu'ssmfflmam
3470 3440 4233 3593 321u5¹i⁰3³q13²5v0³30d1¹123

2284 3622 2521 3678 citasse
2579 3610 2891 3695 quosdam
2948 3620 3247 3690 istorum,
3312 3632 3352 3674 a
3405 3612 3640 3695 quibus
3683 3634 4071 3696 responsum
4114 3632 4229 3676 ex-

2286 3707 2539 3781 spectet
2590 3695 2906 3762 dandum
2983 3697 3164 3764 hisce
3229 3697 3479 3764 diebus.
3584 3696 3780 3779 Quod
3843 3701 4084 3763 referet
4147 3695 4231 3762 ad

2289 3781 2663 3868 Goqnetium,
2706 3795 2847 3848 tum
2890 3782 3090 3847 etiam
3134 3804 3253 3868 per
3295 3803 3401 3847 me
3434 3793 3627 3867 atque
3661 3794 3727 3849 te
3760 3783 3843 3848 ad
3873 3783 3956 3849 D.
3989 3782 4232 3848 Beeam

2286 3880 2355 3934 et
2396 3869 2761 3953 Principes.
2847 3867 3120 3952 Optime
3160 3880 3382 3953 sperat
3423 3869 3600 3935 Haza
3642 3889 4014 3953 quanquam
4062 3868 4230 3933 nihil

2289 3955 2543 4022 dubitet
2586 3956 2838 4020 animos
2878 3974 3001 4038 per
3043 3956 3361 4020 actionem
3397 3954 3582 4020 illam
3624 3953 3960 4020 alsaticam
3995 3955 4233 4020 nonni-

2287 4040 2385 4106 hil
2426 4040 2879 4126 perturbatam
2922 4051 2992 4106 et
3032 4040 3123 4105 im
3255 4042 3431 4106 'tam
3452 4042 3510 4118 ⁶)
3592 4039 3920 4105 Dominus
3962 4040 4238 4125 dissipet

2288 4127 2559 4194 consilia
2621 4127 2989 4209 impiorum.
3157 4126 3481 4209 igilabunt
3543 4126 3694 4191 boni
3754 4127 3826 4190 in
3892 4125 4103 4192 Gallia
4168 4138 4236 4192 et

2288 4214 2568 4280 orabunt
2610 4211 2970 4278 Dominum
3015 4234 3098 4278 ne
3125 4211 3359 4296 Guysii
3399 4211 3499 4276 illi
3540 4232 3857 4295 magnum
3901 4211 4058 4278 dent
4092 4235 4233 4279 ma-

2283 4518 4231 4604 8758.1)Sc.0929udrinibucccusiqeuqccsdita.·15686umm

2284 4597 2428 4672 testo
2465 4591 2755 4671 Moqbeqm
2787 4607 2849 4644 m
2899 4588 3046 4670 Vallo
3089 4587 3300 4642 Teuma
3332 4585 3542 4652 msulae·
3577 4585 3813 4642 Gallam
3844 4594 3899 4643 ct
3939 4587 4234 4644 [Πηλίου-

2286 4667 2523 4729 aucupe,
2574 4675 2694 4741 spec
2843 4729 2853 4739 ·
2942 4728 2953 4739 ·
2999 4673 3063 4711 m
3213 4661 3367 4738 quatu
3417 4670 3624 4736 caesus.
3706 4655 3915 4724 (Porta
3963 4656 4032 4712 11.
4087 4656 4235 4741 Q.)

2291 4727 2952 4809 Goqnatasfuttgdnam
3161 4794 3174 4807 ο
3288 4742 3313 4778 ⁸
3403 4722 4233 4809 ‘coelbbssluccamrqlnquae

2283 4798 2701 4933 ῗσαῖῗὲἕωΝὲε.
2764 4859 2851 4917 52..
2885 4862 2956 4944 n.
2989 4860 3126 4930 536,-
3159 4861 3417 4944 nyma,
3450 4793 3887 4944 Lucfb‘l‘a'iffi)
4214 4836 4230 4851 '

2284 5002 2312 5057 Ι
2361 4933 2670 5056 2652)]11.
2724 4881 2939 4987 {sarm
2999 4937 3250 5001 υσραιτο
3299 4929 3695 5002 Hetdelberyae
3743 4931 3873 4998 fiat.
3964 4930 4227 4996 (Khakh.

2471 5003 2527 5124 ἶ),
2586 5068 2654 5126 Ν
2698 5068 2836 5124 3719
2884 5068 3025 5124 3726

2329 5212 2336 5219 ·
2491 5072 2554 5207 43
2585 5138 2878 5195 Bmchscl.
2962 5110 3187 5196 Vidam-
3220 5155 3313 5195 eoa
3344 5155 3458 5195 non
3493 5145 3846 5208 oonqroqatos
3878 5139 4099 5205 αάὀὲεκ,
4135 5136 4230 5191 sed

2493 5223 2552 5337 ἕ)
2566 5209 2743 5334 m
2776 5294 2843 5332 cx
2883 5277 3073 5333 Gallia
3104 5277 3298 5332 redux.

2491 5345 2551 5415 6)
2585 5350 2679 5403 sic.
2752 5345 3016 5403 &nanu
3049 5346 3309 5402 emendat
