4850 6117
649 416 769 478 671

648 605 934 670 finemus
987 602 1157 687 quod
1214 601 1562 680 voluimus,
1620 620 1797 665 nunc
1850 605 1917 664 te
1960 619 2202 665 novam
2257 598 2593 682 conspira-

650 691 897 756 tionem
952 687 1211 754 facere?
1270 686 1661 772 praesertim
1715 691 1947 751 contra
2000 705 2113 751 eas
2168 683 2388 752 theses
2431 704 2597 768 quas

650 782 725 841 tu
768 772 1067 841 iudicasti
1109 795 1253 841 esse
1295 795 1503 841 veras.
1583 772 1767 856 Ergo
1809 778 1884 837 tu
1927 779 1995 836 te
2037 772 2319 854 turpiter
2360 771 2597 849 eiieies,

650 860 801 927 odio
864 860 1126 927 obiicies
1182 861 1479 925 omnium
1542 858 1806 935 civium,
1872 865 1942 923 et
2002 857 2196 923 tolles
2257 857 2597 924 ecclesiam

652 946 1042 1031 gallicanam
1101 953 1298 1030 atque
1351 944 1657 1023 vastabis,
1713 951 1784 1009 et
1839 965 1961 1009 nos
2011 941 2295 1009 ludibrio
2351 943 2600 1008 civium

652 1054 958 1116 expones.
1031 1030 1181 1114 Quo
1222 1032 1438 1098 iturus
1479 1029 1597 1097 es?
1727 1030 1740 1043 '
2001 1028 2034 1093 ‘2
2106 1030 2212 1094 'Pu
2255 1028 2600 1114 Tigurinis

654 1118 926 1205 gratus?
971 1119 1085 1201 qui
1119 1138 1270 1184 cum
1303 1119 1430 1184 ista
1463 1117 1620 1182 hinc
1659 1115 1968 1181 infamia!
2043 1113 2434 1182 Genevam?
2507 1117 2601 1179 At

652 1206 783 1272 scis
823 1204 1158 1272 Calvinum
1190 1224 1322 1269 non
1357 1202 1865 1287 approbaturum
1898 1210 2046 1266 tuas
2088 1201 2326 1268 theses
2407 1201 2599 1266 Nosti

652 1291 830 1357 enim
871 1289 1191 1356 iudicium
1234 1289 1462 1355 Besae.
1551 1286 2062 1372 Heidelbergam
2113 1288 2283 1353 forte
2324 1287 2596 1370 cogitas,

655 1385 770 1442 ant
802 1377 1253 1460 Marpurgum.
1325 1375 1579 1452 Nescio,
1625 1375 1860 1453 nescio,
1904 1377 2194 1457 inquam,
2238 1393 2436 1457 quam
2478 1373 2598 1437 ho-

655 1462 942 1529 norifice.
1049 1461 1433 1546 Capitulum
1505 1469 1682 1526 certe
1759 1460 2121 1526 subscribet
2135 1511 2151 1538 ,
2230 1459 2428 1524 etiam
2490 1477 2600 1523 me

656 1556 902 1627 autore,
944 1547 1078 1613 illis
1121 1548 1416 1614 thesibus
1457 1567 1623 1631 quas
1664 1555 1738 1610 tu
1786 1546 1984 1612 bonas
2027 1545 2343 1611 iudicasti.
2409 1543 2599 1609 Vale.

663 1639 761 1700 17.
799 1634 1026 1700 Martii
1074 1636 1255 1699 1563.

1700 1767 2028 1834 Iohannes
2073 1767 2426 1834 Sturmius.

1536 2315 1732 2388 891⁹.

1368 2486 1905 2558 CONSENSUS

661 2630 838 2694 inter
881 2628 1218 2713 theologos
1278 2637 1345 2693 et
1387 2628 1784 2710 professores
1847 2626 1919 2692 in
1963 2626 2234 2692 ecclesia
2277 2635 2344 2691 et
2384 2628 2607 2693 schola

659 2715 1206 2801 Argentoratensi
1247 2716 1462 2780 factus
1505 2715 1587 2778 A.
1630 2713 1716 2778 D.
1758 2722 2054 2777 MDLXIII
2089 2711 2193 2778 die
2243 2718 2335 2778 18.
2367 2712 2604 2778 Martii.

661 2904 885 2970 (Exstat
906 2919 1063 2956 exem
1102 2903 1186 2955 lar
1208 2901 1579 2956 authenticum
1602 2917 1724 2953 cum
1744 2900 2233 2982 subscriptionibus
2256 2902 2607 2971 autographis

661 2974 720 3026 in
752 2973 1002 3029 Archivis
1037 2920 1333 3025 'fhomanis
1366 2970 1737 3039 Argentorati,
1773 2969 1867 3022 ubi
1903 2975 2068 3023 etiam
2143 2972 2345 3040 uinque
2380 2987 2606 3041 apogra-

699 3041 773 3094 ha
822 3041 1063 3097 eiusdem
1114 3045 1479 3094 asservantur.
1557 3038 1754 3092 Editus
1805 3038 1911 3091 fuit
1966 3038 2056 3092 hic
2105 2987 2414 3094 Consensns
2467 3045 2606 3163 Arg.

697 3108 817 3164 563.
850 3108 899 3163 8.
933 3110 1066 3163 item
1187 3109 1451 3170 rmanice3
1497 3112 1729 3177 uterque
1772 3113 1958 3161 textus
2001 3124 2223 3162 recusus
2273 3110 2332 3162 in
2366 3109 2552 3164 Strass
2592 3148 2605 3161 .

1037 3125 1184 3230 Κᾶθ
1197 3175 1334 3229 1598
1365 3194 1418 3245 p.
1452 3175 1524 3230 62
1555 3193 1628 3231 ss.
1663 3182 1723 3231 et
1756 3175 1910 3232 1670.
1941 3193 1995 3246 p.
2030 3175 2101 3231 65
2134 3178 2235 3247 ss.)

834 3349 986 3413 Duo
1029 3355 1188 3414 sunt
1248 3348 1602 3431 praecipua
1642 3349 1856 3431 capita
1911 3351 2389 3416 controversiae
2428 3351 2608 3416 inter

663 3443 959 3518 pastores
1001 3434 1311 3501 ecclesiae
1353 3442 1420 3499 et
1460 3434 1860 3518 professores
1902 3434 2161 3500 scholae
2205 3438 2600 3519 Argentora-

663 3521 872 3585 tensis
937 3529 1230 3586 exortae:
1304 3519 1584 3585 alterum
1629 3519 1709 3585 de
1752 3541 1952 3586 coena
1995 3519 2284 3600 Domini,
2328 3521 2607 3588 alterum

664 3603 745 3672 de
783 3607 1215 3690 praescientia
1257 3613 1325 3671 et
1365 3605 1958 3688 praedestinatione
2002 3607 2148 3671 Dei.

833 3690 1025 3773 Quod
1063 3690 1146 3758 ad
1189 3712 1461 3758 coenam
1505 3692 1774 3757 Domini
1833 3693 2085 3767 attinet,
2144 3694 2291 3776 pius
2334 3714 2609 3759 consen-

660 3799 773 3843 sus
816 3779 1213 3844 constitutus
1256 3784 1376 3856 est,
1444 3787 1518 3842 ut
1560 3778 1807 3861 pariter
1848 3778 1918 3843 in
1963 3778 2187 3845 schola
2230 3789 2296 3843 et
2338 3779 2609 3846 ecclesia

661 3864 1082 3929 conformiter
1147 3864 1295 3928 aliis
1338 3863 1467 3946 piis
1519 3863 1808 3930 ecclesiis
1861 3885 1946 3929 ex
2000 3865 2198 3929 verbo
2241 3865 2370 3931 Dei
2422 3867 2609 3931 iuxta

663 3950 1115 4033 Augustanam
1179 3949 1644 4016 confessionem
1707 3952 1778 4015 A.
1832 3953 1996 4015 1530
2051 3950 2441 4034 Imperatori
2485 3952 2609 4018 Ca-

662 4035 801 4101 rolo
836 4034 919 4099 V.
979 4056 1019 4098 a
1076 4033 1497 4118 Principibus
1561 4045 1627 4101 et
1699 4035 1846 4101 aliis
1908 4036 2294 4119 quibusdam
2337 4038 2609 4122 Imperii

661 4121 947 4186 Romani
989 4121 1365 4186 civitatibus
1413 4120 1795 4198 exhibitam,
1836 4132 1901 4186 et
1944 4122 2320 4188 adiunctam
2365 4123 2606 4207 Apolo-

663 4208 859 4290 giam‚
904 4205 968 4272 N
970 4206 1319 4291 aumburgi
1363 4207 1444 4273 ab
1466 4206 1880 4274 Elector-ibus
1923 4217 1989 4272 et
2009 4207 2428 4292 Principibus
2470 4210 2605 4275 Im·

661 4293 825 4375 perii
874 4292 1087 4357 denuo
1128 4293 1559 4374 subscriptam
1604 4292 1932 4370 doceatur,
1997 4314 2201 4376 eaque
2244 4295 2331 4358 sit
2375 4315 2609 4361 norma

664 4388 729 4443 et
768 4378 999 4463 regula
1042 4379 1243 4443 totius
1299 4378 1651 4457 doctrinae,
1709 4400 1837 4443 non
1897 4391 2033 4443 tam
2091 4378 2172 4443 de
2229 4401 2433 4445 coena
2476 4382 2608 4446 Do-

664 4463 829 4527 mini
862 4484 1058 4546 quam
1093 4464 1291 4529 etiam
1325 4462 1594 4547 reliquis
1630 4465 1924 4530 articulis
1952 4466 2254 4531 omnibus
2289 4489 2374 4531 ex
2410 4467 2607 4533 verbo

665 4550 1087 4698 Deidsincero
1130 4559 1195 4614 et
1237 4550 1617 4633 incorrupto
1659 4551 1732 4614 in
1774 4550 2015 4616 scholis
2058 4561 2124 4616 et
2166 4552 2457 4618 ecclesiis
2495 4553 2606 4618 do-

667 4654 787 4699 cen
834 4655 928 4698 ae.

838 4719 938 4784 Ad
981 4720 1335 4785 tollendam
1380 4742 1541 4786 vero
1585 4720 1666 4785 de
1710 4724 2030 4787 sententia
2068 4734 2607 4790 commemoratae

667 4804 1110 4872 confessionis
1151 4807 1221 4870 in
1265 4807 1523 4890 negotio
1568 4827 1806 4872 coenae
1849 4807 2339 4886 dissensionem,
2404 4831 2605 4893 quum

665 4900 941 4975 utraque
999 4911 1152 4973 pars
1204 4914 1430 4957 veram
1483 4901 1550 4958 et
1610 4894 2101 4960 substantialem
2167 4896 2606 4979 praesentiam

662 4977 954 5062 corporis
995 4989 1066 5041 et
1121 4979 1461 5061 sanguinis
1503 4978 1753 5046 Christi
1815 4980 2038 5047 credat
2090 4992 2157 5046 et
2199 4983 2604 5062 confiteatur,

664 5084 831 5147 qnae
894 5084 1044 5129 cnm
1108 5084 1279 5146 pane
1341 5073 1408 5128 et
1470 5066 1627 5130 vino
1691 5066 2087 5132 exhibentur
2150 5076 2217 5132 et
2280 5068 2349 5132 in
2402 5088 2607 5133 coena

663 5149 1079 5216 vescentibus
1122 5147 1621 5230 distribuuntur,
1664 5174 1748 5217 ne
1790 5151 2135 5219 diversitas
2172 5153 2606 5219 formularum

663 5234 971 5318 loquendi
1035 5235 1516 5301 contentionem
1582 5236 1867 5322 aliquam
1931 5239 2163 5323 pariat,
2229 5238 2475 5321 placuit
2530 5251 2605 5304 ut

663 5321 1011 5387 formulam
1068 5321 1450 5389 concordiae
1490 5323 1666 5389 inter
1710 5325 2077 5390 Mai-tinum
2116 5324 2490 5390 liutherum
2536 5335 2605 5391 et

2163 408 2688 477 EPISTOLAE
2733 412 3156 476 3918-3919

4518 413 4633 474 672

2698 599 3067 665 Martinam
3122 598 3456 665 Bucerum
3519 599 3667 682 piae
3734 597 4104 678 memoriae,
4162 596 4635 665 Saxonicarum

2698 692 2766 750 et
2815 684 3169 769 superioris
3212 684 3613 751 Germaniae
3672 683 4094 750 ecclesiarum
4145 683 4487 750 ministros
4546 684 4632 750 in·

2697 773 2858 835 itam
2902 791 3130 837 omnes
3171 771 3241 835 in
3285 768 3573 837 docendo
3616 777 3988 855 sequantur.

2870 1026 2977 1094 De
3016 1028 3450 1111 praescientia
3504 1035 3572 1093 et
3610 1027 4199 1112 praedestinatione
4242 1027 4375 1092 Dei
4420 1047 4637 1093 secun·

2702 1113 2857 1179 dum
2911 1113 3260 1179 formulam
3303 1122 3683 1197 sequentem
3742 1114 3989 1197 pariter
4041 1114 4112 1177 in
4164 1111 4396 1179 schola
4438 1123 4503 1178 et
4542 1135 4637 1180 ec-

2701 1199 2898 1266 clesia
2940 1199 3269 1266 doceatur.

3228 1398 3329 1453 DE
3364 1396 4123 1454 PRAEDESTOEATIONE.

2874 1540 3314 1626 Quaecunque
3356 1544 3600 1627 scripta
3641 1550 3800 1609 sunt
3840 1542 3925 1609 ad
3958 1551 4250 1610 nostram
4285 1542 4637 1609 doctrinam

2704 1628 2950 1711 scripta
3011 1638 3183 1708 sunt,
3249 1637 3324 1694 ut
3386 1650 3506 1713 per
3563 1630 3944 1712 patientiam
4008 1637 4076 1694 et
4135 1629 4637 1695 consolationem

2705 1715 3178 1796 scripturarum
3222 1734 3409 1798 spem
3450 1714 3825 1781 habeamus.
3870 1716 3995 1780 Ro.
4052 1720 4142 1780 15.

2876 1798 3116 1865 Omnis
3160 1821 3315 1885 ergo
3361 1798 3634 1867 docendi
3676 1802 3845 1866 ratio
3889 1823 4094 1884 quum
4136 1802 4207 1865 in
4250 1800 4481 1868 schola
4511 1809 4637 1866 tum

2703 1886 2775 1952 in
2818 1885 3090 1951 ecclesia
3129 1887 3318 1952 iuxta
3350 1885 3522 1953 hanc
3557 1888 3639 1953 ab
3664 1886 3974 1969 Apostolo
4007 1885 4317 1952 traditam
4356 1887 4636 1971 regulam

2704 1973 2801 2037 ita
2842 1972 3248 2038 instituenda
3291 1979 3393 2038 est
3433 1994 3519 2037 ne
3551 1982 3673 2038 aut
3705 1992 3854 2038 cum
3889 1971 4183 2039 doctrina
4394 1973 4640 2038 ‘tentiae

2708 2079 3004 2142 pugnare
3060 2068 3175 2124 aut
3228 2059 3645 2124 conscientiis
3703 2057 3965 2125 afflictis
4019 2078 4219 2124 conso
4287 2058 4535 2124 tionem
4582 2069 4639 2122 et

2706 2165 2891 2229 spem
2935 2163 3123 2209 suam
3163 2144 3454 2210 adimere
3498 2144 3814 2211 videatur.

2877 2228 3157 2296 Constat
3199 2238 3422 2295 autem
3466 2252 3551 2296 cx
3592 2229 3794 2296 verbo
3838 2228 4112 2295 Domini
4155 2237 4494 2295 aeternam
4526 2227 4640 2293 Dei

2706 2337 2850 2383 esse
2885 2316 3384 2401 praescientiam
3433 2337 3562 2401 qua
3607 2338 3713 2383 res
3764 2338 3991 2383 omnes
4024 2325 4409 2400 praesentes
4429 2315 4637 2382 habet:

2708 2424 2931 2469 coram
2972 2403 3118 2486 ipso
3169 2403 3346 2468 enim
3404 2403 3575 2468 nihil
3630 2403 3968 2486 praeteriit
4025 2411 4144 2468 aut
4197 2403 4498 2467 futurum
4536 2411 4637 2467 est.

2709 2490 2821 2555 Ps.
2876 2493 3013 2554 139.

2880 2573 2997 2642 Sic
3034 2594 3286 2658 quoque
3330 2581 3598 2640 aeterna
3640 2582 3742 2639 est
3779 2573 3907 2639 Dei
3942 2573 4459 2658 praedestinatio
4492 2593 4638 2656 quae

2711 2661 2795 2726 ad
2836 2662 3077 2727 electos
3119 2660 3423 2744 pertinet,
3476 2660 3646 2725 facta
3698 2661 4084 2744 priusquam
4136 2658 4374 2725 mundi
4425 2658 4637 2724 funda-

2708 2756 2934 2812 menta
2974 2748 3345 2813 iacerentur
3385 2747 3511 2813 Ro.
3558 2750 3615 2809 8.
3666 2751 3722 2810 9.
3767 2746 3941 2829 Eph.
3996 2753 4046 2812 1.

2882 2833 3069 2898 Haec
3112 2840 3330 2897 autem
3373 2853 3576 2915 quum
3619 2832 3705 2896 sit
3760 2832 4034 2916 abyssus
4079 2840 4149 2897 et
4189 2839 4388 2897 extra
4428 2829 4635 2897 Chris·

2709 2925 2853 2984 tum
2926 2916 3335 2985 considerata
3427 2918 3498 2982 in
3576 2918 3796 3002 praeci
3842 2918 4035 2982 itium
4100 2918 4297 2982 inferi
4362 2915 4634 2991 abducat,

2709 3025 2845 3070 non
2888 3005 3018 3070 nisi
3064 3004 3134 3069 in
3179 3003 3446 3070 Christo
3489 2939 3864 3086 quaerenda
3927 3013 4045 3083 est,
4110 3004 4281 3070 sicut
4334 3004 4633 3086 scriptum

2709 3100 2840 3156 est:
2930 3091 3154 3175 Elegit
3194 3111 3315 3156 nos
3356 3089 3426 3155 in
3472 3089 3741 3156 Christo
3806 3090 4181 3174 priusquam
4221 3089 4635 3155 fundamenta

2707 3176 2943 3243 mundi
2985 3178 3369 3243 iacerentur.
3455 3176 3627 3259 Eph.
3678 3180 3733 3239 l.

2881 3263 2981 3328 Eo
3048 3263 3254 3347 igitur
3309 3261 3502 3327 modo
3566 3261 3939 3344 quaerenda
4002 3269 4103 3327 est
4165 3281 4294 3344 quo
4364 3262 4545 3327 nobis
4600 3279 4633 3323 a

2709 3348 2977 3414 Christo
3022 3348 3312 3414 revelata
3358 3358 3478 3413 cst.
3566 3348 3805 3413 Matth.
3855 3352 3949 3413 ll.

2875 3434 3002 3501 Est
3043 3444 3264 3500 autem
3305 3434 3379 3498 in
3421 3435 3622 3500 verbo
3666 3432 3996 3518 evangelii
4036 3432 4411 3499 revelatum
4444 3439 4629 3498 aeter-

2706 3542 2868 3585 nnm
2923 3522 3054 3586 Dei
3117 3521 3469 3586 decretum.
3579 3517 3771 3586 Sicut
3838 3519 4220 3585 universum
4284 3518 4629 3584 humanum

2708 3628 2916 3691 genus
3001 3627 3117 3690 per
3181 3615 3519 3690 peccatum
3579 3606 3748 3671 iram
3812 3604 3943 3670 Dei
4002 3619 4071 3670 et
4132 3604 4627 3689 indignationem

2706 3695 2847 3758 eius
2889 3692 3188 3767 incurrit,
3251 3692 3348 3757 ita
3402 3701 3721 3775 quotquot
3773 3692 3844 3756 in
3891 3690 4229 3757 Christum
4272 3691 4485 3756 filium
4520 3686 4629 3753 Dei

2707 3788 2776 3843 et
2816 3778 3100 3844 hominis
3143 3799 3259 3862 pro
3327 3777 3609 3862 peccatis
3665 3778 3867 3843 totius
3923 3774 4153 3842 mundi
4207 3797 4473 3859 passum
4513 3793 4627 3839 cro-

2705 3863 2873 4014 }unt
2915 3865 3198 3949 gratiam
3231 3864 3358 3930 Dei
3401 3873 3469 3929 et
3509 3865 3716 3930 vitam
3758 3871 4094 3929 aeternam
4136 3869 4622 3947 consequuntur.

2742 3971 2798 4015 o.
2846 3955 2904 4016 3.
2953 3954 3011 4015 6.

2877 4037 3354 4102 Promissiones
3396 4037 3602 4119 igitur
3643 4055 3844 4118 quum
3889 4034 4023 4099 sint
4064 4033 4470 4098 universales
4501 4029 4624 4114 qui·

2708 4122 2830 4188 bus
2875 4121 3061 4188 Deus
3103 4121 3274 4187 hanc
3314 4122 3597 4205 gratiam
3639 4141 3825 4185 suam
3866 4120 4075 4198 offert,
4153 4118 4296 4184 ideo
4347 4137 4527 4184 nemo
4564 4133 4622 4212 se

2706 4209 2919 4291 ipsum
2965 4206 3287 4285 excludat,
3333 4207 3449 4274 sed
3491 4227 3696 4289 quum
3736 4206 3985 4288 pariter
4018 4226 4242 4271 omnes
4277 4222 4621 4288 peccaveri-

2707 4316 2872 4373 mus,
2889 4315 3118 4359 omnes
3138 4314 3222 4359 ex
3242 4314 3445 4375 aequo
3466 4292 3740 4358 salutem
3765 4292 4048 4357 oblatam
4065 4288 4619 4374 apprehendamus

2880 4380 3243 4447 Verissima
3285 4388 3353 4444 et
3392 4400 3648 4446 summa
3680 4378 4071 4443 afflictarum
4106 4376 4616 4470 conscientiarum

2706 4466 3079 4543 consolatio,
3123 4486 3327 4549 eaque
3370 4466 3585 4544 unica,
3629 4465 3702 4528 in
3743 4463 3849 4530 his
3892 4472 3960 4527 et
4002 4462 4325 4529 similibus
4370 4479 4616 4545 promis·

2706 4550 3003 4618 sionibus
3060 4552 3529 4634 comprehensa
3570 4559 3697 4614 est:
3758 4550 3936 4614 Vivo
3979 4570 4119 4633 ego,
4175 4548 4325 4614 nolo
4368 4553 4614 4613 mortem

2706 4638 3082 4721 peccatoris.
3170 4636 3651 4704 Convertimini
3706 4642 3773 4699 et
3829 4635 4006 4719 agite
4048 4635 4509 4719 poenitentiam
4545 4627 4611 4725 sb

2704 4725 3007 4789 omnibus
3040 4722 3497 4805 iniquitatibus
3518 4722 3756 4788 vestris
3777 4730 3845 4786 et
3878 4742 4011 4787 non
4032 4722 4161 4786 erit
4182 4721 4368 4787 vobis
4399 4721 4464 4784 in
4495 4735 4609 4779 rm·

2705 4831 2860 4874 nam
2895 4809 3228 4891 iniquitas.
3272 4809 3511 4874 Ezcch.
3542 4814 3632 4873 18.
3679 4808 3770 4872 Et
3793 4806 4133 4873 Christus:
4158 4808 4397 4871 Venite
4428 4800 4608 4870 adme

2704 4895 3084 5046 omnesfilui
3102 4893 3438 5044 llaboratis
3481 4904 3550 4960 et
3590 4894 3840 4960 onerati
3875 4893 4049 4973 estis,
4095 4901 4164 4959 et
4199 4913 4321 4976 ego
4354 4889 4603 4958 reficiam

2702 5002 2839 5048 vos.
3004 4988 3100 5045 att
3218 4986 3314 5045 ll.

2873 5065 3075 5131 Fides
3139 5074 3357 5131 autem
3418 5088 3548 5150 qua
3607 5064 3893 5132 oblatam
3944 5064 4069 5130 Dei
4125 5064 4297 5129 hanc
4360 5058 4599 5149 gratiam

2701 5152 3166 5218 universaliter
3230 5154 3533 5218 omnibus
3594 5150 3985 5235 promissam
4053 5151 4419 5234 accipimus,
4475 5162 4598 5229 gra-

2702 5240 2941 5303 tuitum
2977 5238 3105 5303 Dei
3154 5237 3397 5305 donum
3439 5248 3556 5317 est,
3601 5259 3784 5303 mera
3807 5235 3934 5301 Dei
3977 5236 4415 5302 misericordia
4444 5226 4598 5296 nullo

2702 5344 2973 5407 operum
3035 5331 3412 5391 nostrorum
3476 5333 3776 5407 respectu
3840 5321 4012 5401 data,
4090 5322 4258 5388 sicut
4321 5321 4595 5403 scriptum
