4850 6117
563 428 572 439 ⁸
633 432 759 494 459

1510 615 1711 687 3896.

1103 770 1629 839 ZERKINTES
1675 770 2114 839 OAININO.

639 1036 737 1103 da
772 946 1232 1100 athzensium
1287 949 1504 1027 partes
1567 947 1637 1010 in
1690 945 2011 1026 praesenti
2065 945 2428 1011 discrinune
2483 947 2584 1011 de-

735 1055 857 1099 r.

922 1206 1033 1269 (Ex
1071 1201 1406 1272 autographo
1443 1200 1575 1255 Ood.
1613 1200 1815 1256 Gener.
1850 1200 1968 1269 114,
2003 1201 2094 1257 fol.
2132 1200 2277 1269 112.)

639 1384 706 1447 A
748 1400 903 1445 mon
958 1378 1252 1443 honnore
1305 1395 1461 1458 pere
1514 1381 1579 1438 et
1644 1374 1814 1440 frere
1857 1395 1940 1439 en
1986 1382 2212 1440 nostre
2256 1373 2586 1460 Seigneur

762 1465 970 1531 Iehan
1014 1461 1246 1529 Calvin
1289 1460 1586 1525 ministre
1630 1458 1709 1523 de
1753 1459 2002 1545 l’eglise
2046 1459 2126 1525 de
2170 1460 2465 1527 Geneve.

815 1636 1085 1719 Quoties
1149 1654 1267 1718 ego
1332 1632 1414 1697 ad
1478 1640 1543 1695 te
1608 1632 1833 1697 literas
1882 1630 1966 1698 do
2019 1631 2099 1697 de
2154 1630 2462 1699 Gondensi
2517 1640 2588 1698 et

641 1731 872 1792 nostra
922 1719 1249 1789 communi
1307 1739 1521 1797 causa,
1587 1738 1722 1782 non
1775 1717 1986 1784 scribo
2045 1739 2128 1784 ex
2194 1718 2396 1784 animi
2455 1719 2586 1784 mei

645 1809 987 1877 sententia.
1077 1805 1346 1872 Mallem
1393 1804 1569 1869 enim
1615 1803 1883 1869 meliora
1921 1814 1990 1869 et
2030 1804 2360 1870 faustiora.
2448 1805 2583 1871 Res

642 1903 743 1963 est
782 1915 1047 1980 prorsus
1088 1890 1293 1957 ardua
1335 1898 1405 1954 et
1446 1909 1704 1973 anceps,
1748 1910 1879 1973 quo
1920 1889 2000 1954 fit
2032 1897 2109 1956 ιιι
2151 1910 2390 1974 magna
2433 1911 2585 1957 con-

641 1983 930 2048 tentione
972 1977 1252 2045 obtineri
1294 1977 1412 2041 vix
1457 1974 1810 2060 quidquam
1853 1976 2060 2060 possit
2102 1976 2273 2060 quod
2316 1996 2587 2061 magno·

638 2089 795 2153 pere
864 2065 1201 2132 conducat.
1313 2061 1374 2127 N
1377 2082 1461 2127 on
1529 2060 1766 2127 damno
1830 2071 2206 2128 nostrorum
2262 2072 2586 2142 conatum,

641 2152 756 2220 sed
795 2151 950 2219 belli
993 2147 1262 2236 gerendi
1304 2146 1682 2214 tarditatem
1741 2147 1846 2232 (ιιι
1887 2156 1963 2213 ιιι
2007 2155 2288 2231 quoque)
2333 2168 2586 2216 accuso.

637 2240 960 2322 Princeps
1010 2235 1348 2303 condensis
1389 2235 1483 2301 sic
1539 2242 1866 2318 temperat
1921 2234 2268 2300 clementia
2308 2233 2477 2300 iram
2521 2243 2590 2300 et

640 2325 1059 2392 severitatem
1093 2329 1167 2387 ut
1200 2320 1312 2386 illa
1349 2320 1520 2385 hanc
1558 2340 1764 2403 paene
1802 2319 2158 2386 absorbeat.
2232 2321 2338 2386 Ab
2375 2321 2588 2386 alieno

642 2412 929 2478 abstinet
969 2427 1398 2489 rasorumque
1460 2405 1689 2489 opibus
1745 2406 1980 2489 parcit:
2063 2426 2218 2472 suos
2260 2406 2585 2488 exhaurit,

643 2499 756 2581 qui
822 2501 1399 2580 quantumcunque
1464 2492 1804 2558 conferant
1858 2494 2033 2557 inter
2089 2513 2161 2558 se
2220 2514 2586 2574 numerum,

645 2602 985 2666 nunquam
1010 2579 1482 2645 Guisianorum
1523 2580 1947 2661 rapacitatem
1986 2578 2374 2662 aequabunt.
2450 2578 2588 2660 Qui

643 2668 899 2734 interea
961 2665 1203 2732 nostris
1245 2685 1367 2730 nec
1409 2674 1703 2747 parcunt,
1771 2663 1887 2729 sed
1944 2665 2319 2730 immaniter
2361 2667 2432 2730 in
2476 2686 2588 2730 eos

643 2754 950 2821 saeviunt
985 2761 1053 2818 et
1095 2773 1249 2836 opes
1291 2750 1583 2835 publicas
1626 2749 1966 2830 invadunt,
2013 2758 2089 2815 ut
2130 2753 2264 2816 sint
2296 2752 2589 2817 numeris

643 2841 943 2908 omnibus
972 2838 1213 2904 nostris
1245 2835 1632 2920 superiores.
1697 2839 1837 2901 Aut
1855 2836 2099 2902 bellum
2122 2837 2592 2922 capessendum

644 2927 913 2992 omnino
954 2946 1087 2990 non
1141 2933 1299 3002 erat,
1355 2930 1423 2988 et
1479 2922 1560 2988 de
1614 2920 2056 3007 tyrannicidio
2111 2932 2370 2989 tantum
2411 2925 2588 3009 cogi-

644 3013 935 3089 tandum,
981 3016 1101 3076 aut
1140 3009 1411 3089 fortiter,
1457 3017 1525 3073 et
1566 3009 1709 3074 sine
1752 3015 1939 3073 tanta
1984 3009 2319 3075 anxietate
2353 3030 2588 3095 geren-

644 3097 820 3163 dum.
864 3094 1112 3161 Videor
1153 3094 1347 3179 plane
1383 3093 1549 3160 mibi
1588 3096 1747 3171 (nisi
1770 3094 2098 3161 Dominus
2142 3094 2254 3161 det
2287 3096 2589 3170 meliora)

644 3185 716 3247 in
761 3182 1232 3249 Germanicum
1260 3179 1473 3248 Caroli
1492 3180 1576 3245 V.
1618 3179 1861 3246 bellum
1906 3189 1973 3246 et
2006 3190 2306 3248 nostrum
2348 3181 2594 3248 Helve-

644 3270 852 3334 ticum
890 3267 1155 3334 intueri.

818 3352 996 3437 Quid
1033 3362 1407 3420 nostrorum
1441 3354 2022 3440 promptitudinem
2059 3362 2423 3422 remoretur
2459 3376 2591 3421 non

645 3441 897 3528 pigebit
938 3439 1057 3506 tibi
1123 3440 1468 3506 declarare.
1560 3438 1843 3506 Causam
1886 3442 2170 3525 probant
2211 3462 2437 3508 omnes
2480 3462 2594 3508 cu·

642 3529 966 3614 piuntque
1008 3533 1086 3592 ut
1127 3525 1359 3591 melior
1391 3546 1544 3609 pars
1587 3526 1821 3592 vincat.
1903 3526 2098 3608 Quod
2140 3548 2408 3593 manum
2468 3528 2597 3612 ipsi

646 3636 783 3681 non
827 3613 1174 3679 admovere
1217 3611 1472 3696 possint
1508 3612 1672 3679 haec
1726 3622 2106 3679 causantur:
2173 3636 2279 3681 res
2317 3615 2390 3678 in
2439 3614 2595 3681 vici-

645 3701 760 3767 nia
807 3698 1094 3782 undique
1123 3704 1471 3782 suspectas,
1518 3697 1729 3782 plebis
1763 3698 2074 3783 inopiam,
2118 3699 2593 3784 stipendiorum

643 3788 963 3852 incertam
1005 3783 1416 3861 solutionem,
1460 3783 1833 3868 principum
1879 3794 1947 3850 et
1991 3783 2389 3852 Germaniae
2432 3787 2593 3852 civi-

646 3880 857 3938 tatum
923 3869 1131 3936 altum
1188 3868 1540 3950 silentium,
1597 3869 2070 3954 Tigurinorum
2127 3872 2593 3939 Basiliensium

647 3955 1253 4025 Schafliusanorum
1300 3954 1905 4035 dissimulationem,
1959 3957 2270 4024 itinerum
2316 3956 2594 4024 difficul-

646 4051 868 4122 tatem,
927 4042 998 4107 in
1052 4039 1425 4108 Condensia
1482 4049 1696 4108 castra
1751 4041 1808 4108 si
1869 4044 2314 4125 proficiscatur
2354 4045 2597 4128 exigua

646 4149 899 4207 manus,
966 4127 1261 4211 pericula
1314 4125 1609 4193 desertae
1662 4128 1931 4212 patriae,
1997 4130 2053 4195 si
2110 4151 2365 4215 magna.
2464 4129 2596 4194 ma

647 4234 902 4298 quoque
942 4214 1084 4297 ipsa
1124 4212 1492 4296 legatorum
1535 4220 1603 4278 et
1644 4222 2136 4297 procuratorum
2180 4226 2446 4281 nostrae
2478 4235 2595 4299 pa-

647 4300 767 4365 tris
792 4305 844 4375 ¹)
904 4299 1220 4382 expositio
1275 4308 1344 4362 et
1394 4298 1564 4365 ratio
1630 4299 1713 4363 ad
1769 4298 2167 4383 respublicas
2221 4300 2346 4368 hoc
2389 4321 2592 4386 nego-

648 4386 819 4450 tium
883 4382 1202 4450 referendi
1267 4383 1549 4449 multum
1616 4385 1905 4451 offendit.
2022 4386 2200 4451 Dum
2269 4408 2445 4453 nunc
2509 4387 2592 4451 ad

651 4471 933 4536 arbitros
977 4471 1377 4555 confugiunt,
1423 4491 1577 4536 mox
1620 4470 1896 4536 militem
1938 4473 2003 4536 in
2050 4473 2384 4556 suppetias
2403 4472 2592 4556 flagi-

651 4566 823 4620 tant:
868 4555 1038 4638 quod
1082 4557 1287 4622 nostri
1332 4556 1714 4622 inclinantis
1755 4558 1887 4622 iam
1930 4556 2087 4624 belli
2130 4573 2592 4644 argumentum

651 4661 795 4707 esse
836 4642 1366 4725 interpretantur.
1433 4642 1726 4708 Versant
1767 4643 1962 4708 etiam
2008 4643 2131 4710 hoc
2173 4664 2411 4724 secum,
2459 4644 2592 4727 pri-

651 4736 839 4792 vatas
876 4726 1239 4810 principum
1275 4728 1549 4794 iniurias
1586 4728 1801 4795 calcar
1833 4729 2030 4795 fuisse
2064 4729 2256 4795 belli:
2295 4731 2590 4816 reginam

651 4826 720 4879 et
760 4833 1000 4897 regem,
1045 4813 1426 4895 quibuscum
1470 4813 1657 4880 nobis
1693 4835 1820 4897 pax
1858 4822 1925 4880 et
1958 4816 2245 4881 amicitia
2278 4826 2595 4900 perpetua

650 4907 1000 4976 contracta,
1087 4898 1332 4964 nullam
1410 4899 1727 4967 hactenus
1805 4901 2346 4984 significationem
2434 4923 2593 4968 suae

651 4984 1015 5052 sententiae
1055 4982 1137 5047 de
1180 4983 1302 5049 hoc
1345 4992 1525 5050 motu
1558 4983 1831 5052 dedisse.
1896 4986 2132 5070 Itaque
2165 4990 2408 5072 suscipi
2454 4988 2590 5055 bel-

648 5072 787 5138 lum
846 5069 968 5135 hoc
1023 5088 1062 5131 a
1105 5067 1294 5134 nobis
1336 5070 1480 5134 sine
1523 5070 1828 5153 perfidiae
1870 5073 2160 5156 periculo
2204 5094 2336 5139 non
2383 5094 2587 5157 posse,

652 5178 844 5241 quam
881 5155 1154 5219 minimo
1190 5155 1459 5238 reginae
1493 5166 1657 5220 nutu
1691 5178 2032 5239 possemus
2067 5160 2331 5225 evitare.
2390 5160 2591 5226 Dices

653 5362 841 5417 8806.
867 5361 917 5427 l)
960 5360 1193 5415 Omnino
1228 5360 1534 5430 legendum.-
1572 5361 1759 5429 partis,
1795 5377 1908 5416 non
1943 5378 2099 5417 vero.-
2131 5365 2360 5431 patriae.

2152 422 2676 494 EPISTOLAE
2721 432 3142 499 asos—3807

4499 434 4611 499 460

2689 618 2896 685 mihi:
2952 619 3067 704 qui
3124 640 3390 687 omnem
3445 621 3733 707 pluviam
3779 622 4017 687 timent
4056 640 4394 705 nunquam
4434 621 4614 686 etiam

2683 705 3019 790 paenulati
3096 705 3615 793 progredientur.
3737 706 4014 787 Fateor,
4099 707 4213 774 sed
4294 706 4443 791 quis
4506 707 4611 773 hos

2684 811 2834 857 scru
3017 799 3151 857 tam
3228 794 3489 877 penitus
3542 792 3907 859 insidentes
3973 793 4268 859 oratione
4337 792 4610 858 eximat?

2685 877 2779 944 Ut
2819 876 3069 962 aliquid
3111 878 3398 946 facerent
3438 879 3649 945 nostri
3690 877 3851 946 haec
3894 888 4084 945 erant
4124 879 4505 957 necoesaria„
4545 885 4615 943 ιιι

2683 962 3004 1029 haberent
3067 964 3175 1031 vel
3232 965 3340 1032 hic
3397 965 3506 1030 vel
3559 986 3597 1030 c
3632 965 3995 1032 Germania
4046 964 4251 1032 socios
4307 963 4481 1044 belli,
4541 985 4615 1031 ne

2684 1049 2839 1116 solis
2892 1049 3016 1117 hoc
3067 1071 3237 1117 onus
3291 1051 3699 1117 incumberet
3712 1102 3728 1130 ,
3796 1058 3870 1116 ut
3933 1061 4125 1135 pacta
4188 1058 4257 1117 et
4311 1058 4618 1116 conventa

2685 1142 2856 1202 esset
2912 1135 3387 1220 stipendiorum
3442 1137 3630 1217 ratio,
3695 1145 4008 1221 metuque
4061 1136 4373 1220 perfidiae
4423 1135 4617 1219 quali-

2683 1240 2940 1305 cunque
2981 1220 3096 1287 sed
3138 1230 3318 1288 certa
3350 1231 3571 1288 tamen
3608 1224 3875 1307 reginae
3929 1223 4426 1309 significatione,
4469 1221 4617 1287 libe-

2685 1320 3007 1374 rarentur.
3091 1307 3278 1374 Haec
3319 1309 3472 1393 quia
3514 1307 3801 1375 difficilia
3842 1309 4132 1387 obtentu,
4194 1317 4261 1374 et
4301 1307 4462 1393 quia
4492 1307 4618 1374 sine

2680 1391 2787 1458 his
2831 1401 3051 1459 tamen
3096 1394 3330 1461 confici
3381 1393 3549 1460 nihil
3606 1402 3833 1478 potest,
3888 1396 4060 1462 iacet
4114 1414 4311 1461 causa
4367 1394 4479 1460 hic
4520 1393 4620 1458 de-

2685 1486 2878 1545 serta.
2986 1479 3218 1564 Itaque
3284 1477 3473 1546 valde
3537 1483 3742 1546 miror
3808 1489 4066 1547 nostros
4129 1489 4265 1546 tam
4342 1480 4622 1565 segniter

2685 1587 2757 1631 se
2796 1565 2865 1630 in
2911 1565 3232 1631 tentanda
3275 1565 3759 1633 Germanorum
3800 1567 4151 1633 -voluntate
4204 1567 4505 1652 gessisse,
4566 1576 4623 1630 et

2687 1659 2823 1715 tam
2877 1651 3180 1737 religiose
3233 1673 3274 1718 a
3323 1653 3763 1718 sacrificorum
3818 1653 4080 1737 iniquae
4142 1652 4350 1737 partis
4403 1651 4622 1737 opibus

2687 1736 3031 1816 ab'stinere,
3099 1744 3179 1802 ut
3230 1739 3364 1802 iam
3420 1758 3542 1803 nec
3594 1738 3750 1804 belli
3806 1740 4014 1805 socios
4074 1759 4191 1805 nec
4233 1737 4624 1821 stipendium

2688 1822 2983 1888 habeant.
3065 1822 3339 1904 Deinde,
3386 1833 3712 1909 utcunque
3756 1825 4064 1891 conclusa
4105 1824 4334 1908 regina
4367 1824 4476 1904 sit,
4518 1842 4626 1908 per

2689 1908 2975 1992 aliquam
3028 1908 3338 1975 rimulam
3392 1908 3710 1977 indicium
3769 1910 4129 1977 voluntatis
4192 1909 4362 1975 elabi
4407 1910 4622 1993 potuit.

2685 1994 2938 2061 Vereor
2972 2016 3055 2061 ne
3088 1995 3275 2062 initio
3295 1994 3421 2062 hoc
3456 1996 3552 2062 eis
3586 1996 3972 2079 imposuerit
3996 1995 4165 2080 quod
4199 2016 4479 2061 numero
4514 1995 4625 2061 im·

2689 2101 2916 2163 parem
2960 2081 3217 2146 hostem
3283 2082 3566 2149 maiores
3607 2082 3827 2167 copias
3869 2082 4291 2149 collecturum
4336 2102 4473 2147 non
4516 2102 4625 2165 pu-

2692 2175 2927 2232 tarent.
3022 2165 3096 2232 Si
3147 2187 3253 2233 res
3306 2175 3443 2233 tam
3499 2169 3839 2253 praecipiti
3894 2168 4165 2234 consilio
4221 2175 4289 2233 et
4345 2167 4626 2234 subsidio

2689 2273 2825 2318 non
2879 2262 3102 2337 egeret
3157 2275 3276 2339 per
3330 2274 3581 2320 moram
3641 2253 3887 2338 aliquid
3944 2262 4363 2320 tentaremus.
4470 2253 4625 2338 Spes

2690 2338 2869 2404 enim
2894 2346 3069 2404 esset
3101 2361 3234 2406 non
3258 2360 3431 2405 vana
3453 2339 3768 2423 quosdam
3790 2360 3909 2407 nos
3943 2340 4016 2404 in
4044 2339 4196 2407 belli
4234 2340 4626 2406 consortium

2690 2432 3149 2508 pertracturos,
3208 2426 3719 2510 affulsuramque
3776 2427 4029 2492 interea
4085 2426 4424 2509 pecuniam
4483 2424 4625 2490 belli

2689 2531 2969 2576 nervum
3014 2520 3080 2576 et
3113 2512 3419 2577 animam.
3501 2510 3682 2577 Sunt
3714 2512 3891 2578 enim
3933 2510 4060 2578 hae
4102 2520 4478 2578 nostrorum
4520 2530 4625 2577 vo-

2691 2617 2818 2676 ces,
2865 2595 3059 2662 malle
3101 2617 3172 2664 se
3207 2595 3381 2662 domi
3426 2617 3620 2681 quam
3675 2599 3831 2664 foris
3876 2598 4079 2683 gratis
4121 2599 4327 2664 vitam
4368 2597 4624 2682 profun-

2693 2679 2862 2748 dere.
2932 2681 3120 2748 Nosti
3166 2683 3349 2768 vulgi
3394 2682 3752 2769 ingenium.
3823 2682 3899 2750 Si
3922 2683 4324 2769 Lugdunum
4360 2705 4432 2750 se
4466 2682 4626 2751 tueri

2692 2766 3091 2851 aliquamdiu
3134 2776 3369 2853 posset,
3392 2774 3447 2846 2)
3491 2791 3626 2835 ιιοιι
3669 2768 3939 2854 despero
3998 2770 4080 2836 de
4142 2771 4462 2854 suppetiis
4503 2771 4625 2836 No-

2694 2854 3187 2921 vocomensibus
3249 2865 3316 2921 et
3378 2855 3625 2940 aliquot
3688 2866 4061 2922 nostrorum
4125 2854 4467 2922 hominum
4523 2856 4627 2940 qui

2694 2961 2765 3006 se
2809 2939 3260 3026 adiungerent.
3341 2942 3553 3008 Fama
3592 2942 3770 3025 pacis
3816 2963 4025 3026 paene
4069 2942 4416 3023 confectae,
4479 2942 4626 3009 dum

2693 3025 2855 3093 haec
2898 3027 3126 3127 scribo,
3173 3029 3543 3127 perstrepit,
3589 3027 4043 3128 videnturque·
4063 3026 4361 3129 dubitare
4404 3028 4625 3097 adver·

2693 3134 2808 3264 22⁰
2850 3120 3058 3298 Ρῗὲῗῗ
3098 3113 4626 3267 ἱῖἰρῗῖἒἯθξὲἵᾝὲθζοωωξὲῗᾝῖ

2694 3283 2953 3351 Nobilis
2974 3284 3159 3367 hic⁸)
3321 3285 3685 3370 principem
3712 3284 4084 3353 Condenoem
4103 3287 4343 3353 missus
4377 3308 4418 3353 a
4449 3287 4625 3354 nobis

2697 3379 2913 3436 tecum
2965 3370 3047 3437 de
3105 3371 3209 3439 his
3263 3372 3460 3438 rebus
3512 3372 3821 3439 conferet.
3910 3371 4121 3438 Fidus
4163 3382 4284 3453 est,
4328 3373 4625 3457 prudens,

2695 3457 2892 3523 tritus
2950 3456 3021 3522 in
3075 3480 3147 3524 re
3202 3457 3451 3524 bellica.
3538 3456 3728 3538 Vale,
3794 3467 3863 3524 et
3913 3478 4128 3525 meam
4185 3480 4453 3543 operam
4513 3457 4625 3525 fibi

2695 3563 2954 3626 semper
2975 3563 3118 3695 οῗεο
3137 3545 3210 3609 in
3231 3544 3356 3610 hac
3376 3562 3572 3609 causa
3592 3553 3891 3628 paratam
3927 3545 4047 3611 tibi
4079 3544 4416 3629 persuade.
4474 3546 4623 3613 Ber·

2694 3650 2818 3696 nae
2872 3633 2964 3694 16.
3047 3630 3187 3696 unii
3230 3632 3408 3696 1562.

3840 3769 4020 3835 Tuus
4062 3769 4460 3836 Zerchintes.

2865 3974 3224 4057 Postquam
3266 3973 3441 4040 iacta
3482 3981 3584 4041 est
3625 3974 3766 4041 alea
3802 3975 4000 4041 velim
4035 3985 4292 4044 nostros
4325 3977 4619 4043 innocen·

2695 4059 2781 4125 tis
2816 4060 3159 4145 sanguinis
3191 4059 3433 4126 habere
3467 4060 3808 4142 rationem,
3842 4070 4294 4148 tyrannorum,
4339 4071 4402 4130 et
4433 4061 4619 4130 sacri-

2694 4146 2967 4298 gecflrlugi
3023 4166 3220 4230 opum
3277 4145 3547 4212 nullam.
3639 4147 3810 4213 Nam
3871 4147 4012 4215 sine
4070 4148 4394 4232 stipendio
4433 4148 4620 4234 friget
