4850 6117
255 434 367 500 281

1128 618 1319 691 3713.

636 792 1143 861 HALLERUS
1187 791 1819 862 BULLINGERO.

422 963 715 1049 synodus
758 967 1292 1047 procrastinatur.
1399 965 1588 1048 Cupit
1633 964 1772 1049 ipse
1825 971 1894 1030 ut
1947 969 2004 1029 et
2058 983 2198 1029 oum

263 1049 716 1117 &ascensibus
751 1053 830 1117 de
870 1072 939 1117 re
977 1051 1303 1118 vastanda
1349 1056 1615 1136 ayatur:
1658 1071 1851 1134 quum
1903 1069 2046 1115 vero
2092 1049 2198 1115 Se-

255 1142 434 1204 nm
463 1156 793 1219 nunquam
822 1138 1201 1220 permitteret
1233 1138 1373 1204 suis
1404 1136 1722 1203 ministris
1750 1142 1822 1203 ut
1849 1138 1919 1202 id
1955 1136 2199 1218 faciant

257 1242 441 1323 neque
479 1222 622 1304 {pse
662 1244 730 1289 eo
765 1223 995 1289 adduci
1017 1225 1238 1306 possit,
1273 1222 1432 1306 forte
1479 1223 1848 1290 Turioems
1890 1222 2195 1307 neyotium

255 1327 562 1391 We

260 1479 362 1545 (Ex
405 1481 749 1603 autographo
793 1480 956 1534 Arch.
996 1480 1177 1534 Turio.
1228 1480 1370 1534 Plut.
1408 1479 1498 1533 vl.
1550 1480 1675 1535 Vol.
1714 1479 1833 1545 106,
1884 1480 2012 1534 olim
2047 1480 2191 1547 Epp.

650 1566 755 1605 om.
787 1549 858 1615 11,
893 1549 987 1604 fol.
1023 1548 1146 1605 854.
1183 1578 1249 1589 —
1285 1547 1498 1603 Simler.
1536 1550 1650 1603 Vol.
1689 1549 1834 1616 103.)

413 1720 801 1787 Clarissimo
841 1722 987 1785 viro
1023 1721 1109 1787 D.
1153 1721 1538 1805 Heinrycho
1572 1720 1959 1805 Bullingero
1993 1721 2197 1805 'Pigu-

256 1807 429 1872 rinae
469 1807 783 1873 ecclesiae
823 1808 1067 1890 pastori
1112 1806 1488 1873 fidelissimo
1533 1805 1796 1872 domino
1831 1828 1948 1873 suo
1993 1807 2196 1872 hono-

256 1891 449 1957 rando
490 1902 560 1957 et
604 1893 925 1976 compatri
967 1893 1320 1957 carissimo.
1766 1978 2026 2045 Zfirich·

416 2165 485 2233 S.
570 2166 712 2233 Wie
746 2186 812 2231 es
852 2169 979 2231 mir
1010 2187 1123 2232 vor
1150 2168 1299 2252 θείη
1341 2167 1475 2233 also
1510 2173 1666 2252 ραις.
1766 2167 1964 2232 Vnser
2000 2166 2196 2251 Syno-

259 2253 438 2336 dus1)
479 2253 617 2318 hait
672 2254 773 2318 ein
828 2252 975 2318 loch.
1076 2252 1261 2330 Heri,
1319 2264 1392 2318 nt
1446 2254 1745 2336 proxime
1796 2254 2195 2337 praemonui,

257 2337 469 2404 literae
511 2344 667 2403 tuae
710 2358 929 2405 coram
972 2338 1297 2422 frequenti
1346 2339 1797 2404 Diaeosiorum
1843 2359 2196 2423 congrega-

262 2423 420 2489 tione
458 2423 670 2491 lectae
712 2434 882 2489 sunt.
982 2425 1219 2490 Visum
1265 2434 1367 2490 est
1407 2423 1748 2510 Synodum
1798 2424 2197 2509 suspendere

258 2518 317 2573 et
366 2511 685 2595 scriptum
743 2518 1045 2576 nostrum
1109 2511 1190 2577 ad
1259 2532 1374 2578 vos
1438 2519 1505 2576 et
1568 2509 1650 2575 ad
1708 2510 2196 2595 Scaphusianos

258 2596 515 2674 mittere,
566 2603 649 2661 ut
691 2604 984 2664 vestrum
1043 2596 1125 2662 de
1173 2597 1298 2663 hoc
1349 2596 1580 2663 feratis
1635 2595 1970 2664 iudicium.
2062 2595 2196 2661 Hic

260 2701 419 2749 nunc
446 2694 748 2748 vestrum
786 2681 1215 2767 imploramus
1251 2682 1574 2748 auxilium
1610 2695 1685 2748 ut
1720 2683 1964 2749 nostris
1999 2680 2195 2746 adda-

261 2766 334 2833 tis
374 2768 694 2834 stimulos.
797 2767 1052 2834 Vereor
1093 2771 1287 2847 enim,
1333 2789 1582 2847 vereor,
1644 2790 1726 2834 ne
1766 2790 1896 2833 non
1942 2768 2113 2833 serio
2157 2787 2196 2832 a

258 2852 462 2920 multis
503 2875 616 2921 res
650 2865 904 2939 agatur.
965 2853 1315 2936 Quaerunt
1349 2855 1594 2939 effugia
1626 2863 1701 2920 ut
1734 2854 1901 2920 nihil
1935 2854 2191 2920 faciant.

262 2935 536 3007 Siwemi
576 2941 700 3007 πίει
740 2940 1172 3025 indemdiny
1213 2941 1335 3006 sin.
1431 2940 1506 3006 Si
1546 2943 1866 3007 nennends
1906 2941 2010 3006 die
2056 2939 2194 3004 ben-

262 3044 390 3091 nen:
412 3031 465 3103 2)
505 3047 664 3093 man
708 3027 850 3092 wirt
886 3025 1031 3091 dieb
1064 3027 1221 3093 auch
1258 3028 1329 3092 in
1362 3027 1465 3092 die
1499 3026 1729 3092 bennen
1772 3026 1943 3092 than.
2032 3026 2189 3092 Plu-

260 3111 477 3178 rimum
521 3132 686 3178 vero
720 3112 961 3196 poterit
1003 3123 1225 3178 vestra
1271 3115 1602 3190 autoritas,
1648 3114 1704 3178 si
1752 3115 1922 3178 serio
1967 3112 2191 3178 admo-

259 3199 510 3264 nueritis
565 3207 828 3265 nostros
885 3206 960 3264 ut
1015 3218 1283 3263 manum
1324 3200 1505 3282 operi
1549 3198 1958 3266 admoveant.
2046 3198 2191 3264 Hoc

261 3282 486 3351 interea
526 3305 638 3351 me
681 3284 920 3370 affligit
959 3285 1129 3369 quod
1176 3306 1306 3350 non
1361 3283 1444 3349 ad
1487 3286 1648 3351 alias
1734 3305 1947 3368 uoque
1991 3285 2193 3352 eccle-

261 3369 375 3436 sias
414 3373 732 3455 scriptum
778 3371 898 3438 hoc
933 3379 1229 3438 nostrum
1266 3372 1566 3436 mittitur.
1622 3375 1680 3436 A
1728 3391 2193 3438 monueramus

263 3465 320 3520 et
355 3477 816 3543 rogaveramus
860 3467 936 3522 ut
979 3467 1047 3523 et
1090 3457 1435 3523 Genevam
1479 3458 1779 3540 inprimis
1823 3465 2014 3539 atque
2061 3458 2191 3522 Ba-

264 3543 467 3609 sileam
510 3563 769 3628 quoque
810 3545 1199 3609 mitteretur.
1288 3542 1424 3608 Sed
1468 3543 1649 3607 nihil.
1750 3542 1924 3624 Quid
1972 3544 2027 3609 si
2075 3564 2193 3608 vos

264 3649 632 3714 responsum
677 3641 964 3694 vestrum
1014 3628 1362 3694 differretis
1406 3638 1475 3693 et
1516 3629 1767 3694 interea
1805 3650 1952 3695 cum
1981 3627 2198 3694 Gene-

262 3717 550 3782 vensibus
594 3714 919 3800 ageretis?
980 3714 1053 3781 Si
1093 3717 1270 3779 enim
1313 3715 1474 3798 ipsis
1521 3736 1772 3799 quoque
1805 3716 2195 3798 probaretur

262 3808 318 3864 et
355 3823 389 3866 a
429 3802 673 3868 nostris
728 3801 1129 3885 reciperetur
1173 3822 1290 3885 per
1346 3808 1630 3866 vestram
1688 3801 2193 3886 suggestionem,

262 3895 494 3968 poterat
549 3888 845 3953 fortassis
911 3887 1218 3954 ecclesiae
1281 3886 1550 3952 consuli.
1664 3887 1728 3951 N
1730 3908 1801 3952 os
1855 3907 2194 3971 possemus

263 3971 426 4039 facile
468 3973 764 4038 omnium
809 3973 1226 4040 ecclesiarum
1272 3992 1619 4039 censuram
1674 3974 1863 4039 ferre.
1966 3974 2193 4040 Mitte-

265 4077 458 4125 remus
520 4060 650 4142 ipsi
707 4059 1066 4137 Genevam,
1134 4058 1249 4124 sed
1304 4060 1357 4124 si
1424 4060 1743 4124 rescirent
1808 4060 2012 4126 nostri
2071 4059 2192 4128 hoo

266 4143 390 4208 sine
429 4147 714 4229 ipsorum
760 4146 1030 4209 consilio
1074 4147 1233 4225 fieri,
1277 4148 1387 4211 der
1419 4147 1531 4210 ritt
1570 4144 1810 4211 bschisz
1850 4166 1982 4211 vns.
2032 4145 2192 4210 Man

266 4229 460 4312 doerfft
496 4253 615 4297 vus
654 4231 770 4296 wol
809 4232 925 4312 fiir
968 4237 1246 4295 vero-citer
1278 4230 1496 4308 hatten,
1544 4232 1717 4297 darm
1754 4232 1859 4297 die
1896 4232 2193 4296 bitterkeit

265 4314 337 4379 ist
375 4337 502 4382 seer
544 4338 745 4401 yrosz.
862 4316 945 4381 So
993 4318 1227 4381 vexiert
1283 4317 1447 4381 mich
1499 4319 1806 4402 daryeyen
1857 4317 2017 4383 auch
2071 4317 2191 4382 das

265 4400 368 4465 das
406 4402 499 4470 ich
541 4403 706 4467 vilen
763 4404 876 4468 der
917 4402 1224 4469 wazschm
1269 4408 1504 4487 spiiren
1546 4404 1700 4468 imm
1754 4403 1911 4487 kopf
1952 4404 2188 4469 stechen

267 4486 351 4549 ein
383 4488 899 4555 wanderbarziche
936 4489 1299 4572 Conception
1358 4487 1437 4553 de
1492 4496 1816 4572 potestate
1872 4496 1937 4555 et
1992 4490 2187 4556 iuris-

268 4569 517 4640 dictione
582 4574 1015 4640 ecclesiastica
1032 4626 1046 4651 ,
1107 4597 1145 4638 a
1210 4594 1338 4657 qua
1398 4576 1854 4658 magistratum
1922 4596 2189 4659 prorsus

269 4660 432 4809 m
470 4660 801 4727 secludere
836 4659 1161 4738 videntur,
1199 4670 1267 4725 et
1308 4659 1475 4725 nihil
1509 4662 1633 4744 ipsi
1669 4670 1930 4743 praeter
1973 4671 2187 4730 custo-

310 4742 322 4753 ’
462 4747 846 4830 relinquere.
931 4746 1124 4813 Hanc
1167 4756 1404 4812 vocant
1445 4746 1816 4813 libertatem
1855 4747 2190 4815 ecclesias-

272 5030 425 5088 m·
447 5035 509 5172 2))
540 5036 1021 5174 griffgg'r'cnne,
1041 5123 1161 5175 ven,
1200 5123 1388 5174 venne,
1419 5108 1607 5176 lutum,
1638 5107 1807 5176 sanae
1859 5121 2027 5160 mcor.
2066 5104 2188 5159 17in

272 5168 436 5226 Benne
467 5173 563 5230 hat
595 5192 653 5230 er
687 5191 795 5230 nur
831 5175 918 5230 die
951 5175 1274 5245 Beaeutuuq
1292 5176 1637 5247 Korbwagen
1672 5150 1841 5243 (auch
1873 5175 1949 5228 im
1988 5173 2189 5228 Eleous

273 5239 641 5325 velfmuclplieh)
716 5243 864 5299 ferch
901 5250 993 5298 etc.
1049 5243 1173 5299 Wir
1211 5246 1523 5301 vammum
1556 5261 1613 5300 es
1647 5244 1845 5301 tecente
1878 5244 1967 5298 ein
2006 5240 2186 5299 Wart-

426 5326 536 5368 sem
578 5316 636 5368 in
728 5313 1033 5384 erbinduna
1082 5314 1175 5370 des
1219 5313 1460 5384 Beyriffs
1503 5315 1660 5368 Bann
1703 5315 1802 5370 nit
1844 5311 1963 5368 den
2009 5312 2183 5367 Simu.-

1916 434 2077 500 1562
2121 431 2587 500 FEBRUAR.

4118 437 4242 500 282

2302 622 2515 687 ticam.
2607 622 3003 705 Agnoscunt
3056 619 3319 705 quidem
3377 621 3801 706 magistratus
3846 623 3913 687 in
3960 623 4245 690 ecclesiis

2300 709 2547 772 nostris
2588 706 2905 774 hactenus
2961 715 3028 774 et
3069 707 3420 792 praecipue
3463 708 3544 774 ab
3586 708 3774 773 initio
3818 716 4105 775 tutorum
4151 709 4247 776 of-

2300 794 2449 858 ficio
2493 792 2748 860 functos
2790 814 2964 861 esse:
3023 813 3222 877 quum
3279 813 3436 858 vero
3489 814 3663 860 nnnc
3718 793 3986 861 eeclesia
4031 794 4247 861 adole-

2298 881 2476 945 verit
2518 899 2651 944 non
2697 878 2931 946 debere
2987 881 3199 965 ipsam
3243 878 3522 963 amplius
3566 880 3686 946 sub
3738 879 3871 945 illis
3925 902 4084 960 esse,
4132 882 4247 946 sed

2300 987 2422 1031 suo
2467 966 2610 1030 iure
2653 964 2803 1045 frui,
2849 976 2916 1031 et
2958 965 3256 1048 rapinam
3314 986 3618 1031 exercere
3673 986 3781 1031 eos
3823 967 4247 1051 magistratus

2298 1052 2410 1133 qui
2455 1053 2556 1117 ius
2599 1048 2761 1116 illud
2803 1052 2975 1136 quod
3022 1051 3338 1118 haetenus
3381 1050 3751 1118 habuerunt
3805 1054 4088 1118 retinere
4130 1073 4247 1117 ve-

2296 1136 2443 1201 lint.
2548 1136 2694 1222 Ego
2736 1144 2957 1204 metuo
3001 1159 3083 1203 ne
3125 1157 3231 1203 res
3285 1136 3444 1204 haec
3497 1137 3568 1202 in
3617 1158 3817 1222 grave
3869 1136 4248 1203 incendium

2297 1222 2563 1288 tandem
2607 1244 2888 1290 evasura
2929 1224 3015 1289 sit
3058 1232 3124 1289 et
3165 1222 3476 1290 factiones
3524 1224 3818 1308 paritura
3858 1224 4135 1290 maiores
4180 1231 4248 1289 et

2296 1308 2775 1392 pestilentiores
2816 1329 3011 1394 quam
3054 1329 3344 1393 unquam
3389 1307 3842 1393 Guelphorum
3884 1309 4127 1375 fuerint
4168 1330 4246 1376 ac

2298 1393 2775 1460 Gibelinorum.
2854 1394 3179 1462 Dominus
3221 1394 3608 1461 misereatur
3641 1395 3946 1462 ecclesiae
3990 1415 4144 1460 suae
4177 1404 4247 1460 et

2298 1479 2609 1546 concedat
2652 1489 2727 1546 ut
2768 1482 2840 1546 in
2884 1501 3040 1549 vera
3092 1501 3248 1565 pace
3294 1481 3654 1548 serviamus
3696 1480 3821 1565 ipsi
3870 1499 4016 1546 cum
4061 1501 4246 1547 sanc-

2298 1567 2487 1632 titate
2521 1573 2589 1631 et
2620 1567 2874 1633 iustitia
2914 1569 3164 1635 cunctis
3207 1566 3437 1633 diebus
3476 1568 3650 1632 vitae
3693 1574 3972 1633 nostrae.
4041 1565 4244 1633 Aliud

2297 1672 2477 1718 nunc
2520 1671 2653 1717 non
2689 1652 2913 1720 habeo.
2963 1689 3670 1702 ——————
3713 1652 3975 1719 Bernae
4010 1657 4070 1718 9.
4117 1652 4247 1717 Fe-

2299 1737 2546 1804 bruarii
2597 1742 2776 1803 1562.

3316 1876 3367 1941 I.
3414 1876 3501 1942 H.
3548 1887 3858 1962 perpetuo
3903 1884 4074 1943 tuus.

3163 2698 3355 2768 3714.

2793 2853 2921 2920 DE
2967 2853 3220 2920 NOR'I'
3261 2856 3321 2920 A
3375 2854 3745 2922 OALVIN.
3797 2939 3810 2960 .

2478 3026 2794 3094 situation
2836 3025 3163 3109 del'bylise
3193 3027 3269 3090 de
3298 3027 3673 3107 Tonzousv)
3719 3031 3774 3091 et
3817 3026 4026 3093 besoin
4055 3046 4242 3109 pres-

2295 3120 2439 3180 sant
2477 3116 2630 3181 d’tm
2660 3114 2819 3197 plus
2855 3113 3066 3196 yrand
3106 3112 3351 3177 nombre
3390 3113 3468 3177 de
3509 3114 3846 3180 ministres.

2293 3284 2679 3353 (Autograpbe
2717 3283 2788 3338 de
2821 3284 2875 3337 la
2892 3282 3165 3337 Bibliothe
3203 3300 3272 3336 ue
3295 3285 3585 3350 nationale,
3622 3285 3742 3339 coll.
3762 3285 3958 3356 Dupuy
3988 3285 4244 3355 v01.102,

2777 3353 2869 3407 fol.
2907 3351 3024 3407 159.
3060 3379 3124 3391 -
3207 3353 3397 3406 ulletin
3432 3353 3588 3408 XIV.
3621 3352 3769 3421 329.)

2470 3526 2534 3590 A
2577 3525 2917 3591 Monsieur
2959 3533 3026 3590 et
3067 3545 3222 3607 pere
3264 3525 3607 3592 Monsieur
3640 3526 4108 3609 d’Aspeville.‘

3759 3613 3819 3677 A
3866 3612 4152 3678 Geneve.

2505 3782 2699 3849 Salut
2740 3804 2860 3866 par
2901 3783 2950 3850 J
2952 3804 3101 3849 esus
3146 3781 3374 3850 Christ
3418 3793 3639 3848 nostre
3683 3727 4026 3866 Seigneur.

2469 3920 2807 3985 Monsieur
2850 3927 2915 3984 et
2956 3941 3130 4002 pere,
3166 3921 3228 3985 ie
3259 3941 3343 3985 ne
3380 3919 3621 4002 doupte
3655 3919 3841 4002 point
3874 3938 3998 4001 que
4021 3922 4243 4002 n'ayes

2297 4006 2626 4072 entendeu
2670 4025 2791 4088 par
2833 4004 2931 4071 les
2965 4005 3193 4071 lettres
3225 4005 3638 4089 qu’envoyay
3683 4004 4166 4070 dernierement
4201 4026 4242 4069 a

2295 4093 2389 4159 M.
2440 4092 2729 4171 Raimon,
2749 4090 2806 4174 ²)
2841 4103 3173 4157 comment
3205 4092 3370 4159 i’avo
3416 4113 3452 4156 e
3487 4101 3622 4156 este
3661 4099 3916 4173 envoye
3950 4112 4033 4156 en
4067 4097 4241 4156 ceste

2293 4177 2452 4242 ville
2496 4199 2617 4262 par
2673 4177 2736 4242 le
2781 4176 3053 4261 Synode
3109 4185 3302 4243 teneu
3392 4178 3826 4244 ernierement
3868 4183 3910 4240 a
3953 4174 4025 4241 S.
4071 4175 4238 4261 Foy.

2293 4262 2392 4330 Or
2436 4263 2695 4347 despuis
2739 4285 2812 4329 ce
2854 4271 3069 4348 temps
3128 4263 3192 4327 la
3236 4264 3407 4329 Dieu
3449 4282 3569 4345 par
3619 4281 3692 4327 sa
3735 4282 3928 4347 grace
3972 4281 4012 4326 a
4059 4261 4238 4327 telle-

2226 4391 2237 4422 .
2293 4358 2476 4415 ment
2520 4349 2705 4416 benit
2737 4350 3023 4415 l’oeuvre
3059 4371 3184 4432 que
3220 4370 3350 4414 non
3385 4347 3745 4413 seulement
3788 4347 3852 4413 le
3890 4356 4170 4431 troupeu
4204 4353 4242 4389 ⁴*

2292 4447 2394 4501 est
2437 4457 2587 4501 creu
2634 4456 2719 4501 en
2774 4458 2868 4501 un
2913 4435 3183 4501 nombre
3225 4432 3653 4499 merveilleux
3703 4434 3967 4516 iusques
4013 4432 4161 4499 huit
4202 4441 4244 4498 a

2291 4521 2460 4587 neuf
2487 4520 2668 4586 mille
2711 4542 3066 4604 personnes
3111 4541 3262 4586 sens
3305 4521 3563 4596 mentir,
3608 4519 3777 4584 mais
3819 4523 3996 4585 aussi
4043 4518 4242 4585 iouis-

2293 4628 2449 4673 sons
2516 4606 2710 4673 d'une
2777 4608 2996 4690 pleine
3077 4605 3304 4671 liberte
3359 4605 3682 4689 prechans
3745 4604 4243 4690 publiquement

2290 4898 2550 4964 37141)
2589 4898 2734 4952 Hist.
2772 4896 2892 4953 eccl.
2932 4897 2971 4951 1.
3007 4895 3127 4951 327.
3164 4895 3284 4951 815.
3367 4896 3447 4951 Le
3493 4899 3542 4951 6.
3585 4897 3742 4953 lanu.
3784 4896 3919 4952 1560
3953 4898 4010 4954 la
4044 4913 4171 4954 cene

2284 4969 2375 5035 fiet
2409 4964 2637 5022 ce'le‘brbe
2668 4983 2734 5021 en
2769 4982 2876 5020 une
2910 4963 3195 5022 assemble'e
3229 4966 3295 5021 de
3328 4964 3363 5019 5
3399 4967 3436 5021 ὰ
3471 4965 3575 5020 600
3604 4982 3916 5035 perseum.
3971 4965 4067 5021 En
4103 4963 4204 5019 156

2288 5036 2738 5118 Ραοοτοίςεςηςεηί
2772 5035 2865 5091 des
2898 5036 3183 5105 partiam-s
3219 5035 3286 5089 de
3318 5036 3376 5090 la
3409 5030 3959 5159 rfformffovoqua
4006 5035 4071 5091 de
4105 5031 4239 5089 ςέο-ι’-

2287 5120 2441 5160 enses
2474 5104 2753 5160 danmons.
2837 5107 2932 5160 Au
2966 5111 3404 5161 cummeneo-ment
3490 5122 3517 5158 e

2287 5173 2359 5229 20
2393 5176 2429 5230 ᾰ
2462 5172 2637 5229 25000
2667 5174 2728 5229 re'
2758 5175 2945 5241 ermes,
2982 5189 3111 5230 avec
3145 5172 3179 5227 4
3211 5175 3501 5241 ministres,
3535 5173 3671 5230 Abel
3705 5173 3783 5228 du
3849 5178 3950 5236 ort,
4055 5170 4233 5237 cunct,

2292 5244 2420 5300 Nic.
2463 5242 2664 5299 Folion
2739 5245 2782 5299 it
2818 5243 2909 5298 La
2955 5241 3135 5298 Valle'e
3165 5249 3216 5298 et
3251 5242 3394 5299 Jean
3436 5242 3682 5298 Gormere
3717 5242 3802 5298 dit
3836 5240 4088 5296 Barreles
4133 5255 4233 5296 an·

2289 5315 2404 5368 sien
2443 5312 3014 5450 ecgfellgerhelfpaqnol.
3087 5311 3264 5378 (Bau.
3300 5312 3390 5370 XI.
3426 5310 3572 5379 258.)

2649 5397 2708 5436 er
2789 5423 2802 5436 .
