4850 6117
540 384 678 445 215

598 567 655 632 's
719 563 1044 635 omnibus.
1144 562 1388 642 Nostri,
1456 562 1840 628 nominatim
1913 579 2070 626 vero
2137 557 2495 643 Mamas,

631 652 881 718 artinas
920 658 990 715 et
1036 647 1454 726 Sarrasiaus,
1469 651 1529 725 ⁴)
1574 655 1638 713 16
1691 645 2149 714 amantissime,
2185 644 2493 711 salutant.

546 736 724 805 Vale
765 736 1011 821 optime
1054 757 1131 802 ao
1175 734 1557 801 diutissime.
1644 733 1710 800 N
1711 732 1959 800 6166661
2004 735 2104 797 30.
2149 729 2494 798 Decembr.

724 906 858 974 Hie
936 903 1314 973 tabellarius
1377 905 1542 971 mihi
1605 903 1804 972 verba
1867 903 2022 970 feeit
2065 901 2147 969 de
2209 899 2497 967 Antonio

551 990 766 1072 Calvo,
812 993 944 1076 qui,
988 1013 1191 1076 quum
1232 990 1430 1058 isthio
1473 1011 1702 1069 essem,
1745 987 2188 1055 famulabatur
2229 987 2316 1053 D.
2344 985 2495 1053 Sar-

544 1098 789 1146 moeno.
811 1082 864 1156 ⁶)
961 1076 1172 1144 Ouius
1235 1076 1547 1144 ecelesiae
1610 1075 1823 1161 gratia
1882 1074 2074 1140 illum
2142 1081 2342 1157 petat,
2409 1092 2492 1137 ex

546 1164 694 1248 ipso
737 1162 981 1315 ffiioe’
1026 1171 1096 1229 et
1137 1161 1306 1248 quod
1339 1161 1647 1246 expedire
1684 1159 1992 1227 iudiearis
2026 1168 2289 1226 statues.
2355 1156 2493 1223 Ite-

545 1269 701 1315 rum
855 1270 908 1316 e.

1518 1385 1699 1450 Tuus
1739 1383 1981 1450 Petrus
2024 1380 2314 1447 Viretus.

1321 1675 1727 1690 ψ

1430 1926 1627 1999 8675.

580 2049 1017 2152 61166166
1063 2084 1190 2149 611
1232 2081 1668 2151 romans
1704 2081 1905 2150 on
1938 2079 2444 2149 mms'mzss

1235 2187 1361 2252 DE
1405 2168 1809 2252 GENEVE.

717 2357 1045 2426 Demamle
1087 2358 1164 2422 de
1194 2362 1475 2440 μείων.

545 2527 927 2598 (Δ6163166116
960 2527 1031 2580 de
1066 2527 1121 2580 la
1152 2526 1535 2597 Bibliotheque
1569 2527 1639 2580 de
1674 2525 1892 2582 Geneve
1936 2527 2055 2581 Vol.
2094 2525 2207 2596 196,
2241 2528 2336 2582 fol.
2370 2525 2491 2582 246.

1103 2680 1106 2683 ἢ
1216 2596 1457 2652 Bulletiu
1490 2595 1644 2652 XIV.
1676 2594 1827 2664 327.)

720 2768 785 2834 A
838 2767 1195 2833 Messieurs
1251 2775 1320 2832 et
1373 2787 1563 2851 peres
1617 2767 1957 2834 Monsieur
2014 2765 2367 2851 despeville
2424 2774 2496 2832 et

548 2873 660 2921 ses
698 2853 923 2920 freres.

1707 2938 1818 3004 En
1858 2938 2001 3004 leur
2042 2940 2316 3005 maison.

617 3109 836 3176 Graes
879 3118 947 3174 et
978 3108 1135 3192 paix
1168 3129 1289 3191 par
1324 3117 1547 3174 nostre
1582 3107 1912 3194 86136661
1943 3110 1995 3177 J
1993 3131 2145 3176 esus
2178 3109 2424 3177 Christ.

726 3278 1080 3361 Tresohers
1137 3281 1346 3346 sieurs
1402 3289 1469 3346 et
1519 3300 1724 3363 peres.
1812 3279 2084 3347 Comme
2126 3290 2405 3347 souvent
2438 3281 2497 3367 jl

551 3373 656 3432 est
712 3364 971 3432 advenu
1015 3366 1204 3448 qu’en
1264 3386 1384 3431 nos
1441 3367 1796 3432 necessitea
1846 3387 2014 3433 nous
2057 3387 2262 3451 ayone
2313 3377 2495 3432 tous·

551 3453 736 3517 iours
799 3453 941 3534 pris·
995 3450 1300 3517 addresse
1356 3472 1475 3517 ver
1529 3472 1694 3517 vous
1746 3473 1913 3535 pour
1955 3458 2126 3518 estre
2185 3473 2494 3519 seeouruz

554 3535 894 3603 dhommes
929 3543 996 3601 et
1029 3536 1109 3602 de
1143 3536 1387 3602 eonseil
1421 3558 1504 3602 en
1537 3536 2042 3603 ladvaneement
2075 3536 2156 3602 de
2189 3537 2254 3602 la
2287 3537 2496 3622 gleire

556 3621 636 3687 de
676 3621 852 3687 Dieu
894 3632 961 3688 et
1003 3621 1393 3688 ediffication
1436 3619 1517 3687 de
1571 3643 1691 3686 son
1731 3622 1953 3707 eglise,
2007 3642 2208 3708 66667
2249 3624 2496 3690 faisons

552 3729 593 3772 a
636 3716 907 3792 present
947 3729 1113 3773 nous
1157 3715 1372 3773 estant
1413 3707 1740 3774 tousiours
1783 3729 2137 3791 apperoeuz
2174 3709 2261 3774 du
2294 3711 2496 3794 profit

557 3795 671 3877 661
728 3815 893 3859 6666
950 3800 1051 3858 661
1106 3791 1369 3858 advenu
1412 3792 1494 3858 de
1537 3800 1756 3858 vostre
1813 3802 1977 3876 part.
2066 3794 2198 3860 Car
2239 3814 2494 3861 oomme

554 3879 748 3964 61667
793 3888 945 3963 6671
986 3900 1111 3961 666
1153 3877 1379 3961 depuis
1422 3877 1696 3961 quelque
1738 3885 1953 3962 temps
1993 3900 2079 3945 66
2118 3901 2232 3945 oza
2271 3880 2411 3965 quil
2454 3903 2495 3947 a

549 3965 705 4048 6166
749 3987 790 4030 6
830 3964 1006 4029 1)166
1064 3963 1146 4029 (16
1209 3965 1372 4030 faire
1437 3983 1651 4029 666661
1712 3962 1809 4029 166
1872 3967 2317 4049 perseeutione
2371 3988 2495 4050 par

551 4050 744 4116 deoza
797 4050 1024 4134 leglise
1079 4057 1229 4134 soyt
1271 4047 1636 4132 multipliee
1691 4047 1771 4114 de
1823 4050 2035 4134 grand
2091 4053 2367 4118 66161116
2412 4051 2493 4118 (16

550 4156 907 4218 personues
950 4142 1016 4202 et
1069 4139 1347 4219 n’ayans
1389 4135 1654 4201 homme
1698 4156 1738 4200 a
1790 4136 2016 4202 suffire
2060 4156 2099 4200 a
2152 4138 2350 4204 lestat
2403 4137 2494 4203 du

550 4222 907 4302 ministere,
960 4243 1122 4287 vous
1178 4241 1381 4306 67666
1435 4221 1863 4303 166166116661
1915 4222 2166 4305 supplie
2208 4221 2291 4287 de
2332 4243 2493 4290 vou-

550 4306 698 4391 1671
759 4315 904 4371 1661
964 4307 1126 4372 faire
1188 4328 1357 4390 pour
1419 4328 1583 4372 nous
1637 4305 1717 4371 de
1773 4307 1936 4372 faire
1991 4315 2335 4374 retourner
2374 4330 2495 4376 ver

548 4412 717 4456 nous
752 4392 879 4457 Mr.
917 4391 1258 4476 Franeoys
1299 4392 1376 4459 de
1415 4391 1504 4458 S'.
1544 4390 1681 4471 Pol,
1708 4396 1760 4472 ¹)
1804 4413 1888 4458 en
1922 4390 2173 4459 default
2208 4393 2297 4460 du
2338 4395 2494 4478 quel

552 4497 716 4542 vous
766 4476 1146 4558 requerions
1198 4478 1335 4560 quil
1378 4499 1540 4545 vous
1597 4477 1812 4560 pleust
1866 4487 2040 4544 estre
2080 4499 2323 4564 moyen
2365 4501 2494 4564 que

548 4562 680 4628 Mr.
723 4562 800 4626 de
846 4561 1039 4627 Saule
1064 4566 1119 4640 2)
1175 4584 1339 4629 6666
1396 4565 1544 4629 vint
1601 4564 1834 4629 visiter
1885 4571 2032 4629 tant
2085 4585 2251 4649 pour
2304 4567 2493 4632 satis-

752 4797 813 4865 4)
850 4798 1255 4854 Nemausenses
1288 4802 1360 4866 cf.
1395 4800 1474 4857 N.
1509 4800 1663 4859 3582.
1697 4801 1848 4857 3638.

755 4867 819 4927 5)
855 4867 1061 4922 medico
1101 4867 1414 4924 Genevensi.

546 4933 731 4989 3675.
753 4935 812 4998 1)
849 4934 902 4989 S.
940 4935 1090 4991 Paul
1121 4937 1278 4991 avait
1307 4934 1391 4991 ἑτέ
1430 4939 1629 5011 envoye'
1661 4942 1701 4995 ὰ
1737 4939 1978 4996 Poitiers
2022 4956 2090 4997 en
2127 4940 2294 4996 Mars
2337 4939 2492 4997 1569.

553 5005 651 5058 En
690 5002 825 5057 1560
856 5005 901 5058 il
931 5007 1018 5068 fut
1054 5006 1093 5060 ὰ
1129 5001 1522 5063 Monte‘limart.
1613 5007 1669 5062 11
1711 5015 1976 5065 retourne
2010 5012 2048 5066 ὰ
2087 5008 2298 5065 Genese
2330 5012 2494 5080 apres

550 5075 611 5128 la
646 5073 997 5140 conjuratio„
1031 5073 1355 5129 d’Amboise.
1440 5075 1580 5129 Pm's
1622 5077 1668 5130 ⁸⁹1
1711 5077 1823 5131 alla
1865 5080 1905 5133 ὰ
1938 5078 2167 5147 Da’eppe,
2204 5077 2281 5134 οὑ
2322 5080 2367 5135 il
2407 5096 2495 5136 re·

556 5149 761 5197 tom-na
794 5142 956 5210 apres
998 5143 1046 5196 le
1080 5143 1316 5212 colloque
1351 5141 1418 5196 de
1463 5144 1659 5215 Poissy
1700 5148 1901 5215 auquel
1935 5150 1980 5202 a
2013 5147 2279 5205 assistait.
2367 5149 2425 5203 11
2453 5167 2493 5219 y

546 5210 691 5267 ae'tait
723 5227 912 5266 encore
947 5213 1136 5281 quanm
1169 5212 1226 5265 la
1256 5225 1452 5280 quem
1484 5211 1551 5267 de
1579 5214 1686 5268 rel‘
1731 5215 1740 5224 '
1841 5211 2031 5270 delata.

758 5279 819 5348 2)
857 5279 978 5335 Des
1019 5280 1248 5336 Gallars
1279 5287 1541 5338 retourna
1583 5282 1622 5337 ὰ
1792 5283 1919 5339 dns
1963 5285 2125 5353 apres
2158 5284 2207 5341 le
2238 5284 2490 5356 colloque.

2044 367 2570 439 EPISTOLAE
2615 372 3035 436 3674—3676

4403 372 4539 432 216

2594 557 2760 624 faire
2817 579 2951 624 aux
3000 556 3439 641 predioations
3482 562 3632 642 qu’a
3684 558 3752 624 la
3804 557 4146 626 oonduiote
4187 557 4342 624 d‘un
4397 557 4534 624 bon

2595 644 2873 711 numbre
2925 642 3316 712 d'Esooliers
3373 644 3489 728 qui
3555 664 3762 728 67666
3825 644 4022 710 161666
4083 642 4357 710 1’6616(16
4412 642 4535 709 (166

2593 730 2768 796 Loix
2803 738 2871 795 et
2895 729 3391 815 jurisprudenoe
3424 752 3496 796 se
3530 737 3680 795 sont
3711 730 4162 797 franehement
4193 728 4538 795 addonnez

2594 837 2635 881 a
2675 815 2951 882 l'estude
3008 813 3123 881 des
3180 815 3461 882 sainotes
3515 814 3744 881 lettres
3798 826 3868 882 et
3909 835 4153 882 mesme
4199 836 4398 881 vouez
4438 835 4532 880 au

2594 902 2842 968 servios
2887 900 2966 967 de
3012 901 3186 967 Dieu
3230 907 3299 967 et
3341 901 3421 967 de
3474 921 3592 967 son
3636 900 3839 985 eglise
3878 921 4001 985 par
4051 900 4287 967 l’ordre
4326 902 4436 983 qui
4476 921 4532 983 7

2593 996 2695 1053 est
2748 985 3020 1070 66161117.
3108 986 3327 1053 011666
3383 994 3619 1053 autaut
3675 989 4033 1054 neeessaire
4087 1009 4211 1070 que
4267 984 4531 1052 16661116

2591 1094 2759 1156 pour
2801 1072 3116 1139 subvenir
3156 1093 3197 1137 a
3238 1080 3382 1137 tant
3415 1072 3716 1156 d'eglises
3751 1073 4039 1139 voisines
4071 1072 4186 1156 661
4218 1072 4532 1138 affamoes

2592 1155 2673 1224 de
2739 1167 3005 1243 pasture
3061 1157 3301 1225 oeleste
3359 1179 3527 1224 nous
3589 1161 4041 1243 importunent
4109 1156 4378 1224 d'heure
4438 1178 4530 1223 en

2591 1243 2795 1309 heure
2835 1264 3001 1327 pour
3042 1242 3185 1310 leur
3227 1242 3516 1328 departir
3559 1241 3640 1310 de
3683 1264 3756 1311 oe
3797 1265 3924 1328 peu
3969 1244 4126 1327 qu’il
4168 1265 4209 1310 a
4248 1242 4441 1327 61666
4481 1249 4532 1308 a

2589 1329 2766 1396 Dieu
2807 1337 3042 1396 mettre
3085 1337 3272 1397 entre
3314 1349 3500 1411 nous,
3554 1349 3808 1397 6616166
3849 1347 4046 1415 66667
4086 1328 4334 1395 l’avons
4374 1328 4531 1394 faiot

2591 1436 2823 1483 envers
2886 1414 3210 1499 plusieurs
3274 1413 3435 1481 dont
3449 1466 3466 1494 ,
3542 1435 3772 1500 316666
3837 1436 3878 1481 a
3937 1413 4111 1482 Dieu
4127 1466 4144 1494 ,
4207 1434 4375 1480 nous
4439 1434 4532 1479 en

2588 1521 2844 1652 {232⁰AEss
2875 1521 2988 1652 ἕξ
3020 1499 4531 1671 3⁰}303ss0552‘·m13u⁶⁸303⁵ffl1202207
4399 1520 4534 1583 ‘¹¹¹⁸

2589 1671 2670 1738 de
2712 1671 2780 1738 la
2819 1670 3037 1737 bonne
3074 1672 3341 1740 volante
3384 1672 3522 1755 quil
3563 1693 3604 1738 a
3644 1671 3725 1737 de
3759 1672 3951 1739 venir
3985 1693 4104 1739 ver
4135 1693 4321 1751 6666,
4361 1672 4531 1738 mais

2588 1777 2755 1823 nous
2808 1778 3059 1843 voyons
3112 1758 3207 1824 les
3261 1758 3519 1824 affaires
3576 1758 3634 1824 si
3686 1757 3960 1843 longues
4014 1779 4138 1842 que
4180 1778 4346 1824 nous
4399 1779 4533 1824 6611

2589 1863 2883 1927 pouvons
2941 1843 3083 1909 1166
3126 1851 3573 1924 666661616661
3615 1864 3893 1928 6666161.
3980 1843 4370 1929 Toutesfoys
4411 1864 4532 1909 en-

2590 1928 2953 2080 3532&
2990 1926 4106 2081 {ffimfflfflissuffidssfflssffiffiff
4144 1949 4538 2082 ἓοῗὲῃῖοὲἑ

2590 2099 2883 2185 61161366,
2940 2035 3007 2164 gt
3058 2105 3252 2183 qu'en
3299 2036 3514 2184 {artie
3539 2037 3737 2167 ynode
3780 2098 4175 2169 dezirerions
4216 2101 4354 2185 quil
4393 2099 4536 2167 fust

2591 2185 2871 2270 soulage‚
2909 2185 2968 2271 jl
3010 2208 3177 2252 nous
3220 2194 3444 2271 661671
3486 2206 3721 2254 666616
3756 2186 4027 2271 11666163
4060 2193 4128 2252 61
4168 2186 4538 2253 6666666116

2566 2270 2731 2353 *quil
2786 2293 2948 2337 vous
3004 2272 3221 2354 pleust
3274 2292 3458 2337 nous·
3490 2272 3741 2338 donner
3763 2270 3769 2274 ’
3795 2271 4061 2338 11616166
4112 2273 4225 2355 661
4268 2293 4353 2338 66
4410 2292 4535 2338 son

2595 2356 2841 2422 default
2894 2364 3087 2441 peust
3142 2358 3465 2424 satisfaire
3521 2357 3806 2424 ausdites
3863 2359 4154 2443 oharges.
4243 2356 4392 2440 Que
4447 2357 4536 2423 sil

2594 2462 2680 2507 ne
2723 2463 2794 2507 66
2836 2451 3145 2528 trouvoyt
3191 2444 3453 2510 homme
3506 2450 3688 2527 prest
3728 2450 3916 2510 entre
3955 2464 4117 2510 vous
4158 2463 4327 2527 pour
4366 2463 4536 2509 nous

2596 2534 2768 2594 estre
2810 2537 3084 2614 envoye,
3144 2550 3309 2595 nous
3353 2549 3559 2596 avons
3601 2530 3874 2596 obtenus
3916 2529 4141 2595 lettres
4185 2529 4268 2595 (16
4307 2530 4535 2597 favour

2595 2612 2678 2679 (16
2718 2613 2786 2680 16
2827 2614 3063 2699 Royne
3101 2613 3182 2681 de
3228 2614 3519 2680 Navarra
3574 2635 3708 2681 aux
3752 2614 3983 2681 816616
4026 2624 4092 2680 61
4133 2615 4409 2683 Ρ116666
4451 2614 4536 2681 (16

2594 2699 2814 2765 Β6166
2834 2719 3001 2783 pour
3032 2721 3115 2765 en
3149 2702 3447 2783 requerir
3467 2700 3796 2784 66616666
3821 2699 3900 2766 (16
3934 2702 4077 2767 1661
4099 2699 4534 2786 8613666176,

2595 2792 2664 2852 61
2706 2783 2984 2850 dautant
3025 2807 3154 2869 que
3210 2794 3346 2852 oest
3387 2794 3526 2853 6616
3570 2795 3758 2869 66666
3797 2786 3848 2849 11
3890 2808 3960 2853 66
4001 2797 4242 2853 trouva
4281 2808 4376 2852 un
4417 2787 4537 2853 (166

2593 2870 2930 2937 ministres
2994 2871 3075 2936 de
3127 2872 3406 2937 'I'onnon
3469 2882 3729 2938 nomme
3791 2871 4131 2938 Monsieur
4186 2873 4450 2956 Nymut
4472 2877 4535 2954 ⁸)

2596 2977 2683 3021 66
2725 2963 2898 3022 66616
2938 2956 3093 3022 ville
3134 2959 3246 3040 qui
3301 2977 3469 3023 nous
3526 2957 3743 3023 donna
3798 2965 3979 3042 11676
4023 2979 4110 3024 66
4150 2966 4380 3042 quatre
4417 2980 4537 3025 ex-

2595 3039 2978 3121 hortatione,
3036 3042 3290 3126 Lequel
3333 3064 3499 3109 nous
3539 3045 3822 3126 priames
3865 3043 3945 3109 de
3989 3042 4335 3111 dementer
4376 3065 4537 3113 aveo

2596 3148 2779 3193 nous.
2869 3124 2970 3193 Or
3025 3126 3324 3194 d'autant
3381 3127 3518 3211 quil
3571 3150 3738 3194 nous
3796 3128 4082 3195 advertit
4122 3129 4259 3213 quil
4318 3137 4537 3215 estoyt

2595 3213 2810 3298 6111136
2853 3233 2893 3276 6
2935 3234 3055 3278 666
3100 3214 3300 3298 eglise
3342 3223 3409 3279 et
3450 3236 3581 3279 aux
3623 3213 3790 3281 diets
3834 3213 4062 3281 816616
4105 3235 4271 3281 6666
4315 3215 4540 3282 (16666

2596 3306 2946 3364 ouverture
3009 3320 3175 3382 pour
3238 3299 3563 3385 l'obtenyr
3616 3298 3829 3365 d’eux.
3916 3302 4007 3366 Et
4109 3321 4304 3368 ouree
4360 3323 4538 3386 quen

2595 3392 2732 3451 oest
2787 3383 3078 3450 eudroiot
3136 3406 3303 3452 nous
3359 3406 3524 3451 nous
3577 3385 3858 3452 voulons
3914 3408 4035 3470 gar
4079 3408 4150 3452 er
4206 3386 4322 3453 des
4362 3409 4535 3454 mes·

2592 3469 2872 3554 prendre
2914 3491 3080 3537 nous
3113 3492 3279 3536 vous
3322 3472 3657 3556 supplions
3701 3471 4151 3540 humblement
4186 3472 4327 3557 quil
4370 3493 4536 3542 vous

2593 3556 2796 3639 plaise
2839 3578 3003 3622 nous
3046 3557 3206 3622 faire
3247 3556 3561 3623 entendre
3604 3566 3825 3624 vostre
3868 3559 4070 3638 advis‚
4116 3578 4155 3624 a
4197 3578 4438 3643 savoyr
4476 3560 4538 3625 si

2593 3663 2762 3707 nous
2804 3642 2865 3707 le
2909 3642 3153 3708 dovons
3197 3642 3569 3708 demandet.
3659 3642 3808 3726 Qus
3851 3645 3908 3710 si
3964 3644 4011 3708 il
4055 3666 4102 3729 7
4145 3652 4349 3729 avoyt
4390 3666 4536 3711 666-

2594 3726 2738 3792 6166
2781 3726 2861 3792 (16
2903 3748 3069 3793 6666
3113 3748 3195 3793 66
3238 3728 3561 3811 (16661161,
3604 3729 3739 3812 6611
3774 3751 3937 3796 vous
3977 3729 4183 3813 plaise
4224 3730 4537 3815 regarder

2592 3833 2726 3877 aux
2748 3834 3016 3898 1667666
3041 3813 3191 3896 6166
3235 3814 3403 3879 aisez
3436 3835 3600 3897 pour
3642 3836 3808 3880 nous
3853 3837 3936 3880 66
3979 3814 4141 3880 faire
4183 3836 4536 3882 reeouvrer

2595 3898 2870 3981 quelque
2913 3898 3125 3964 aultre
3169 3901 3470 3966 suffisant
3513 3920 3553 3964 a
3593 3901 3754 3966 faire
3797 3901 3893 3967 les
3937 3900 4215 3967 susdites
4258 3903 4538 3987 charges

2595 4005 2635 4049 a
2691 3985 2786 4049 fin
2839 4005 3008 4068 quen
3074 3992 3254 4051 toute
3318 3985 3657 4069 diligenee,
3719 3997 3936 4053 vostre
3994 4007 4302 4071 response
4343 4008 4534 4073 6676,

2594 4089 2761 4135 6666
2826 4070 3185 4155 envoyions
3263 4071 3524 4137 homme
3602 4093 3837 4155 expres
3905 4072 3982 4138 de
4059 4083 4282 4139 nostre
4358 4093 4535 4140 eom-

2594 4176 2854 4240 pagnye
2898 4177 3064 4239 pour
3107 4178 3154 4241 7
3197 4157 3359 4223 faire
3415 4165 3556 4223 tout
3611 4157 3905 4243 debvoyr
3958 4165 4024 4224 et
4079 4158 4373 4225 16166661
4413 4179 4537 4225 ver

2594 4261 2777 4321 nous,
2837 4262 3001 4307 vous
3059 4250 3403 4309 asseurant
3498 4264 3582 4309 ue
3636 4266 3800 4310 nous
3854 4244 3918 4308 16
3974 4265 4321 4310 reeevrons
4377 4266 4536 4312 aveo

2586 4329 2740 4412 joye
2783 4334 2852 4392 et
2893 4327 3010 4411 167
3044 4327 3264 4394 ferons
3298 4335 3440 4394 tout
3506 4349 3542 4393 e
3577 4328 3707 4394 bon
3751 4330 4168 4396 traietement
4199 4330 4332 4413 quil
4370 4351 4539 4396 6666

2593 4434 2743 4477 6616
2784 4412 3083 4496 possible,
3126 4415 3307 4480 voire
3350 4423 3417 4478 et
3457 4416 3679 4480 mieux
3714 4416 3825 4499 qui
3868 4420 3978 4481 n'a
4014 4437 4134 4498 par
4176 4435 4257 4500 67
4292 4415 4540 4481 devant

2594 4506 2730 4564 6616
2781 4500 2939 4564 faiet
2993 4519 3127 4565 aux
3171 4499 3419 4566 aultres
3476 4499 3774 4566 d’autant
3817 4502 3954 4585 quil
3997 4522 4037 4565 a
4079 4500 4230 4584 6166
4274 4523 4315 4567 6
4355 4500 4537 4567 Dieu

2593 4605 2761 4651 nous
2805 4606 2888 4650 en
2932 4586 3180 4651 donner
3237 4585 3387 4668 plus
3441 4587 3686 4669 grands
3745 4595 3812 4651 et
3867 4586 4200 4652 meilleurs
4256 4607 4539 4673 1667666

2594 4690 2719 4753 666
2763 4675 3035 4737 n’avons
3078 4692 3159 4736 66
3201 4690 3325 4753 par
3376 4693 3457 4756 67
3501 4670 3763 4738 devant.
3853 4671 4000 4753 Que
4055 4673 4111 4739 si
4154 4671 4322 4737 ainsi
4365 4693 4538 4738 vous

2591 4754 2652 4820 le
2710 4756 2934 4822 faietes
2974 4777 3137 4823 vous
3188 4776 3355 4821 nous
3409 4755 3680 4821 rendrez
3738 4761 4063 4824 tousiours
4120 4756 4200 4822 de
4255 4758 4406 4841 plus
4450 4779 4537 4824 66

2635 4840 2739 4907 166
2779 4839 3156 4907 redevables
3200 4862 3318 4907 ver
3360 4862 3538 4919 vous,
3584 4852 3650 4908 et
3693 4843 3915 4927 prions
3956 4845 4148 4924 Dieu,
4203 4843 4538 4928 tresehers

2643 4928 2819 4993 ieurs
2874 4934 2942 4992 et
2983 4948 3188 5010 peres,
3243 4947 3408 4998 vous
3448 4928 3824 5014 mainteuyr
3866 4938 3932 4995 et
3983 4950 4333 4997 conserver
4377 4951 4419 4995 a
4459 4949 4543 4996 sa

2590 5012 2794 5097 316116
2837 5019 2904 5077 et
2946 5014 3442 5096 augmentation
3484 5015 3567 5079 de
3609 5036 3728 5081 son
3769 5016 4017 5099 Eglise,
4072 5037 4239 5082 nous
4280 5035 4541 5082 reeom-

2794 5287 2850 5354 3)
2885 5286 3156 5353 autrefois
3188 5287 3439 5347 ministre
3474 5288 3608 5346 d’un
3640 5288 3840 5360 6111696
3878 5288 4162 5347 Genevoia
