4850 6117
288 435 417 498 109

1167 616 1368 689 86⁰8·

912 772 1157 839 BEZA
1201 771 1638 841 GALVINO.

472 944 779 1029 Proponit
831 947 892 1010 ei
943 945 1361 1028 quae-«monem
1416 946 1495 1011 de
1558 945 1866 1027 episcopis
1898 945 1971 1011 in
2011 949 2245 1010 coetum

274 1031 551 1113 piorum
582 1033 900 1112 recvpzend‘
766 1033 780 1047 '
899 1033 976 1097 is.

453 1219 524 1256 au
719 1202 793 1257 ho
828 1202 959 1258 Ood.
995 1202 1199 1256 Gener.
1235 1200 1353 1269 117,
1389 1202 1482 1256 fol.
1518 1199 1606 1254 46.
1679 1200 1878 1256 Exstat
1925 1216 2033 1270 quo
2075 1216 2143 1254 ue
2187 1201 2245 1254 in

412 1310 424 1323 .
468 1208 828 1353 Qffipll9‚
874 1271 965 1325 fol.
1004 1269 1120 1337 103,
1174 1273 1239 1353 in·
1278 1270 1408 1352 ped.
1452 1270 1594 1339 Bpp.
1641 1269 1800 1324 Bern.
1839 1270 1937 1323 VI.
1982 1267 2053 1321 94
2087 1309 2102 1336 ‚
2158 1285 2245 1339 ap.

462 1339 678 1395 Sunler.
716 1340 842 1394 Vol.
877 1338 996 1394 102.
1034 1367 1100 1378 —
1134 1339 1327 1394 Edidit
1359 1340 1533 1392 Baum
1568 1338 1637 1391 H.
1673 1338 1816 1407 App.
1850 1355 1905 1409 p.
1941 1336 2087 1406 127.)

468 1514 532 1578 A
573 1512 824 1578 Monsr.
870 1511 1120 1577 Monsr.
1176 1509 1579 1596 D’espeville

1528 1618 1568 1662 a
1603 1596 2070 1663 Villefranche.

472 1766 547 1835 S.
615 1768 724 1834 Ex
763 1768 1110 1852 postremis
1144 1767 1353 1834 literis
1388 1769 1656 1852 potuisti
1694 1768 2081 1853 intelligere,
2117 1788 2246 1852 quo

287 1855 369 1920 in
435 1863 619 1920 statu
682 1875 790 1921 res
847 1861 1110 1920 nostrae
1148 1865 1516 1921 versentur.
1605 1854 1782 1920 Veni
1824 1855 1891 1919 in
1938 1854 2167 1920 urbem
2192 1858 2244 1933 ¹)

287 1950 376 2007 ut
432 1940 717 2006 minanti
766 1938 992 2005 morbo
1035 1959 1463 2007 occurrerem.
1552 1938 1833 2024 Sumpto
1896 1938 2248 2022 pharmaco

288 2027 430 2094 Dei
481 2025 697 2110 gratia
749 2025 986 2092 melius
1043 2024 1287 2091 habere
1335 2026 1534 2110 coepi,
1602 2037 1669 2092 et
1725 2048 1872 2092 cras
1915 2026 2131 2110 cogito
2178 2027 2192 2039 ⁰

290 2112 521 2179 aulam
575 2112 839 2191 reverti,
902 2110 970 2176 id
1013 2120 1113 2177 est
1155 2111 1238 2177 ad
1282 2111 1695 2195 quotidianas
1738 2133 1946 2190 curas,
2012 2112 2246 2195 quibus

292 2199 559 2264 utinam
613 2197 859 2281 possim
914 2197 1233 2264 sufficere.
1314 2196 1547 2264 Sentio
1610 2199 1785 2263 enim
1829 2197 1993 2262 mihi
2037 2196 2245 2262 multo

292 2284 449 2368 plus
513 2283 719 2348 animi
784 2303 927 2349 esse
988 2303 1183 2366 quam
1248 2284 1514 2351 virium.
1611 2283 1746 2350 Sed
1812 2282 2245 2349 inhumanum

294 2380 474 2436 esset
532 2370 601 2434 in
653 2369 799 2435 istis
844 2369 1343 2454 tempestatibus
1398 2370 1629 2436 fratres
1674 2369 1973 2436 deserere
2016 2369 2129 2452 qui
2172 2368 2245 2433 in

292 2477 409 2521 me
471 2455 847 2538 respiciunt,
924 2462 994 2521 et
1049 2456 1318 2521 absente
1375 2475 1481 2520 me
1539 2455 1732 2521 video
1784 2457 1914 2521 iam
1973 2455 2044 2521 in
2096 2453 2247 2519 aula

292 2540 544 2608 factum
578 2562 723 2607 esse
766 2539 937 2625 quod
980 2540 1260 2607 fortasse
1302 2562 1613 2624 praesens
1647 2541 1965 2626 impedire
1999 2541 2244 2623 potuis-

292 2648 462 2694 sem.
541 2624 719 2693 Sunt
774 2635 951 2692 enim
1013 2636 1238 2693 coetus
1301 2627 1371 2692 in
1438 2626 1756 2693 suburbia
1817 2627 2039 2693 reiecti
2056 2628 2116 2706 ²)
2179 2634 2246 2692 et

293 2721 563 2780 cautum
618 2723 721 2779 est
773 2734 856 2778 ne
896 2713 1084 2779 festis
1124 2711 1354 2779 diebus
1394 2714 1843 2779 conveniatur.
1923 2711 2069 2778 Hoc
2112 2733 2244 2777 non

289 2799 583 2865 multum
625 2818 935 2876 morarer,
980 2799 1109 2863 nisi
1152 2798 1446 2865 viderem
1489 2809 1745 2864 tantum
1787 2818 1931 2866 esse
1973 2819 2243 2865 concur-

292 2886 591 2951 rentium
649 2885 969 2950 fervorem
1014 2893 1090 2949 ut
1145 2884 1299 2950 inde
1354 2883 1525 2950 nihil
1581 2884 1760 2949 aliud
1814 2884 1996 2951 nasci
2040 2885 2247 2968 possit

292 2991 499 3057 quam
540 2969 708 3036 illud
748 2971 967 3053 ipsum
999 2969 1176 3054 quod
1218 2971 1427 3036 nostri
1467 2979 1878 3054 praepostere
1920 2979 2245 3037 conantur

291 3057 610 3142 effugere,
646 3076 884 3140 nempe
906 3077 1222 3122 novorum
1245 3055 1649 3123 tumultuum
1682 3058 1950 3135 occasio,
1993 3056 2067 3121 in
2102 3056 2241 3139 qui-

289 3144 425 3210 bus
481 3141 674 3209 video
724 3150 984 3207 tantam
1041 3162 1187 3210 esse
1230 3151 1609 3208 nostrorum
1652 3162 1997 3226 procerum
2041 3151 2143 3207 tre
2188 3143 2243 3207 i-

289 3229 633 3295 dationem
693 3238 771 3293 ut
820 3226 1081 3310 quidvis
1137 3226 1532 3295 adversariis
1583 3227 1997 3295 concedendo
2041 3249 2125 3294 au
2171 3249 2242 3294 a·

288 3316 468 3382 ciam
502 3335 728 3380 eorum
760 3315 1169 3392 confirment,
1215 3335 1255 3379 a
1286 3312 1522 3398 quibus
1560 3313 1730 3379 nihil
1763 3334 2035 3399 prorsus
2070 3320 2244 3380 esset

286 3400 746 3478 metuendum,
820 3400 876 3466 si
930 3399 1162 3466 saltem
1224 3398 1485 3465 virilem
1531 3401 1844 3467 virtutem
1888 3401 2099 3466 nostri
2141 3399 2242 3465 illi

287 3486 705 3553 simularent.
794 3483 932 3552 Sed
990 3485 1071 3550 de
1111 3486 1218 3550 his
1260 3485 1443 3551 alias.
1528 3486 1865 3553 Reversus
1907 3488 1980 3551 in
2021 3485 2240 3552 aulam

288 3573 403 3639 vel
482 3571 846 3657 impetrabo
910 3571 1307 3651 missionem,
1385 3573 1558 3637 sicut
1621 3573 1968 3656 postremis
2031 3571 2241 3638 literis

284 3659 464 3726 meis
504 3659 624 3725 tibi
665 3658 1052 3743 significavi,
1095 3657 1207 3723 vel
1249 3655 1482 3723 saltem
1529 3664 1603 3722 ut
1637 3659 2021 3725 retentionis
2055 3679 2240 3724 meae

284 3766 528 3813 causas
581 3742 663 3809 ad
720 3764 840 3810 vos
896 3741 1202 3825 scribant,
1266 3742 1347 3808 de
1404 3741 1643 3826 quibus
1682 3744 2000 3824 iudicetis,
2067 3742 2240 3828 quod

284 3831 563 3898 absente
597 3851 705 3896 me
738 3829 1178 3913 promiserant
1210 3849 1281 3895 se
1316 3828 1622 3896 facturos.

466 3917 732 3982 Interea
784 3915 1002 3981 delata
1051 3923 1153 3981 est
1207 3915 1289 3981 ad
1332 3936 1438 3980 me
1481 3916 1552 3981 in
1597 3916 1768 3983 hanc
1811 3917 2039 3982 urbem
2083 3939 2237 3984 con-

286 4003 617 4070 troversia
699 4022 967 4085 prorsus
1058 4023 1232 4067 nova
1318 4010 1387 4066 et
1471 4003 1747 4067 maximi
1826 4005 2159 4070 momenti.
2184 4007 2237 4080 ³)

284 4090 465 4156 Eam
518 4099 595 4155 tu
645 4108 994 4173 cog-nosces
1052 4108 1136 4153 ex
1195 4088 1402 4171 ipsius
1458 4087 1537 4159 N.
1561 4092 1613 4168 ⁴)
1673 4089 1881 4154 literis
1929 4098 1997 4154 et
2037 4110 2235 4172 quam

280 4174 502 4241 multa
563 4176 635 4240 iu
697 4174 1144 4258 quaestionem
1223 4172 1465 4239 cadant
1524 4193 1643 4258 pro
1707 4182 1823 4240 tua
1884 4173 2236 4259 prudentia

278 4259 623 4328 iudicabis.
714 4261 997 4325 Tantum
1058 4267 1124 4325 te
1177 4257 1538 4326 admonebo
1597 4260 2007 4344 quorundam
2069 4282 2234 4345 quae

278 4367 521 4432 operae
554 4346 841 4431 pretium
875 4354 978 4410 est
1021 4352 1098 4410 ut
1132 4347 1327 4411 noris.
1400 4344 1572 4427 Quis
1606 4354 1801 4411 antea
1831 4347 2032 4412 fuerit
2063 4347 2231 4431 epis-

280 4454 489 4517 copus
523 4433 684 4500 satis
707 4431 895 4498 nosti.
951 4430 1036 4496 In
1058 4438 1387 4497 conventu
1409 4430 1819 4498 Possiacensi
1862 4452 2056 4498 nemo
2092 4453 2234 4500 sese

278 4520 620 4586 fortiorem
642 4525 711 4583 et
731 4517 1101 4583 liberiorem
1125 4517 1467 4600 praestitit.
1525 4516 1659 4583 Sed
1682 4518 1933 4584 interea
1954 4539 2232 4604 magnae

280 4625 522 4672 causae
587 4613 744 4669 sunt
792 4623 912 4668 cur
966 4611 1266 4686 suspecta
1322 4604 1407 4668 sit
1463 4604 1748 4670 hominis
1805 4603 2058 4670 levitas.
2149 4605 2232 4670 In

283 4689 486 4776 Reyio
541 4691 673 4755 iam
724 4689 977 4774 pridem
1021 4690 1362 4755 observavi
1405 4689 1739 4774 ingenium
1782 4690 1976 4774 paulo
2019 4711 2232 4757 moro-

276 4945 673 5083 8008]ἶοΐῖ
713 4944 980 5002 Maesa.
1650 5017 1661 5029 ·

416 5015 909 5141 ⁶13thch
954 5014 1777 5084 oeLanqnoetoamtavmuo
1822 5014 2024 5083 adep.
2070 5015 2231 5070 modo

484 5154 546 5223 3)
572 5126 648 5209 'de
678 5151 991 5236 recipiendo
1008 5221 1019 5233 ·
1035 5150 1380 5207 Decentium
1413 5153 1666 5221 episcopo
1703 5151 2032 5207 Ooeacca‘olo.

487 5222 545 5306 ff)
582 5221 891 5291 &rapuerat
921 5236 1191 5345 mum.-
1225 5220 1386 5290 Regu
1432 5228 1589 5282 (nom
1641 5222 1825 5291 Regis,
1868 5228 1949 5302 ut·
1979 5219 2229 5302 mendose

271 5295 441 5352 ’Μ
471 5292 843 5417 Ἢ)
925 5360 998 5414 -.
1070 5290 1190 5373 2²⁶
1229 5288 1373 5359 Q
1405 5289 1838 5413 ”aava
1864 5288 2228 5413 W

273 5362 511 5431 (Balla.
779 5358 805 5428 )
830 5374 933 5429 qm
998 5358 1337 5428 mononem
1368 5372 1475 5427 noy
1753 5356 1833 5425 Of

1985 433 2140 495 1561
2192 428 2608 497 NOVEMB.

4168 439 4292 502 110

2345 618 2484 684 sius
2526 638 2722 702 quam
2763 637 2886 700 par
2927 619 3031 699 sit,
3074 626 3143 685 et
3183 619 3510 703 quandam
3555 629 3830 687 naturae
3871 620 4289 690 acerbitatem

2347 723 2513 786 quae
2554 702 2746 769 facile
2788 705 2858 769 in
2892 725 2969 770 su
3016 704 3265 770 erbiam
3309 715 3618 773 transeat.
3690 706 3936 788 Quanti
3975 710 4290 775 momenti

2345 789 2639 854 futurum
2698 789 2786 856 sit
2842 791 2952 873 qui
3001 790 3154 875 quid
3214 790 3322 859 hic
3364 799 3702 871 statuetur,
3749 793 3909 859 satis
3953 794 4287 879 intelligis,

2345 885 2412 941 et
2445 895 2709 957 possum
2745 874 2864 943 tibi
2899 875 3246 957 affirmare,
3282 875 3448 943 alios
3483 877 3728 961 aliquot
3756 880 4091 963 episcopos
4126 902 4289 961 esse,

2345 961 2458 1043 qui
2532 962 2748 1043 parati
2825 962 2958 1027 sint
3042 962 3164 1029 hoc
3240 962 3614 1047 exemplum
3692 966 3874 1047 sequi
3892 1016 3907 1043 ,
3993 968 4048 1032 si
4132 965 4288 1050 quid

2345 1047 2679 1112 moderate
2731 1055 3083 1113 statuatur.
3170 1048 3406 1132 Itaque
3454 1070 3614 1135 rogo
3669 1059 3745 1114 ut
3784 1051 3979 1116 istam
4022 1071 4288 1118 causam

2345 1153 2478 1198 non
2523 1133 2593 1197 in
2636 1133 2989 1217 hypothesi
3031 1133 3146 1199 sed
3179 1136 3446 1209 θετικῶς
3486 1143 3861 1219 pertractes,
3905 1145 3974 1202 et
4014 1138 4108 1203 ita
4140 1139 4286 1222 qui-

2348 1217 2498 1285 dem
2554 1226 2629 1284 ut
2680 1240 2903 1284 eorum
2957 1220 3324 1303 imperitiae
3368 1220 3612 1304 aliquid
3656 1221 3977 1289 condones
4018 1223 4130 1306 qui
4171 1246 4286 1290 ex-

2348 1312 2563 1370 actam
2638 1304 2821 1370 illam
2886 1313 3068 1371 tuam
3132 1307 3521 1372 brevitatem
3587 1326 3721 1373 non
3781 1308 3942 1374 satis
4004 1310 4285 1393 capiunt.

2348 1389 2560 1455 Crede
2613 1390 2798 1470 mihi,
2855 1390 3149 1474 proderit
3207 1392 3431 1457 multis
3475 1392 3600 1457 hoc
3645 1401 3937 1477 tempore
3982 1405 4136 1463 tuus
4178 1396 4287 1463 hic

2347 1474 2549 1542 labor.
2660 1476 2754 1541 Et
2828 1477 3135 1559 quoniam
3211 1480 3339 1543 tria
3416 1481 3760 1563 praecipue
3828 1479 3935 1544 hic
3998 1502 4038 1546 a
4103 1481 4288 1550 nobis

2347 1572 2692 1644 quaerunt,
2759 1583 2963 1627 unum
3021 1584 3147 1646 quo
3204 1563 3498 1629 adhibito
3553 1565 3856 1631 examine
3897 1567 4031 1632 sint
4067 1567 4288 1634 istius·

2347 1646 2528 1712 modi
2587 1647 2884 1714 homines
2939 1648 3342 1724 admittendi,
3401 1649 3680 1715 alterum
3738 1671 3907 1734 quae
3964 1652 4054 1718 sit
4093 1654 4163 1719 in
4206 1654 4290 1721 iis

2346 1732 2651 1799 habenda
2673 1734 3054 1817 episcopalis
3077 1734 3186 1799 vel
3229 1733 3499 1801 alterius
3543 1735 3882 1820 dig-nitatis
3926 1739 4110 1817 ratio,
4155 1748 4289 1805 ter-

2347 1819 2517 1884 tium
2572 1819 2730 1902 quid
2794 1821 2884 1886 sit
2947 1819 3075 1885 illis
3133 1820 3602 1887 consulendum
3666 1821 3748 1886 de
3811 1823 4289 1907 temporalium,

2347 1925 2510 1988 quas
2545 1912 2798 1985 vocant,
2837 1906 3216 1972 facultatum
3252 1906 3358 1971 vel
3390 1906 3750 1973 abiectione
3771 1908 3879 1973 vel
3902 1910 4292 1993 retentione,

2346 2010 2506 2075 rogo
2542 2000 2608 2056 te
2641 2001 2717 2055 ut
2751 2000 2933 2057 tuam
2968 2012 3163 2074 super
3198 1992 3304 2058 his
3337 1990 3639 2057 omnibus
3673 1995 4068 2058 sententiam
4104 1996 4292 2063 nobis

2348 2096 2677 2160 exponere
2746 2098 2878 2142 non
2943 2078 3244 2161 graveris
3307 2092 3378 2143 et
3439 2075 3697 2161 quidem
3763 2079 3976 2162 primo
4042 2100 4299 2166 quoque

2348 2171 2661 2244 tempore,
2706 2161 2919 2246 quoad
2963 2162 3271 2229 valetudo
3316 2172 3431 2228 tua
3472 2163 3657 2230 feret.
3685 2169 3737 2244 ⁸)
3827 2164 4092 2231 Interea
4136 2165 4294 2232 dum

2347 2268 2728 2331 responsum
2767 2256 2954 2314 tuum
2988 2258 3461 2333 exspectamus,
3507 2253 3882 2316 censuimus
3924 2249 4111 2317 illum
4148 2272 4291 2319 esse

2346 2333 2419 2397 in
2462 2334 2732 2400 ecclesia
2774 2332 3238 2418 recipiendum,
3301 2335 3496 2401 modo
3552 2337 3937 2403 confessioni
3980 2346 4049 2402 et
4092 2336 4288 2404 disci-

2345 2419 2565 2503 plinae
2626 2419 3008 2486 subscribat.
3098 2421 3375 2506 Recepit
3432 2441 3686 2505 quoque
3745 2442 3817 2488 se
3873 2424 4051 2488 vitae
4094 2444 4287 2508 supe·

2347 2505 2539 2571 rioris
2573 2506 2838 2571 veniam
2872 2507 2943 2571 in
2981 2506 3240 2590 publico
3273 2517 3464 2573 coetu
3497 2507 3879 2591 petiturum,
3922 2508 4039 2574 sed
4072 2509 4288 2575 nescio

2346 2612 2436 2657 an
2489 2590 2794 2674 expediat
2849 2592 2972 2658 hoc
3014 2613 3266 2678 urgere.
3367 2593 3432 2658 N
3433 2602 3581 2659 utat
3634 2592 4027 2678 Salomacus,
4091 2593 4289 2662 homo

2345 2679 2640 2743 omnium
2681 2677 2957 2744 istorum
2993 2678 3404 2745 doctissimus
3461 2685 3532 2744 et
3563 2680 4045 2764 integerrimus,
4091 2700 4287 2762 quem

2345 2776 2640 2847 optarem
2706 2763 2914 2830 literis
2978 2766 3110 2830 tuis
3173 2764 3497 2849 instigari,
3518 2766 3576 2843 ⁶)
3639 2773 3717 2830 ut
3766 2765 3967 2831 semel
4021 2765 4285 2832 tandem

2345 2857 2568 2932 aperte
2603 2848 2941 2915 Christum
2976 2851 3068 2915 ita
3102 2852 3503 2934 profiteatur,
3540 2858 3614 2915 ut
3647 2850 4051 2934 impietatem
4083 2852 4284 2918 etiam

2345 2953 2519 3017 oppu
2615 2943 2683 3000 et
2723 2943 2793 3001 et
2833 2937 3145 3002 ecclesiae
3185 2957 3256 3002 se
3298 2938 3669 3021 coniungat.

2623 3020 2946 3103 pudenter
3000 3022 3183 3100 facio,
3249 3022 3344 3086 mi
3395 3031 3602 3106 pater,
3669 3022 3825 3088 dum
3881 3023 4042 3090 haec
4082 3043 4286 3090 onera

2344 3105 2465 3171 tibi
2506 3107 2790 3190 impono,
2831 3106 2946 3173 sed
2980 3108 3358 3174 memineris
3389 3107 3575 3188 mihi,
3619 3108 3869 3174 homini
3901 3108 4057 3192 plus
4088 3130 4287 3193 quam

2343 3190 2571 3260 credas
2625 3193 2948 3277 imperito,
3007 3193 3263 3260 nullum
3320 3194 3526 3260 alium
3569 3214 3711 3260 esse
3752 3194 3837 3260 ad
3877 3215 4070 3278 quem
4109 3196 4288 3262 refu·

2344 3280 2541 3364 giam.
2628 3277 2971 3346 Succurrit
3025 3280 3290 3363 quidem
3349 3280 3515 3346 mihi
3566 3280 3903 3346 interdum
3952 3279 4124 3364 quod
4181 3302 4286 3347 re-

2343 3364 2720 3450 spondeam,
2763 3365 2892 3432 Dei
2935 3366 3169 3452 gratia,
3212 3365 3327 3433 sed
3369 3365 3539 3432 mihi
3580 3368 3879 3434 conscius
3919 3368 4287 3450 imperitiae

2341 3471 2546 3530 meae,
2610 3459 2807 3537 atque
2870 3454 3068 3518 etiam
3132 3452 3462 3520 facilitatis
3517 3452 3777 3530 nimiae,
3854 3451 4031 3518 malo
4091 3472 4287 3537 saepe

2340 3536 2841 3618 obmutescrere,
2886 3559 3079 3621 quam
3121 3547 3367 3606 temere
3409 3542 3479 3606 in
3523 3539 3721 3606 rebus
3777 3548 3914 3603 tam
3958 3537 4147 3605 seriis
4179 3559 4284 3604 re-

2339 3623 2691 3706 spondere:
2779 3624 2893 3691 sed
2969 3623 3085 3690 ubi
3163 3626 3483 3693 autoritas
3552 3634 3670 3692 tua
3732 3624 4080 3692 wcesserit
4140 3631 4282 3689 tum

2337 3709 2532 3792 plane
2590 3709 3026 3777 confidentem
3083 3731 3191 3775 me
3245 3713 3507 3779 senties.
3611 3710 4077 3778 Nomandium
4127 3727 4282 3776 nos-

2339 3804 2518 3862 trum
2562 3794 2840 3861 arbitror
2881 3796 3077 3862 hodie
3113 3795 3195 3862 ad
3237 3817 3390 3863 suos
3407 3802 3463 3876 Ἰ)
3500 3798 3882 3880 profectum,
3927 3805 4004 3861 ut
4036 3803 4279 3861 statum

2339 3900 2561 3947 rerum
2638 3903 2907 3948 suarum
2985 3901 3296 3966 praesens
3372 3894 3737 3968 cognoscat.
3849 3881 4137 3950 Uxorem
4214 3889 4281 3946 et

2336 3967 2651 4033 familiam
2685 3968 2807 4034 tibi
2848 3968 3249 4035 commende.
3321 3969 3507 4035 Bene
3540 3970 3704 4048 vale,
3762 3970 3855 4033 mi
3887 3979 4093 4051 pater,
4129 3979 4277 4031 cum

2335 4053 2605 4139 collegis
2647 4063 2718 4119 et
2758 4056 2985 4121 amicis
3030 4055 3353 4121 omnibus.
3441 4053 3767 4120 Dominus
3808 4054 3994 4118 Iesus
4038 4062 4105 4116 te
4146 4073 4280 4118 ser-

2337 4148 2464 4206 vet.
2543 4140 2818 4207 Parisiis
2862 4145 2920 4206 9.
2968 4140 3373 4207 Novembris.

3685 4275 4105 4342 TuusBeaa.

2539 4501 2601 4564 ω
2651 4501 2787 4557 viae
2824 4500 3068 4556 oon-saia
3107 4499 3269 4556 ron-2·
3298 4501 3364 4554 x.
3406 4498 3573 4553 Pam
3607 4497 3650 4551 1.
3686 4498 3837 4554 easta
3869 4515 3926 4568 ρ.
3961 4495 4080 4552 184„

2540 4568 2602 4706 ἐξ
2637 4570 2715 4691 ivv'
2750 4568 2903 4653 3615.
3018 4679 3030 4693 .
