4850 6117
311 396 384 460 33
2009 394 2166 458 1561
2214 388 2539 460 OO'l'OB.

458 579 531 645 Ie
563 599 646 645 66
681 598 844 646 vous
876 579 1114 646 mande
1146 579 1292 647 rien
1326 578 1442 645 des
1484 579 1745 645 affair-es
1780 578 1862 646 de
1901 599 2021 665 par
2063 578 2223 663 deca

307 671 509 732 estant
549 671 808 731 asseure
892 687 973 731 66
1002 665 1356 732 Messieurs
1390 686 1530 731 mes
1573 685 2012 751 compagnons
2054 685 2222 732 vous

306 771 383 818 en
440 752 580 817 font
639 686 957 817 entendre
1014 773 1088 819 ce
1142 752 1255 835 qui
1312 772 1395 816 en
1451 758 1569 832 est,
1634 770 1887 819 comme
1943 749 2024 818 de
2077 750 2224 817 leur

304 856 483 923 grace
522 836 606 902 ilz
649 856 754 901 me
797 836 859 904 le
899 838 1450 921 communiquent.

1080 1126 1462 1137 ..ψ

1175 1383 1366 1453 8557.

425 1539 853 1623 61166166
908 1554 1037 1621 DE
1091 1552 1761 1636 FoReALQUmR
1792 1556 1842 1635 1)
1896 1550 2093 1618 Aux

688 1655 1195 1724 Mmls'mus
1237 1657 1366 1722 DE
1410 1638 1813 1723 GENEVE.

453 1828 1200 1910 Dmandedepastm.

298 1999 666 2072 (Autographe
700 2000 771 2054 de
806 1998 1020 2065 la,Bibl.
1039 2000 1108 2053 de
1126 1997 1343 2054 Geneve
1365 1999 1480 2053 Vol.
1505 1996 1670 2051 19⁷2.
1707 2024 1773 2037 —
1810 1996 2061 2060 Gaberel.
2079 1996 2218 2051 nist.

696 2069 768 2123 de
799 2067 1023 2139 l’Eglise
1058 2068 1127 2123 de
1162 2067 1227 2124 G.
1262 2068 1311 2123 1.
1348 2067 1539 2123 Pieeee
1571 2084 1627 2136 p.
1662 2063 1808 2134 186.)

808 2239 1002 2306 Salut
1044 2260 1164 2324 par
1206 2239 1405 2306 Jesus
1442 2237 1689 2305 Christ.
1750 2337 1755 2340 .

449 2411 804 2478 'l'reschers
861 2412 1201 2496 seigneurs
1254 2419 1323 2476 et
1374 2410 1579 2475 freres
1594 2458 1611 2489 ,
1664 2430 1831 2476 vous
1885 2431 2045 2476 avez
2103 2434 2217 2479 en·

298 2496 482 2564 tendu
526 2501 842 2580 (sommes
898 2517 1217 2576 asseurez,
1272 2515 1314 2561 a
1357 2505 1575 2562 vostre
1611 2494 1823 2580 grand
1863 2497 2110 2584 regret)
2152 2498 2219 2564 la

299 2582 666 2668 dissipation
718 2591 786 2649 et
835 2582 903 2648 la
958 2603 1170 2667 ruyne
1225 2579 1306 2647 de
1361 2591 1583 2647 nostre
1640 2603 1879 2664 paovre
1932 2583 2133 2667 eglise
2176 2605 2217 2651 a

298 2689 471 2736 cause
533 2670 652 2736 des
717 2689 966 2754 vagues
1028 2676 1097 2733 et
1159 2666 1439 2734 assaultz
1502 2665 1661 2733 dont
1718 2664 1929 2733 Satan
1985 2680 2054 2734 ot
2110 2691 2215 2738 ses

296 2764 583 2840 suppostz
629 2755 771 2821 lont
813 2754 1097 2821 assaillie
1142 2755 1414 2838 jusques
1456 2773 1497 2817 a
1537 2752 1605 2817 la
1651 2752 1900 2818 vouloir
1942 2751 2029 2820 du
2074 2764 2216 2822 tout

296 2841 713 2907 exterminer:
758 2840 875 2923 qui
917 2859 1084 2906 nous
1124 2860 1164 2904 a
1205 2837 1420 2905 donne
1463 2839 1734 2904 matiere
1774 2836 1856 2903 de
1899 2841 2108 2924 gemir
2150 2850 2216 2907 et

294 2927 612 3011 conspiret
669 2947 836 2992 nous
885 2945 1139 3010 voyans
1194 2924 1554 2991 constituez
1613 2945 1697 2988 en
1762 2923 1911 2990 telle
1973 2924 2214 2993 famine

293 3031 407 3095 que
428 3032 547 3078 noz
574 3011 990 3078 adversaires
1033 3017 1488 3095 appertement
1526 3030 1694 3076 nous
1727 3011 2067 3095 jugeoient
2105 3011 2214 3079 de-

291 3095 503 3165 laisses
546 3098 633 3164 de
675 3097 868 3176 Dieu,
913 3097 1138 3181 prives
1182 3097 1264 3163 de
1307 3096 1370 3161 la
1412 3115 1615 3179 vraye
1657 3107 1924 3179 pasture
1967 3096 2047 3163 de
2091 3098 2214 3176 vie,

293 3195 416 3249 cest
447 3182 527 3250 de
570 3203 650 3249 sa
691 3184 942 3249 saincte
962 3181 1222 3249 Parolle
1264 3191 1333 3248 et
1368 3184 1438 3267 ja
1460 3180 1749 3249 devallez
1793 3203 1875 3248 66
1922 3180 1986 3247 la
2025 3184 2214 3251 fosse.

293 3267 669 3336 Toutteffois
708 3289 782 3335 ce
814 3289 971 3352 pere
999 3267 1079 3334 de
1113 3266 1528 3334 misericorde
1561 3288 1645 3333 ne
1667 3275 1960 3351 pouvant
1996 3289 2215 3337 mons-

292 3362 415 3420 trer
453 3376 693 3423 envers
736 3376 899 3420 nous
943 3374 1068 3437 que
1112 3374 1245 3419 une
1287 3353 1593 3419 affection
1628 3353 1985 3435 paternelle
2027 3376 2217 3438 apres

290 3461 442 3506 nous
481 3442 669 3508 avoir
720 3440 878 3507 faict
932 3440 1343 3524 congnoistre
1386 3447 1608 3505 nostre
1647 3438 1960 3505 infirmite
2002 3462 2042 3506 a
2084 3443 2217 3507 heu

290 3526 437 3608 pitie
479 3525 559 3593 de
603 3546 793 3604 nous,
838 3534 1039 3611 ayant
1078 3526 1234 3592 faict
1275 3545 1491 3592 cesser
1530 3546 1639 3591 ces
1678 3545 1928 3610 vagues
1972 3526 2060 3592 du
2101 3548 2215 3612 po-

332 3611 466 3679 ulas
519 3611 838 3678 indiscret
895 3622 962 3676 et
1013 3613 1353 3696 ignorant,
1411 3609 1734 3676 confondu
1789 3621 1856 3676 et
1912 3633 2217 3680 renverse

314 3718 378 3762 es
438 3698 646 3765 forces
710 3707 777 3763 et
840 3698 1286 3781 entreprinses
1350 3697 1464 3762 des
1528 3694 1937 3763 adversaires
2002 3697 2080 3765 de
2144 3720 2218 3766 sa

292 3784 482 3849 verite
536 3793 609 3849 et
660 3783 998 3849 tellement
1039 3782 1329 3848 advance
1384 3804 1460 3849 sa
1499 3783 1755 3848 maison
1799 3782 1938 3867 quil
1976 3805 2063 3850 ne
2106 3784 2217 3851 de·

290 3887 501 3935 meare
541 3890 673 3953 que
717 3868 943 3936 davoir
985 3868 1282 3935 ouvriers
1334 3888 1498 3951 pour
1552 3869 1867 3933 rassasier
1923 3869 2018 3936 les
2060 3891 2216 3954 pao-

289 3974 428 4020 vres
469 3976 653 4021 ames
693 3954 1071 4039 fameliques
1105 3961 1173 4019 et
1212 3952 1693 4034 languissentes
1728 3952 1810 4019 de
1843 3975 1918 4019 sa
1950 3966 2216 4039 pasture

287 4039 658 4122 spirituelle.
745 4040 926 4107 Pour
980 4061 1073 4120 ce,
1139 4038 1251 4105 Sei
1349 4059 1532 4118 eure,
1600 4059 1849 4124 voyans
1905 4040 1972 4105 la
2027 4062 2216 4124 grace

288 4144 403 4207 que
443 4147 518 4193 ce
558 4127 692 4194 bon
735 4127 910 4191 Dieu
952 4146 1120 4192 nous
1162 4147 1204 4191 a
1314 4126 1436 4191 ‘cte
1479 4134 1546 4189 et
1587 4123 1769 4191 veult
1808 4125 1989 4205 faire,
2051 4148 2216 4194 nous

289 4229 442 4278 vous
494 4233 705 4278 avons
757 4213 909 4278 bien
965 4211 1170 4279 voulu
1226 4210 1515 4294 supplier
1571 4231 1820 4277 comme
1883 4233 2050 4278 ceux
2104 4212 2217 4297 qui

288 4314 433 4363 avez
472 4298 801 4364 111666661-
833 4298 984 4364 bien
1020 4309 1085 4363 et
1120 4296 1296 4363 salut
1329 4295 1410 4362 de
1446 4317 1567 4362 voz
1608 4296 1814 4363 freres
1848 4317 1934 4362 en
1968 4298 2217 4364 charite

287 4401 442 4464 pour
482 4383 970 4450 recommandes
1014 4381 1095 4448 de
1136 4402 1306 4449 nous
1348 4382 1603 4449 vouloir
1650 4383 1960 4465 pourvoir
2003 4382 2083 4451 de
2126 4384 2217 4451 tel

288 4468 578 4535 ministre
622 4478 690 4533 et
730 4479 995 4553 pasteur
1026 4489 1152 4553 que
1187 4467 1339 4534 bien
1373 4487 1650 4552 pourrea
1692 4466 2007 4536 entendre
2050 4492 2216 4537 nous

288 4561 450 4619 estre
514 4557 891 4621 necessaire.
986 4553 1117 4620 Car
1180 4573 1349 4637 pour
1411 4554 1594 4621 avoir
1648 4574 1688 4619 a
1752 4553 1912 4620 faire
1974 4576 2015 4622 a
2080 4578 2215 4642 ung

286 4640 514 4786 {euple
569 4639 735 4707 rude
787 4653 854 4706 et
894 4639 1028 4707 mal
1083 4638 1425 4707 traictable
1478 4638 1675 4706 seroit
1727 4639 1946 4724 requis
1989 4640 2216 4708 davoir

331 4743 539 4792 omme
583 4727 697 4810 qui
740 4746 895 4793 avec
937 4726 1119 4793 saine
1158 4725 1470 4804 doctrine,
1523 4725 1633 4792 vie
1683 4725 1932 4793 saincte
1973 4734 2043 4793 et
2085 4727 2214 4794 bon

288 4810 575 4896 exemplo
618 4823 762 4877 eust
801 4811 1195 4879 vehemence
1239 4818 1308 4877 et
1347 4810 1675 4878 authorite
1712 4830 1883 4894 pour
1910 4811 2216 4880 'adoulcir

287 4892 377 4960 les
394 4947 395 4950 ,
414 4917 636 4963 meurs
678 4895 791 4964 des
831 4899 1161 4983 ignorans.
1237 4899 1420 4963 Pour
1461 4916 1535 4962 ce
1576 4915 1746 4961 nous
1784 4917 1949 4965 vous
1985 4899 2215 4999 prions

289 4982 461 5048 avoir
515 4982 679 5067 pitie
734 4983 816 5051 de
870 5005 1037 5050 nous
1093 4991 1159 5050 et
1214 4981 1279 5050 16
1321 4981 1649 5068 Seigneur
1705 5002 2053 5051 souverain
2111 5006 2215 5051 re·

288 5075 701 5135 munerateur
759 5069 824 5137 le
881 5090 1043 5137 vous
1105 5068 1362 5149 rendra,
1430 5077 1498 5134 et
1561 5089 1727 5134 nous
1789 5067 1854 5136 16
1917 5070 2216 5155 prierons

290 5303 461 5363 8557.
486 5307 543 5374 1)
577 5305 739 5379 det.
774 5308 870 5364 des
904 5307 1111 5365 Bassos
1143 5307 1328 5376 Alpes.

487 5391 704 5451 06161·κὲ
729 5409 917 5465 opera.
991 5393 1107 5452 Vol.
1143 5392 1312 5449 XIX.

4176 401 4265 465 34.

2322 599 2486 646 vous
2526 577 2783 646 vouloir
2836 578 2917 646 de
2970 582 3118 665 jour
3159 601 3245 648 en
3292 585 3443 666 jour
3482 579 3820 650 tellement
3869 594 4260 671 aug-menter

2320 684 2424 731 ses
2468 684 2695 749 greces
2738 685 2867 749 que
2911 667 3181 751 jusques
3223 686 3305 732 en
3361 665 3429 732 la
3471 668 3563 734 fin
3615 669 4022 753 perseveriez
4064 691 4150 738 en
4189 670 4260 738 la

2320 751 2623 816 vocation
2681 750 2818 835 quil
2859 771 3025 819 vous
3068 772 3110 818 a
3162 751 3455 837 appelles
3507 752 3599 819 du
3651 754 3990 823 ministere
4045 755 4127 823 de
4181 777 4262 825 sa

2319 835 2567 902 saincte
2607 835 2855 919 parolle
2896 858 3060 903 vous
3113 838 3340 924 prians
3382 837 3464 905 de
3503 859 3670 906 nous
3722 840 3907 908 avoir
3949 863 4113 926 pour
4151 839 4261 909 re'·

2319 919 2736 988 commendes
2785 944 2868 990 en
2927 944 3045 990 voz
3099 922 3382 991 sainctes
3437 925 3746 992 oraisons.
3837 925 3943 994 De
3987 927 4259 996 Forcal-

2319 1007 2508 1090 quier
2549 1028 2624 1074 ce
2666 1008 2797 1075 viii.
2841 1005 3126 1076 Octobre
3176 1013 3357 1076 1561.

2661 1143 2796 1211 Par
2835 1165 2956 1211 voz
3000 1144 3356 1231 obeyssans
3397 1152 3465 1211 et
3504 1145 3924 1215 affectionnez
3963 1148 4171 1218 freres

2923 1250 3010 1296 au
3052 1251 3208 1297 nom
3251 1230 3333 1298 de
3376 1236 3524 1298 tous
3564 1232 3663 1300 les
3705 1234 3909 1301 freres

3185 1319 3261 1382 A.
3307 1315 3627 1403 Bandoly.

3197 1857 3398 1932 3558.

2419 1998 2851 2082 L’EGLISE
2897 2012 3072 2081 ms
3118 2012 3301 2083 SUB
3343 2013 3569 2081 mn.
3597 2018 3647 2093 ι)
3690 2016 3754 2080 A
3797 2013 4167 2084 estvm.

2492 2186 2819 2254 Demcmde
2859 2185 2934 2251 dc
2956 2189 3238 2268 paam.

2314 2357 2699 2429 (Autographe
2732 2356 2801 2410 de
2835 2356 2889 2409 la
2922 2355 3301 2427 Bibliotheque
3335 2356 3406 2411 de
3438 2355 3675 2411 Geneve.
3746 2354 3946 2410 θαι-166
3983 2354 4151 2412 197u.
4189 2385 4259 2399 -

3043 2424 3278 2480 Gaberel
3310 2425 3352 2478 Ῑ.
3386 2423 3535 2493 151.)

2321 2601 2380 2664 A
2416 2617 2538 2663 noz
2587 2596 2914 2663 treschers
2947 2604 3016 2661 et
3056 2594 3206 2662 bien
3255 2616 3483 2680 aymez
3517 2594 3875 2680 seigneurs
3918 2615 4001 2661 en
4034 2603 4258 2663 nostre

2317 2683 2624 2749 saulveur
2658 2689 2727 2748 et
2759 2681 3180 2765 redempteur
3210 2681 3259 2748 J
3258 2702 3408 2747 esus
3441 2680 3672 2748 Ghrist
3703 2680 3983 2747 Messire
4016 2681 4261 2749 Maitre

2315 2770 2364 2837 J
2365 2769 2536 2835 ehan
2602 2768 2840 2837 Oalvin
2921 2787 3201 2851 evesque
3278 2774 3344 2832 et
3423 2765 3812 2833 surveillant
3881 2786 3964 2832 en
4032 2772 4261 2851 troup-

2315 2876 2485 2939 peau
2537 2862 2605 2919 et
2657 2854 2890 2940 esglise
2944 2851 3357 3003 chreistieltine
3400 2851 3482 2918 de
3525 2851 3798 2920 Geneve
3840 2859 3910 2918 et
3951 2850 4262 2940 Scindicq

3123 2939 3220 3005 ice
3270 2957 3308 3003 6
3349 2938 3494 3004 cite.

2488 3110 2845 3195 Supplient
2901 3131 2985 3176 en
3039 3109 3345 3175 humilite
3406 3107 3504 3175 les
3606 3127 3838 3175 aovres
3902 3109 4107 3174 freres
4161 3107 4253 3176 du

2318 3199 2528 3284 bourg
2570 3196 2711 3283 d’yz
2766 3217 2883 3262 sur
2935 3194 3122 3260 thille
3175 3194 3271 3260 lez
3316 3194 3515 3278 Diion
3613 3192 3941 3260 itibundes
3983 3201 4051 3261 et
4090 3194 4254 3261 affa-

2316 3304 2461 3350 1666
2496 3283 2579 3349 de
2610 3282 2680 3348 la
2711 3301 2877 3366 pure
2909 3280 3154 3364 parolle
3189 3279 3278 3346 du
3312 3282 3619 3366 seigneur
3661 3278 3795 3361 Qui
3826 3299 3995 3346 vous
4071 3279 4256 3365 layse

2318 3369 2399 3437 de
2444 3391 2563 3437 voz
2624 3369 2944 3453 benignes
2999 3384 3230 3450 graece
3284 3386 3366 3431 en
3426 3385 3581 3432 nom
3637 3363 3717 3431 de
3768 3365 3970 3433 Jesus
4025 3300 4256 3433 &brist

2315 3464 2540 3522 nostre
2582 3454 2890 3520 saulveur
2946 3452 3092 3518 leur
3133 3451 3409 3535 eslargir
3460 3452 3623 3517 faire
3664 3459 3813 3534 part
3854 3457 3924 3517 et
3963 3470 4255 3536 envoyer

2317 3563 2409 3607 un
2464 3540 2766 3606 ministre
2829 3559 2993 3622 pour
3057 3537 3200 3603 leur
3262 3536 3616 3602 distribuer
3678 3544 3747 3602 et
3808 3557 4138 3603 annoncer
4190 3537 4255 3602 la

2317 3626 2562 3712 parolle
2604 3624 2686 3692 de
2719 3624 2895 3692 Dieu
2929 3625 2950 3689 1
3034 3624 3205 3690 66116
3238 3622 3354 3689 dez
3396 3621 3554 3708 long
3586 3630 3721 3688 tem
3842 3622 3929 3687 ilz
3971 3623 4253 3705 6661165·-

2316 3720 2462 3779 tent
2504 3719 2571 3778 et
2605 3711 2917 3777 desirent.
3048 3732 3085 3774 e
3126 3711 3367 3775 faisant
3406 3708 3575 3774 ferez
3620 3708 3683 3774 16
3761 3707 3983 3774 ebvoir
4017 3706 4097 3773 de
4130 3727 4251 3773 von

2275 3813 2285 3825 ·
2316 3798 2668 3865 vocatione.

2488 3884 2578 3949 Et
2611 3903 2777 3966 pour
2819 3882 3300 3967 cognoissancess
3312 3879 3394 3945 de
3428 3900 3553 3945 nor.
3587 3878 3798 3947 desire
3840 3898 3990 3944 sans
4030 3877 4255 3944 fiction

2316 3990 2443 4053 que
2486 3967 2660 4035 Dieu
2704 3988 2823 4053 par
2865 3988 2939 4034 sa
2982 3967 3178 4032 bonte
3220 3973 3289 4031 et
3331 3986 3524 4051 grace
3564 3964 3805 4031 veuffle
3846 3963 3926 4029 de
3968 3966 4124 4046 jour
4165 3983 4254 4029 en

2308 4057 2467 4139 jour
2518 4059 2908 4138 aug-menter
2961 4073 3043 4119 en
3102 4073 3271 4118 nous
3312 4054 3525 4136 partie
3566 4049 3680 4115 des
3734 4049 3935 4115 freres
3976 4056 4096 4114 ont
4136 4067 4260 4132 ap·

2318 4148 2568 4225 prouve
2622 4148 2798 4206 ceste
2852 4158 2976 4224 par
3031 4139 3209 4206 leurs
3267 4140 3637 4222 signatures
3677 4140 3744 4199 et
3784 4154 3991 4200 66166.
4072 4133 4256 4200 Pour

2318 4226 2379 4293 le
2423 4224 2696 4293 nombre
2729 4223 2975 4310 aydant
3015 4224 3080 4291 le
3114 4224 3444 4308 Seigneur
3483 4229 3628 4286 tant
3659 4216 3846 4284 audit
3878 4220 4089 4304 bourg
4127 4239 4257 4304 que

2317 4312 2829 4395 circonvoisings
2863 4311 2944 4376 de
2977 4311 3128 4393 cinq
3162 4316 3368 4377 centa.
3426 4305 3521 4374 06
3553 4304 3836 4371 mecredi
3869 4304 4261 4372 huictiesme

2317 4397 2578 4467 octobre
2618 4398 2737 4463 mil
2778 4398 2929 4481 cinq
2962 4405 3148 4463 cents
3190 4395 3487 4460 soixante
3526 4410 3638 4456 un.

2723 4533 2919 4600 Ainsi
2962 4540 3064 4598 est

2927 4615 3216 4684 'l'hibaut
3256 4612 3337 4682 de
3379 4633 3565 4682 avex.
3730 4611 4113 4680 Ohaumotz.

2904 4702 3005 4776 ,0.
3050 4699 3391 4768 Constant.
3721 4697 3815 4766 M.
3854 4695 4167 4764 lomberd.

2928 4785 3307 4854 Briseleme.
3714 4784 3782 4852 J.
3818 4781 4184 4852 Danviron.

2924 4874 3272 4957 Prongetz.
3718 4869 3968 4971 Tissey.

2929 4958 3168 5026 Godin.
3719 4955 3997 5022 Mortise

2929 5044 3189 5112 Brions.
3713 5041 3792 5107 P.
3829 5041 4142 5107 Mortnet.

3710 5124 3983 5193 Parisol.

2316 5304 2499 5362 8558.
2523 5304 2583 5372 1)
2620 5302 2785 5374 De'pt
2818 5303 2886 5360 dc
2918 5303 2975 5359 16
3016 5302 3143 5362 cote
3174 5300 3311 5359 ἔον.
3808 5378 3843 5434 3
