4850 6117
315 424 467 487 ‘713

313 620 681 698 pastorum
725 621 839 681 aut
882 615 1322 699 diaconorum,
1381 619 1671 703 exceptis
1723 620 2005 699 senibus,
2065 623 2179 706 qui
2221 623 2294 689 in

313 720 489 765 eam
554 701 1068 768 coniurationem
1127 706 1495 770 consentire
1561 706 1930 785 noluerant,
1996 728 2104 774 me
2159 729 2293 775 uno

316 784 654 871 dignetur
717 787 1035 871 colloquio
1096 801 1211 854 aut
1263 791 1499 856 verbo:
1569 797 1636 856 et
1677 798 1753 857 ut
1804 813 2028 859 omnes
2092 794 2292 861 talem

313 893 448 938 me
492 892 635 938 esse
676 874 1072 958 praedicent,
1120 874 1377 959 qualem
1421 897 1562 943 esse
1604 879 1896 961 persuasi
1941 879 2211 945 fuerant
2253 903 2293 947 a

317 957 734 1038 Marbachio,
791 981 1025 1043 nempe
1077 961 1585 1046 Zvvinglianum,
1644 963 2126 1045 Calvinianum,
2171 966 2292 1033 Sa-

317 1046 869 1126 cramentarium,
947 1047 1287 1112 inimicum
1361 1047 1783 1115 confessionis
1847 1054 2293 1136 Augustanae,

317 1129 601 1196 hostem
709 1131 1019 1198 ecclesiae
1130 1135 1625 1216 Argentinensis
1649 1187 1666 1215 ,
1776 1136 2291 1222 Anabaptistam,

321 1215 1055 1293 Schwenkfeldianum.
1093 1219 1556 1300 Novatiauum,
1593 1219 1976 1302 Catharum,
2023 1232 2093 1289 et
2135 1224 2292 1308 quid

318 1303 525 1369 non?
603 1305 811 1386 Atque
852 1304 948 1369 ita
991 1312 1218 1388 totum,
1241 1306 1362 1373 hoc
1397 1305 1731 1372 biennium
1775 1307 1870 1373 fui
1913 1310 1992 1374 iis
2038 1319 2103 1375 et
2145 1311 2292 1377 aliis

322 1389 627 1474 egregiis
669 1390 895 1471 titulis,
940 1390 1201 1475 publice
1246 1398 1313 1458 et
1351 1393 1682 1476 privatim,
1731 1414 1887 1460 voce
1932 1402 1998 1460 et
2032 1397 2293 1480 scriptis

319 1485 616 1541 ornatus
651 1473 1117 1559 traductusque
1151 1498 1271 1562 per
1305 1499 1420 1544 ora
1454 1480 1766 1545 omnium.
1839 1479 2051 1562 Quale
2096 1483 2293 1548 fuerit

321 1560 605 1627 illorum
671 1561 1048 1642 consilium,
1114 1564 1300 1629 facile
1364 1574 1550 1647 potes
1617 1575 1688 1631 tu
1765 1566 1906 1650 ipse
1981 1568 2289 1649 iudicare,

325 1669 579 1733 nempe
621 1655 696 1713 ut
738 1647 844 1715 vel
889 1657 1157 1715 senatus
1191 1670 1298 1714 me
1343 1651 1633 1731 eiiceret,
1678 1651 1789 1717 vel
1828 1674 1948 1738 ego
1984 1653 2293 1719 diuturna

328 1735 641 1803 molestia
704 1734 977 1800 affectus
1042 1747 1273 1819 sponte
1339 1735 1756 1812 discederem,
1838 1740 2108 1823 Agitata
2169 1741 2293 1806 fuit

329 1821 789 1889 controversia
829 1821 900 1885 in
944 1822 1231 1904 capitulo
1272 1832 1513 1904 nostro,
1558 1822 1673 1889 sed
1712 1825 1971 1912 scriptis
2009 1833 2287 1891 tantum.

325 1908 571 1992 Neque
638 1909 816 1974 enim
880 1928 1174 1991 unquam
1241 1909 1489 1974 amicus
1543 1909 1756 1976 voluit
1811 1931 2071 1977 mecum
2137 1933 2290 1978 con-

329 1993 546 2080 gredi,
613 2004 807 2076 atque
866 1994 959 2059 ita
1014 1994 1227 2059 noluit
1290 1995 1621 2080 congredi,
1688 2005 1764 2060 ut
1818 2019 2027 2080 neque
2094 1999 2291 2062 etiam

330 2081 631 2165 potuerit
686 2101 977 2163 unquam
1036 2100 1076 2144 a
1133 2080 1402 2146 consilio
1458 2089 1683 2147 nostro
1747 2082 2002 2164 adduci,
2070 2092 2145 2149 ut
2209 2082 2294 2148 ad

322 2188 487 2242 ‚mea
542 2166 776 2232 saltem
836 2175 1223 2250 argumenta
1278 2174 1348 2232 et
1398 2169 1784 2233 autoritates
1846 2169 2290 2256 responderet,

336 2251 457 2319 sed
500 2252 758 2318 deserto
802 2261 982 2316 statu
1025 2273 1260 2318 causae
1302 2254 1438 2319 suis
1483 2252 1865 2339 ambagibus
1908 2256 2287 2338 capitulum,

331 2338 583 2404 multos
640 2359 900 2404 menses
955 2347 1343 2422 occupatum
1397 2340 1636 2405 tenuit:
1696 2342 1826 2406 imo
1882 2351 1950 2405 et
2002 2343 2072 2407 in
2119 2362 2291 2408 nova

331 2425 606 2490 dissidia
649 2426 986 2507 pertraxit,
1042 2445 1119 2490 ac
1161 2424 1426 2490 tandem
1470 2433 1677 2491 totam
1720 2447 1983 2493 causam
2030 2449 2069 2492 a
2115 2429 2288 2511 capi-

329 2510 476 2576 tulo
511 2509 595 2575 ad
634 2510 749 2575 xiii
788 2511 962 2576 viros
999 2520 1210 2576 astute
1248 2511 1601 2577 transtulit.
1662 2511 2039 2596 Capitulum
2068 2521 2287 2579 tamen

330 2617 471 2662 non
506 2597 803 2681 permisit
839 2616 982 2662 eam
1020 2598 1384 2676 transferri,
1423 2598 1579 2680 quin
1613 2599 1797 2682 prius
1823 2597 2067 2666 diceret
2100 2620 2286 2666 suam

334 2682 419 2749 de
485 2689 563 2748 ea
628 2683 932 2748 Dominis
995 2682 1116 2747 xiii
1180 2684 1341 2748 viris
1413 2684 1823 2750 sententiam.
1916 2685 2066 2751 Etsi
2129 2707 2285 2752 vero

331 2770 661 2854 sperabat,
719 2789 877 2833 mox
932 2791 970 2833 a
1017 2769 1314 2835 Dominis
1366 2790 1474 2834 me
1533 2769 1916 2835 damnatum
1980 2772 2085 2853 iri,
2151 2793 2285 2837 non

328 2855 524 2922 facile
584 2863 804 2919 tamen
857 2854 926 2919 id
984 2856 1199 2938 potuit
1253 2857 1412 2935 fieri,
1471 2855 1643 2939 quod
1685 2858 1755 2937 ii,
1810 2865 1888 2922 ut
1931 2858 2287 2941 prudentes

332 2950 403 3007 et
445 2940 794 3024 sapientes,
841 2940 1127 3006 viderint
1183 2961 1322 3006 rem
1370 2963 1501 3007 non
1545 2943 1635 3007 ita
1678 2942 1924 3009 habere
1965 2944 2138 3010 sicut
2179 2963 2284 3009 ac-

330 3038 599 3094 cusatus
652 3026 940 3091 fueram:
1000 3036 1083 3107 et,
1141 3035 1215 3092 ut
1264 3027 1440 3107 iusti,
1497 3029 1908 3095 innocentem
1971 3029 2284 3095 damnare

330 3113 684 3179 noluerint.
772 3110 910 3178 Sed
965 3134 1177 3197 noque
1221 3114 1563 3180 absolvere
1608 3117 1748 3181 ausi
1795 3124 1968 3196 sunt,
2028 3115 2180 3183 licet
2217 3122 2286 3181 et

331 3201 727 3265 sententiam
794 3200 1059 3282 capituli
1126 3199 1471 3279 audierint,
1539 3209 1606 3266 et
1661 3202 2034 3268 testimonia
2092 3210 2284 3287 atque

327 3284 573 3350 iudicia
636 3283 1115 3351 academiarum
1181 3294 1248 3351 et
1311 3287 1728 3352 ecclesiarum
1787 3287 2144 3354 multarum
2206 3288 2285 3354 de

329 3371 498 3437 meis
543 3370 839 3437 thesibus
895 3372 1199 3456 legerint,
1247 3379 1312 3437 et
1355 3392 1569 3438 meam
1617 3371 1893 3458 denique
1939 3382 2083 3439 tum
2128 3396 2281 3460 sup-

328 3457 750 3541 plicationem
796 3465 935 3522 tum
981 3457 1454 3524 confessionem
1504 3458 1803 3526 viderint.
1889 3462 1976 3527 Ac
2021 3482 2140 3545 per
2183 3469 2282 3526 to-

329 3553 476 3608 tum
520 3543 646 3609 hoc
689 3552 950 3626 tempus
995 3565 1129 3609 non
1173 3553 1513 3610 cessarunt
1548 3566 1669 3628 pro
1710 3547 2132 3613 concionibus
2168 3546 2282 3612 ad-

329 3629 608 3696 versarii
661 3628 730 3693 in
793 3651 913 3700 nos
971 3630 1193 3695 invehi
1254 3632 1645 3714 (suppressis
1711 3640 1934 3698 tamen
2000 3633 2281 3700 nomini-

327 3716 453 3867 Rus
519 3716 828 3799 propriis)
895 3723 962 3780 et
1028 3715 1391 3782 doctrinam
1471 3717 1680 3801 ipsam
1744 3725 1824 3783 ut
1887 3718 2282 3786 haereticam

374 3821 661 3867 amnare.

502 3886 724 3968 Quum
770 3884 1061 3953 viderem
1118 3909 1258 3953 rem
1315 3888 1411 3953 ita
1455 3909 1527 3954 se
1569 3888 1830 3968 habere,
1886 3889 2279 3956 adversariis

329 3972 574 4039 scilicet
615 3972 813 4038 licere
858 3981 1170 4057 perpetuo
1215 3983 1352 4039 tum
1393 3973 1644 4040 Christi
1691 3975 2049 4041 doctrinam
2095 3974 2276 4041 dam·

327 4079 507 4139 nare,
575 4067 716 4123 tum
761 4079 868 4123 me
926 4059 1098 4143 apud
1155 4081 1383 4126 omnes
1443 4069 1511 4126 et
1565 4062 1822 4145 scriptis
1880 4060 2103 4127 multis
2148 4062 2276 4129 huc

328 4153 523 4228 atque
566 4144 725 4211 illuc
769 4165 886 4228 per
921 4145 1350 4213 Germaniam
1396 4148 1658 4232 sparsis,
1705 4155 1773 4213 et
1807 4169 1965 4214 voce
2006 4168 2123 4232 per
2164 4169 2275 4214 ur-

326 4233 476 4298 bem
534 4231 616 4296 ad
670 4230 982 4315 populum
1028 4233 1366 4300 traducere
1384 4285 1399 4313 ,
1459 4233 1625 4298 mihi
1678 4254 1834 4300 vero
1890 4234 2112 4301 omnia
2165 4231 2274 4299 de-

326 4316 638 4383 fensionis
685 4337 870 4381 arma
912 4328 1137 4401 erepta
1182 4340 1353 4385 esse:
1398 4318 1697 4387 consului
1741 4319 1983 4386 amicos
2030 4320 2276 4403 aliquot

326 4424 538 4486 nuper
581 4424 780 4486 quum
836 4424 1046 4470 essem
1089 4405 1526 4484 Francofurti,
1585 4405 1739 4490 quid
1791 4406 1957 4472 mihi
2008 4404 2275 4473 tandem

324 4488 693 4556 faciendum
750 4509 892 4554 esse
946 4491 1376 4558 consulerent.
1481 4493 1856 4559 Probarunt
1920 4513 2135 4558 meam
2196 4491 2275 4558 de

205 4583 209 4588 ’
324 4575 795 4659 protestatione
839 4574 1134 4641 facienda
1169 4578 1580 4658 sententiam,
1627 4599 1825 4663 quam
1870 4577 1987 4645 tibi
2021 4599 2275 4663 quoque

324 4683 444 4745 per
499 4662 585 4727 D.
631 4661 814 4727 Ioan.
868 4662 1239 4728 Gravelium
1264 4665 1323 4747 ⁷)
1390 4664 1943 4749 significaveram:
2009 4664 2124 4731 sed
2183 4665 2275 4729 ita

324 4757 400 4815 ut
465 4748 649 4831 prius
713 4755 855 4812 tum
919 4748 1161 4814 iudicia
1223 4749 1305 4815 ab
1348 4748 1720 4816 Academiis
1784 4757 2068 4835 accepta,
2131 4758 2274 4816 tum

324 4853 506 4900 meas
564 4831 645 4900 de
710 4835 906 4900 rebus
970 4836 1406 4902 controversis
1470 4836 1799 4915 lectiones,
1867 4844 2005 4902 tum
2074 4838 2273 4903 etiam

327 4919 408 4985 de
453 4920 772 4987 ulsionem
846 4919 1326 4987 calumniarum
1392 4943 1586 5005 quam
1652 4921 1956 4988 Dominis
2032 4923 2275 4988 nostris

326 4942 699 5087 exbibuere,
741 5004 1182 5090 imPrimenda
1224 5026 1557 5074 curarem:
1611 5027 1748 5073 non
1792 5006 1970 5073 enim
2012 5029 2120 5074 me
2164 5008 2275 5075 de-

533 5295 594 5367 ⁷)
632 5295 862 5354 Obviam
907 5297 1198 5353 habuimus
1241 5298 1476 5368 aliquem
1520 5296 1614 5358 ἆυ.
1665 5296 1918 5354 Gravellc
1959 5299 2274 5355 ministrum

324 5382 417 5436 ap.
463 5364 765 5435 fremas,
801 5364 866 5421 N.
900 5365 1058 5437 3795,
1094 5382 1277 5423 verum
1313 5383 1390 5423 an
1423 5368 1569 5423 hunc
1601 5365 1750 5424 dicat
1782 5368 2067 5423 nescimus.

2094 433 2256 497 1563
2298 429 2609 498 APRIL.

4222 440 4351 506 ⁷14

2396 620 2549 688 bere
2610 641 2894 706 sperare,
2961 621 3256 688 futurum
3314 630 3388 687 ut
3452 642 3740 707 uuquam
3795 623 4217 707 magistratus
4271 627 4345 694 in

2393 707 2519 772 hac
2571 727 2764 774 causa
2828 706 3074 792 aliquid
3129 709 3549 792 pronunciet:
3612 710 4056 776 necessarium
4121 720 4344 779 tamen

2393 814 2554 874 esse,
2591 801 2666 859 ut
2700 793 2873 877 apud
2898 794 3205 861 ecclesias
3240 794 3454 877 aliquo
3476 793 3669 860 modo
3704 794 4034 862 iustificet.
4095 797 4344 866 Audivi

2393 888 2461 944 et
2505 887 2577 944 ut
2621 879 3081 945 consuluerant
3123 880 3264 961 feci,
3325 880 3438 946 sed
3490 899 3636 948 ecce
3696 900 3900 965 quum
3956 881 4123 948 liber
4166 890 4343 951 totus

2391 964 2532 1031 fere
2577 972 2749 1031 esset
2791 964 2872 1030 ab
2925 964 3198 1047 Oporino
3222 969 3280 1048 ε5)
3326 966 3698 1049 impressus,
3760 965 4014 1031 detecta
4068 988 4175 1035 res
4217 969 4345 1037 fuit

2393 1057 2461 1116 et
2501 1050 2789 1118 indicata
2831 1051 3137 1118 Dominis
3180 1051 3362 1132 meis.
3441 1051 3581 1136 Ipsi
3623 1073 3780 1118 vero
3823 1073 3977 1118 mox
4022 1054 4195 1138 apud
4238 1076 4340 1122 se-

2393 1145 2621 1202 natum
2689 1137 3121 1203 Basiliensem
3200 1138 3593 1218 effecerunt,
3673 1146 3747 1203 ut
3822 1147 3891 1203 et
3966 1141 4340 1223 exemplum

2394 1243 2600 1288 unum
2636 1231 2702 1289 et
2734 1225 2950 1306 ipsum
2984 1217 3353 1308 αόιόγραφον
3394 1223 3477 1289 ad
3521 1244 3592 1290 se
3635 1224 4025 1304 mitteretur,
4071 1225 4341 1310 reliquis

2394 1309 2699 1376 omnibus
2764 1311 2833 1373 in
2897 1308 3146 1374 dolium
3213 1307 3536 1393 quoddam
3603 1309 3929 1375 coniectis.
4009 1310 4342 1378 Viderunt

2392 1394 2683 1474 Domini,
2740 1395 2983 1460 librum
3029 1415 3170 1462 esse
3205 1395 3591 1475 modestum,
3653 1396 3794 1461 sine
3839 1394 3972 1461 ullo
4015 1396 4338 1465 convicio:

2392 1482 2723 1546 neminem
2768 1480 2861 1547 ibi
2901 1482 3250 1559 nominari,
3304 1481 3635 1547 neminem
3677 1481 4051 1566 perstringi,
4095 1484 4337 1549 verita-

2394 1573 2529 1631 tem
2572 1574 2833 1632 tantum
2877 1564 3157 1633 defendi.
3229 1567 3493 1632 Interea
3536 1575 3779 1647 tamen,
3825 1588 3910 1632 an
3952 1569 4337 1651 permissuri

2394 1653 2530 1717 sint
2592 1652 2777 1717 illum
2845 1652 3097 1718 absolvi
3162 1661 3229 1718 et
3290 1653 3358 1718 in
3432 1651 3644 1719 lucem
3710 1652 4010 1736 produci,
4089 1655 4339 1739 ignoro.

2392 1737 2610 1804 Venio
2655 1759 2828 1805 nunc
2871 1737 2953 1802 ad
2997 1738 3253 1803 exitum
3292 1759 3542 1805 causae.

2566 1824 2797 1891 Mense
2840 1826 3188 1907 praeterito
3223 1831 3551 1890 venerunt
3592 1824 3674 1890 ad
3711 1845 3847 1903 nos,
3892 1823 4167 1892 Iacobus
4201 1827 4339 1893 An-

2391 1909 2579 1975 dreae
2613 1910 2971 1995 theologuS,
3010 1917 3079 1974 et
3098 1909 3182 1975 D.
3212 1908 3544 1977 chilianus
3576 1910 3740 1975 iuris
3775 1911 4040 1993 peritus,
4078 1913 4263 1978 missi
4298 1933 4339 1978 a

2407 1994 2856 2081 Wirteberyim,
2905 2004 2972 2059 et
3013 1995 3493 2062 Chunmannus
3537 1995 3992 2063 Plias-bachius
4041 2000 4339 2082 superin-

2394 2081 2688 2163 tendens,
2733 2091 2799 2148 et
2841 2082 3008 2148 alius
3052 2081 3313 2165 quidam
3360 2082 3525 2147 iuris
3570 2081 3792 2162 eritus,
3817 2086 3869 2158 ⁹)
3912 2083 4095 2149 missi
4139 2105 4179 2148 a
4222 2084 4340 2149 Bi-

2380 2170 2669 2250 pontino:
2730 2165 3027 2235 Sulcerus
3086 2188 3339 2252 quoque
3383 2174 3451 2232 et
3645 2168 3767 2247 iae,
3791 2169 3881 2251 ¹⁰)
3925 2169 4111 2235 missi
4154 2190 4194 2234 a
4237 2190 4336 2235 se-

2391 2261 2555 2318 natu
2598 2254 2980 2321 Basiliensi:
3029 2253 3325 2319 accersiti
3369 2274 3526 2319 vero
3571 2273 3798 2319 omnes
3843 2276 3880 2318 a
3925 2257 4160 2320 nostris
4195 2253 4337 2319 Do-

2390 2339 2605 2405 minis.
2688 2339 3005 2406 Adiuncti
3068 2340 3150 2404 iis
3212 2339 3477 2405 fuerunt
3544 2348 3821 2422 quatuor
3885 2361 3967 2404 ex
4032 2341 4339 2406 Dominis

2391 2426 2655 2506 nostris,
2682 2428 2766 2503 ¹¹)
2811 2436 2887 2491 ut
2938 2427 2983 2490 ii
3028 2445 3257 2490 omnes
3309 2425 3791 2491 controversiae
3831 2432 4095 2491 nostrae
4137 2427 4336 2492 finem

2390 2512 2656 2578 tandem
2723 2511 3071 2596 aliquando
3134 2512 3548 2594 imponerent
3611 2510 3912 2594 aliquem.
3994 2511 4101 2577 De
4154 2512 4336 2595 prin-

2391 2598 2557 2682 cipio
2600 2598 2772 2665 facta
2815 2597 2978 2663 mihi
3024 2598 3234 2663 fuerat
3277 2596 3639 2663 certissima
3681 2617 3848 2681 spes,
3893 2603 4010 2662 aut
4045 2597 4336 2682 disputa-

2390 2683 2584 2749 tionis
2629 2692 2744 2750 aut
2786 2685 3021 2751 saltem
3063 2682 3361 2767 colloquii
3407 2703 3556 2748 cum
3601 2681 3878 2750 adversa
3916 2692 4122 2766 parte.
4202 2683 4337 2750 Hic

2388 2790 2524 2854 ego,
2574 2770 2688 2854 qui
2733 2792 2771 2835 a
2816 2769 3114 2836 Palatino
3156 2769 3456 2836 Electore
3499 2770 3825 2834 nemiuem
3871 2769 4146 2833 missum
4190 2790 4333 2835 esse

2388 2853 2706 2935 videbam,
2762 2856 2936 2941 quod
2994 2876 3186 2921 nemo
3240 2855 3437 2920 etiam
3496 2855 3845 2921 accersitus
3886 2853 4040 2919 inde
4086 2854 4329 2934 fuisset,

2392 2941 2638 3024 aliquid
2682 2950 2977 3008 metuere
3020 2941 3220 3025 coepi.
3291 2940 3567 3006 Interim
3603 2947 3828 3005 tamen
3864 2941 4017 3024 quia
4052 2939 4332 3006 fidebam

2392 3026 2665 3092 bonitati
2710 3048 2961 3107 causae,
3018 3035 3087 3092 et
3139 3027 3593 3109 exspectabam
3636 3026 3902 3091 omnino
3945 3024 4331 3110 disputatio-

2385 3134 2540 3179 nem
2586 3124 2701 3179 aut
2743 3113 3151 3197 colloquium,
3201 3111 3479 3179 Stamio
3523 3111 3693 3177 dixi:
3754 3112 3857 3176 Tu
3901 3120 4164 3177 tantum
4207 3131 4329 3197 pro

2386 3209 2503 3264 tua
2544 3198 2894 3284 prudentia
2949 3208 3177 3266 caveto
3242 3211 3309 3263 et
3351 3206 3596 3279 curato,
3655 3205 3731 3262 ut
3784 3218 3997 3283 neque
4054 3198 4331 3265 circum-

2385 3285 2733 3351 veniamur
2794 3305 3008 3369 neque
3070 3284 3535 3368 opprimamur.
3617 3283 3809 3365 Quod
3876 3306 4030 3351 vero
4095 3285 4332 3349 attinet

2385 3371 2469 3437 ad
2513 3371 3035 3456 disputationem,
3079 3370 3258 3436 illius
3292 3391 3458 3436 onus
3501 3370 3664 3435 mihi
3698 3370 4091 3453 permittito:
4139 3369 4331 3435 modo

2385 3457 2689 3525 veniatur
2752 3457 2834 3523 ad
2902 3456 3436 3541 disputationem,
3503 3463 3616 3520 aut
3679 3455 4101 3538 colloquium,
4170 3455 4332 3522 vicit

2384 3544 2648 3609 veritas.
2722 3545 2900 3609 Dum
2936 3562 3092 3610 vero
3126 3562 3234 3607 me
3269 3541 3649 3626 diligentius
3694 3539 3776 3605 ad
3820 3541 4328 3625 disputationem

2383 3650 2719 3713 praeparo,
2786 3630 3253 3712 compositores
3305 3626 3422 3706 illi,
3489 3636 3633 3692 acta
3689 3635 3754 3690 et
3796 3647 4022 3692 omnes
4072 3633 4331 3692 nostras

2382 3715 2785 3799 scriptiones,
2830 3735 2994 3799 quas
3037 3713 3452 3798 magistratui
3495 3710 4017 3793 exhibueramus,
4062 3711 4325 3797 legunt:

2380 3800 2477 3866 Iis
2520 3801 2843 3885 perlectis,
2888 3810 3166 3883 utraque
3208 3820 3364 3883 pars
3408 3797 3535 3863 fuit
3577 3806 3826 3877 vocata,
3873 3796 3991 3864 sed
4035 3799 4327 3865 seorsim.

2382 3886 2561 3968 Quid
2599 3909 2748 3954 cum
2791 3896 2980 3970 parte
3022 3885 3298 3953 adversa
3343 3884 3618 3969 egerint,
3663 3904 3771 3948 me
3812 3882 3993 3950 latet.
4062 3884 4328 3951 Mecum

2381 3993 2536 4038 vero
2579 3983 2855 4056 quatuor
2898 3972 2996 4037 illi
3039 3970 3325 4056 theologi
3369 3968 3790 4036 contulerunt
3833 3977 3974 4034 tum
4020 3969 4102 4035 de
4137 3990 4326 4055 prae-

2380 4058 2828 4138 destinatione,
2874 4066 3017 4124 tum
3063 4057 3143 4123 de
3186 4056 3696 4157 perseverantia.
3768 4053 3996 4137 Quum
4040 4056 4112 4120 in
4148 4065 4331 4122 utro-

2379 4165 2508 4229 que
2565 4144 2838 4211 articulo
2895 4144 3127 4211 fuisset
3179 4143 3314 4208 illis
3358 4161 3491 4207 non
3550 4141 3761 4207 solum
3822 4141 3990 4207 meis
4048 4142 4327 4226 scriptis,

2377 4230 2491 4296 sed
2558 4232 2758 4295 etiam
2811 4251 2850 4296 a
2903 4249 3010 4295 me
3071 4229 3221 4295 viva
3263 4249 3423 4294 voce
3483 4226 3887 4293 satisfactum
3907 4278 3922 4306 ,
3992 4226 4327 4305 dixerunt,

2376 4317 2554 4382 inter
2596 4325 2886 4399 pastores
2929 4330 2997 4381 et
3039 4336 3145 4380 me
3211 4315 3331 4380 hos
3376 4312 3542 4378 duos
3587 4311 3897 4379 articulos
3942 4313 4129 4379 facile
4172 4333 4326 4379 con·

2377 4402 2587 4468 ciliari
2631 4422 2848 4486 posse:
2909 4399 3081 4485 quod
3128 4400 3253 4483 ipsi
3296 4419 3549 4483 quoque
3592 4417 3727 4463 non
3773 4398 4145 4482 improbent
4186 4403 4328 4464 Au-

2376 4489 2737 4575 gustinnm,
2782 4488 3177 4566 Lutherum,
3222 4484 3588 4551 Bucerum:
3648 4503 3989 4568 superesse
4046 4491 4325 4565 tantum,

2377 4581 2454 4640 ut
2516 4573 2597 4642 de
2664 4595 2863 4641 coena
2925 4593 3142 4638 meam
3200 4568 3472 4638 audiant
3536 4570 3948 4636 sententiam.
4022 4569 4154 4637 Hic
4219 4591 4327 4636 me

2376 4681 2590 4726 meam
2656 4659 3014 4745 explicasse
3094 4657 3487 4724 sententiam
3548 4656 3618 4720 in
3682 4675 3828 4720 mea
3900 4656 4323 4737 confessione,

2375 4768 2571 4832 quam
2617 4747 2946 4832 legerunt:
3005 4751 3071 4809 et
3112 4745 3182 4809 in
3226 4741 3608 4827 depulsione
3663 4748 4033 4826 postremae
4076 4743 4324 4809 calum-

2375 4834 2547 4913 niae,
2606 4835 2796 4898 iuxta
2854 4832 3053 4900 verba
3096 4828 3351 4896 Christi
3403 4827 3486 4894 ab
3542 4826 3963 4912 evangelistis
4018 4828 4323 4895 recitata:

2581 5089 2642 5160 8)
2682 5087 2923 5144 Schmidt
2950 5101 3013 5157 p.
3032 5085 3135 5141 659
3164 5085 3236 5153 cf.
3257 5085 3368 5156 Ep.
3401 5084 3480 5140 ad
3496 5081 3837 5140 Holbracum
3871 5081 3925 5138 d.
3961 5081 4015 5165 ᾷ.
4052 5081 4133 5137 13.
4156 5080 4320 5138 Maii.

2379 5151 3949 5294 msssszafffflfflffzfflffimfflffifflm'
3967 5157 4037 5208 ⁸²⁸
4072 5159 4123 5208 ‘²‘
4140 5151 4318 5207 nm.

2552 5294 2641 5364 10)
2686 5295 2903 5352 Ula-icus
2936 5296 3286 5352 concionator
3319 5291 3670 5350 Buaticum.

2548 5365 2642 5431 11)
2677 5378 2908 5434 quorum
2940 5363 3167 5420 nomina
3200 5365 3535 5434 ignoramus.
