4850 6117
664 417 796 476 275

660 619 877 665 unum
931 605 1008 664 ut
1048 596 1261 682 magis
1303 596 1623 663 elucescat
1664 596 1913 662 veritas
1955 604 2021 662 et
2063 594 2314 679 aliquos
2357 616 2615 679 semper

660 682 1163 761 lucrifaciamus,
1206 680 1383 747 aliud
1427 690 1765 766 praeterea
1807 682 1990 748 nihil.
2064 680 2423 766 Inquirunt
2465 680 2616 747 dili-

666 777 899 854 genter
940 768 1176 852 quibus
1218 766 1693 834 conditionibus
1736 767 2015 834 liberum
2070 775 2137 835 et
2177 766 2616 834 christianum

664 853 1012 920 concilium
1054 852 1489 921 definiamus?
1544 852 1675 922 Hic
1718 873 1755 920 e
1836 873 1875 919 o
1917 852 2103 920 nobis
2146 853 2273 920 erit
2311 851 2616 920 laboran-

665 939 820 1006 dum
866 947 931 1005 et
972 959 1130 1024 rogo
1173 947 1249 1005 ut
1290 958 1412 1004 nos
1455 945 1571 1005 tuo
1613 959 1735 1006 con
1774 940 1788 955 ‘
1824 940 1882 1006 ‘o
1915 939 2123 1023 primo
2156 959 2414 1024 quoque
2447 947 2615 1006 tem·

663 1044 821 1109 pore
864 1023 1150 1094 adiuves.

834 1109 1143 1178 Edictum
1168 1110 1254 1193 ¹⁴)
1304 1110 1655 1195 Rotomagi
1710 1109 2195 1196 promulgatum
2254 1120 2370 1191 est,
2423 1111 2615 1178 Pari-

664 1197 910 1263 sienses
953 1195 1168 1262 adhuc
1210 1196 1526 1262 resistunt
1569 1216 1780 1278 neque
1824 1195 2093 1263 dubium
2137 1204 2239 1263 est
2289 1197 2451 1281 quin
2495 1197 2612 1263 ali-

665 1280 874 1349 cunde
915 1281 987 1347 in
1032 1282 1155 1348 hac
1195 1283 1556 1365 pertinacia
1598 1283 2082 1349 confirmentur.
2139 1283 2346 1349 Miser
2387 1282 2500 1349 ille
2526 1286 2610 1359 ¹¹⁵)

662 1369 795 1433 iam
838 1387 1106 1451 prorsus
1163 1375 1262 1433 est
1313 1366 1607 1450 perditus
1663 1375 1732 1433 et
1785 1369 2006 1434 omnia
2057 1388 2277 1435 secum
2339 1368 2613 1454 perdere

664 1453 1021 1520 constituit.
1080 1452 1372 1520 Uxorem
1416 1452 1744 1533 amandat,
1785 1452 2197 1521 Posidonium
2239 1454 2346 1523 cui
2388 1456 2614 1521 omnia

663 1538 857 1604 debet
899 1540 1013 1606 vix
1056 1539 1299 1604 intueri
1340 1539 1635 1606 sustinet.
1710 1542 2154 1607 Accersuntur
2195 1541 2611 1627 Letharingi.

641 1625 966 1709 'Denique
1020 1633 1310 1691 extrema
1364 1625 1587 1692 omnia
1640 1625 1710 1691 in
1768 1646 1890 1692 nos
1960 1635 2418 1711 comparantur
2435 1678 2451 1705 ,
2519 1629 2615 1693 ita

664 1711 876 1794 placet
894 1710 1185 1776 Domino
1207 1710 1521 1796 gaudium
1542 1717 1835 1777 nostrum
1860 1720 2244 1795 temperare.
2273 1709 2614 1799 [Nostram

662 1796 843 1862 illam
886 1791 1296 1882 Αὖτωιράτορα
1323 1796 1408 1877 ¹⁶)
1452 1805 1704 1862 certum
1758 1804 1859 1863 est
1907 1807 2097 1863 extra
2152 1798 2409 1882 culpam
2469 1819 2612 1865 esse

666 1890 733 1947 et
773 1882 916 1948 istis
958 1884 1241 1949 maxime
1285 1881 1568 1970 offendi].
1637 1881 1983 1967 Utcunque
2027 1882 2116 1949 sit
2159 1883 2376 1952 Deum
2420 1904 2612 1967 spero

665 1968 976 2035 victorem
1017 1967 1173 2048 fore,
1211 1976 1280 2034 et
1314 1989 1435 2035 nos
1464 1969 1735 2046 interea,
1779 1967 1892 2034 illo
1928 1968 2208 2049 favente,
2242 1989 2608 2055 pergemus.

659 2053 923 2121 Interea
965 2053 1083 2121 tibi
1138 2053 1564 2139 cogitandum
1606 2054 1921 2139 relinque,
1966 2054 2201 2139 quibus
2260 2056 2454 2135 curis,
2515 2056 2611 2122 la-

657 2140 926 2206 boribus
970 2146 1036 2205 et
1071 2139 1397 2206 doloribus
1433 2140 1787 2220 excrucier,
1825 2148 1899 2206 ut
1933 2138 2151 2207 Deum
2184 2142 2441 2226 precari
2475 2163 2609 2208 non

660 2225 919 2293 desinas
965 2224 1172 2291 donec
1205 2226 1394 2292 vobis
1435 2226 1761 2292 restituar.
1818 2224 2035 2308 Quam
2081 2227 2466 2294 diuturnum
2508 2229 2611 2293 fu-

659 2320 885 2377 turum
921 2311 1010 2377 sit
1029 2310 1152 2377 hoc
1191 2311 1601 2395 colloquium,
1648 2320 1713 2378 et
1757 2332 1924 2395 quae
1961 2312 2098 2379 sint
2129 2312 2609 2397 subsequutura

659 2399 896 2475 nesci0,
957 2394 1074 2462 sed
1126 2416 1233 2461 me
1287 2404 1500 2462 totum
1559 2395 1704 2464 Deo
1762 2398 2116 2465 committo.
2232 2397 2609 2488 Gondmsem

657 2483 925 2549 morbus
987 2481 1370 2566 repentinus
1426 2503 1632 2565 paene
1690 2483 1879 2550 nobis
1941 2484 2216 2551 abstulit
2268 2486 2608 2552 Lutetiae:

659 2566 803 2632 heri
849 2567 1082 2634 lectica
1137 2567 1267 2633 huc
1318 2568 1628 2652 perlatus,
1684 2569 1913 2653 incipit
1966 2570 2208 2637 habere
2264 2572 2496 2638 melius
2541 2579 2608 2637 et

658 2653 990 2718 affirmant
1029 2652 1262 2720 medici
1308 2663 1495 2720 extra
1537 2656 1895 2739 periculum
1940 2676 2099 2723 esse.
2129 2657 2212 2742 ¹⁷)

828 2739 974 2824 Ego
1020 2760 1224 2824 neque
1266 2761 1532 2824 prorsus
1576 2740 1779 2821 valen,
1824 2763 2032 2825 neque
2076 2742 2271 2808 etiam
2314 2750 2602 2828 aegroto,

656 2823 769 2892 sed
812 2824 1065 2891 medius
1108 2824 1377 2909 pendeo,
1401 2826 1483 2910 ¹⁸)
1546 2825 1786 2907 [Valde
1827 2827 2004 2895 inter
2044 2836 2297 2896 caetera
2340 2850 2447 2895 me
2491 2850 2605 2895 ex-

654 2912 903 2978 cruciat
966 2913 1173 2996 patris
1238 2909 1628 2979 desiderium
1706 2913 1816 2997 qui
1880 2933 2151 2980 uxorem
2214 2916 2605 2983 amicissime

655 3005 992 3081 exceptam
1038 2996 1120 3064 ad
1163 3018 1269 3064 me
1311 2997 1647 3065 Lutetiam
1691 2997 1882 3066 misit.
1973 3000 2141 3067 Eam
2184 3009 2405 3068 tamen
2442 3023 2605 3067 non-

657 3081 815 3147 dum
857 3081 1014 3160 vidi,
1061 3104 1180 3150 nec
1223 3084 1480 3168 quando
1524 3085 1648 3150 sim
1696 3087 1953 3153 visurus
1997 3087 2148 3153 scic.
2238 3089 2329 3153 Et
2373 3086 2452 3154 de
2496 3087 2605 3153 his

656 3167 916 3251 quidem
962 3169 1296 3237 hactenus.
1363 3169 1801 3237 Normandius
1842 3179 2065 3239 noster
2106 3172 2301 3239 rebus
2344 3173 2603 3241 infectis

657 3252 742 3319 ad
784 3273 937 3319 suos
979 3254 1192 3333 rediit,
1250 3262 1324 3320 ut
1366 3256 1689 3340 tantisper
1729 3255 1886 3323 dum
1942 3260 2344 3342 tempestatis
2400 3260 2600 3327 huius

658 3338 874 3405 exitus
917 3340 1251 3424 apparebit
1301 3363 1406 3408 res
1466 3364 1617 3409 suas
1660 3351 1992 3428 utcunque
2035 3353 2395 3429 componat,
2448 3367 2603 3412 mox

656 3446 1042 3492 reversurus
1100 3434 1166 3491 et
1216 3428 1650 3494 restitutionis
1709 3428 1995 3513 diploma
2060 3431 2117 3497 si
2185 3432 2322 3496 fieri
2396 3433 2603 3513 possit

658 3512 1142 3594 impetraturus.
1215 3512 1377 3579 Eius
1420 3513 1641 3579 literas
1685 3512 1769 3579 ad
1808 3525 1874 3580 te
1908 3516 2115 3580 mitto.
2197 3514 2477 3600 Scripsit
2519 3516 2602 3581 ad

656 3616 765 3661 me
824 3596 889 3662 V
1174 3598 1214 3661 ‘i
1236 3601 1324 3681 ¹⁹)
1366 3600 1572 3664 nostri
1632 3598 1849 3678 vidua,
1909 3608 1986 3665 ιιι
2043 3622 2160 3685 pro
2216 3624 2285 3668 se
2344 3601 2602 3670 Posido—

653 3685 835 3747 nium
864 3682 1119 3766 interpe
1171 3705 1369 3762 arem,
1414 3683 1584 3767 quod
1616 3684 1848 3751 faciam
1872 3707 2067 3769 quam
2104 3687 2602 3773 diligentissime

655 3778 899 3853 potere,
947 3777 1011 3834 et
1055 3770 1185 3834 iam
1265 3770 1688 3836 raestitissem
1725 3771 1852 3838 nisi
1896 3793 2039 3838 sero
2084 3776 2474 3858 accepissem
2508 3775 2604 3859 ip-

654 3855 793 3921 sius
835 3853 1112 3942 literas]
1279 3874 1401 3921 ene
1444 3854 1606 3935 vale,
1651 3858 1741 3922 mi
1786 3865 1971 3942 pater
2004 3867 2069 3925 et
2115 3867 2298 3925 tuum
2342 3859 2598 3938 Bezam,

762 4012 909 4020 *⁴-m
976 4014 1011 4019 --

829 4093 894 4146 14
958 4090 1040 4146 17.
1078 4094 1356 4149 Ianuarii.

833 4161 896 4215 15
954 4162 1210 4233 [antiquet
1231 4162 1347 4218 Gal.
1370 4164 1534 4220 Febr.
1570 4164 1661 4230 (11.
1698 4164 1854 4227 201).·
1888 4166 2164 4222 Navarrus
2199 4184 2258 4224 se
2294 4171 2401 4224 iam
2439 4171 2601 4224 nimis

658 4231 897 4284 molliter
928 4232 1085 4301 gerit.
1158 4232 1311 4288 Idem
1358 4233 1533 4290 VIII.
1584 4233 1698 4289 Gal.
1746 4234 1918 4290 Mart.
1970 4251 2030 4304 p.
2077 4234 2211 4290 204.-
2260 4237 2325 4292 N.
2386 4239 2602 4296 videtur

659 4298 887 4352 alienior
921 4317 953 4352 a
993 4301 1191 4354 nostris
1238 4319 1397 4371 quam
1433 4303 1553 4358 fuit.
1633 4303 1862 4357 Simulat
1907 4320 1966 4358 se
2011 4307 2148 4360 velle
2194 4308 2475 4376 coniugem
2516 4324 2601 4361 re·

659 4367 877 4420 mittere
925 4368 979 4420 in
1026 4370 1392 4438 Aquitaniam,
1448 4387 1514 4426 eo
1559 4371 1705 4441 quod
1750 4373 1806 4426 in
1856 4372 1957 4426 bac
2002 4389 2162 4428 causa
2207 4376 2482 4444 religionis
2529 4378 2602 4431 sit

658 4435 960 4490 ferventior
1010 4454 1108 4491 nec
1167 4440 1458 4509 quidquam
1514 4441 1570 4494 in
1616 4441 1731 4494 eius
1774 4442 2007 4511 gratiam
2053 4443 2393 4499 dissimulare
2453 4447 2603 4501 velit.

662 4504 836 4557 Aiunt
867 4504 987 4558 fieri
1019 4506 1069 4559 ei
1104 4508 1174 4560 ab
1207 4507 1450 4578 Hispano
1486 4514 1543 4563 et
1568 4508 1827 4564 Pontifice
1862 4526 2012 4581 spem
2048 4513 2410 4568 restitutionis
2445 4515 2601 4584 regni

660 4572 939 4626 Navarrae
975 4580 1069 4627 aut
1102 4576 1322 4631 alicuius
1357 4579 1532 4631 iustae
1566 4579 2030 4649 compensationis.
2101 4580 2159 4634 Si
2205 4588 2289 4635 est
2335 4590 2449 4636 tam
2485 4600 2601 4637 cre·

661 4642 819 4695 dulus
865 4647 922 4695 et
954 4642 1123 4696 facilis
1166 4651 1227 4698 ut
1271 4645 1374 4700 hoc
1415 4648 1522 4700 sibi
1565 4647 1882 4715 persuaderi
1916 4649 2170 4718 patiatur,
2223 4668 2329 4705 non
2381 4669 2601 4722 possum

660 4713 951 4832 ῧιέιιᾶὲαξίε
985 4711 1467 4834 ξξιὲῗὲὲτφιιιιιινίε
1503 4732 1610 4769 non
1638 4716 1857 4771 credam
1876 4733 1993 4771 esse
2018 4734 2147 4773 vera
2164 4720 2425 4790 pleraque
2463 4738 2601 4790 quae

833 4845 926 4912 16)
968 4848 1237 4917 Reyinam
1280 4855 1518 4904 matrem.
1600 4853 1751 4908 Besa
1802 4856 1934 4909 haec
1981 4856 2321 4924 macenavit,
2370 4860 2509 4914 sicut
2555 4864 2605 4914 et

661 4916 776 4969 alia
808 4917 1072 4985 quaedam
1109 4918 1277 4985 infra,
1313 4934 1449 4987 quae
1482 4922 1544 4973 in
1578 4921 1698 4977 edd.
1738 4939 1849 4978 non
1882 4924 2147 4994 lequnwr.

834 4983 929 5050 17)
966 4983 1178 5040 Eadem
1209 4987 1379 5053 refert
1411 4987 1663 5057 Lanam
1696 4991 1729 5045 1.
1767 4992 1800 5045 l.

836 5053 918 5120 18)
944 5055 1071 5134 ,Ego
1120 5095 1130 5106 .
1172 5096 1184 5108 .
1224 5096 1237 5110 .
1289 5055 1458 5124 ipsius
1502 5057 1705 5112 literas.
1795 5060 1908 5116 Pro
1966 5062 2054 5117 lois
2098 5066 2420 5134 apoqrapka
2467 5066 2605 5121 mm

660 5122 856 5178 habent
890 5126 1004 5177 nisi
1045 5123 1203 5179 haec:
1251 5124 1307 5179 Si
1355 5141 1591 5193 unquam
1636 5128 1768 5181 alias
1816 5147 1954 5184 nunc
2001 5133 2232 5186 maxime
2279 5152 2365 5188 me
2411 5140 2468 5188 et
2514 5151 2603 5192 res

661 5207 806 5244 meas
842 5191 957 5246 Deo
994 5194 1323 5247 commenda.

832 5259 919 5324 19)
953 5262 1358 5317 coniurationis
1392 5264 1759 5319 Ambacianae
1786 5268 2063 5337 particeps
2104 5269 2215 5335 fuit
2251 5275 2299 5325 et
2334 5272 2604 5340 supplicio

654 5329 896 5395 affectus.
971 5327 1164 5396 (mm.
1201 5331 1267 5387 de
1306 5330 1490 5388 Gonde'
1522 5331 1562 5386 Ι.
1597 5330 1741 5400 327.)

2172 406 2696 475 EPIS'POLAE
2744 409 3166 473 3709-3712

4522 411 4626 475 276

2716 598 2772 661 si
2815 616 3106 679 unquam
3140 594 3319 675 alias,
3364 592 3651 662 Domino
3692 592 4091 663 commenda.
4162 594 4628 679 Amplissimum

2716 687 3021 748 senatum
3055 700 3205 747 cum
3238 680 3365 749 coll
3450 680 3466 695 '
3547 687 3614 747 et
3655 679 3882 748 amicis
3903 679 4206 750 omnibus
4232 701 4393 766 rogo
4415 690 4489 747 ut
4505 703 4630 750 meo

2715 768 2981 834 nomine
3024 766 3287 835 salutes.
3437 768 3695 834 ominus
3737 765 3924 834 Iesus
3968 786 4085 833 vos
4119 765 4476 834 incolumes
4514 788 4629 836 ser-

2717 862 2846 921 vet.
2933 853 3041 919 Ex
3077 851 3533 938 Sangermano
3576 852 3788 937 primo
3832 850 3936 918 die
3979 850 4341 919 Februarii.

4071 990 4253 1056 Tuus
4295 989 4484 1056 Beza.

2886 1194 2968 1259 D.
3018 1192 3442 1261 Marehionem
3484 1213 3643 1279 rogo
3681 1201 3758 1259 ιιι
3791 1195 4182 1261 nominatim
4227 1194 4468 1262 salutes
4508 1215 4633 1262 meo

2714 1280 2996 1360 nomine,
3087 1299 3237 1346 uem
3280 1281 3537 1346 utinam
3589 1285 3808 1347 servet
3851 1280 4192 1349 Dominus.
4291 1279 4636 1348 Azbreohm

2714 1373 2782 1432 et
2823 1386 2942 1451 ego
2989 1365 3054 1431 la
3138 1385 3362 1433 ramus
3408 1367 3476 1431 in
3520 1366 3897 1449 pecuniaria
3945 1366 4061 1434 illa
4100 1386 4312 1447 causa,
4374 1363 4482 1432 sed
4525 1367 4634 1432 iam

2712 1451 2876 1517 mihi
2918 1451 3139 1518 nullus
3181 1450 3266 1517 ad
3306 1450 3632 1535 perditum
3679 1452 3864 1518 illum
3910 1473 4204 1521 accessus
4256 1459 4456 1537 patet,
4507 1472 4634 1535 par·

2716 1538 2835 1603 tim
2869 1535 3039 1621 quod
3082 1538 3339 1620 refugit,
3383 1537 3622 1621 partim
3668 1539 3972 1622 quoniam
4015 1559 4171 1624 prae
4212 1537 4636 1625 indignatione

2715 1624 2832 1691 vix
2868 1623 3158 1690 sustineo
3201 1622 3387 1689 illum
3425 1624 3733 1708 aspicere.
3756 1627 3847 1702 ²⁰)

3495 1932 3902 1945 n*—

3600 2253 3794 2324 871⁰.

2873 2406 3417 2476 VERGERJUS
3462 2408 3690 2476 DUOI
3733 2406 4484 2477 OHRISTOPHOBO.

2888 2578 3119 2645 Tradit
3179 2578 3372 2647 obiter
3433 2580 3733 2648 normuzla
3796 2600 4002 2648 seeum
4065 2602 4142 2649 ex
4196 2580 4482 2649 Helvetia
4531 2601 4633 2667 per

2708 2665 2926 2731 literas
2966 2666 3437 2732 communicata.

2706 2835 3063 2906 (Excerptum
3109 2852 3179 2891 ex
3225 2853 3348 2906 epp.
3384 2853 3447 2956 1⁸8
3447 2837 3618 2959 Ίὲίιέεᾶ
3620 2836 3787 2974 1ξὲοὲ
3837 2838 4071 2976 ξραὸιςίθι·
4115 2847 4170 2894 et
4213 2839 4409 2894 Schott
4454 2839 4630 2908 Stuttg.

2708 3158 3021 3228 Scribunt
3073 3160 3157 3226 ad
3213 3182 3319 3227 me
3374 3183 3457 3228 ex
3533 3162 3850 3229 Helvetia
3917 3163 3997 3229 de
4076 3163 4236 3230 duce
4298 3163 4633 3234 Sabaudiae

2705 3247 2817 3330 qui
2859 3266 3055 3330 quum
3101 3247 3162 3313 ei
3210 3256 3406 3312 natus
3447 3248 3676 3315 fuisset
3716 3248 4047 3316 masculus
4090 3248 4476 3317 adiunxerit
4526 3250 4630 3316 sibi

2704 3332 2956 3416 Papam
3009 3340 3075 3397 et
3121 3331 3511 3416 Philippum,
3572 3342 3649 3399 ut
3708 3333 3874 3401 bello
3932 3341 4258 3419 repeteret
4310 3358 4481 3421 quae
4524 3335 4630 3403 sibi

2703 3417 2969 3484 fuerunt
3011 3438 3051 3483 a
3093 3440 3297 3504 regno
3343 3418 3600 3486 Galliae
3637 3421 3981 3503 promissa:
4020 3422 4328 3501 scribunt,
4366 3424 4630 3508 inquam,

2704 3503 2883 3656 (ἓξὲξ.
2903 3504 3028 3570 hac
3072 3505 3406 3656 occasi’one
3434 3505 3604 3655 bellfi.
3646 3513 3950 3658 mgtuunt
3981 3527 4261 3660 ‘magbmll
4276 3515 4344 3572 et
4387 3510 4526 3659 cito.
4568 3505 4630 3573 Si

2857 3610 3049 3672 ippus
3091 3611 3173 3657 ne
3343 3613 3413 3658 se
3468 3612 3550 3657 ve
3603 3612 3640 3656 e
3751 3612 4077 3658 ermamae
4175 3614 4211 3659 e
4264 3615 4377 3659 um
4453 3614 4615 3661 acere

2700 3675 2997 3742 fortassis
3036 3676 3158 3742 hoc
3176 3610 3527 3762 8ἰειῇιιειΙΙὶςθι
3568 3676 3741 3761 quod
3784 3677 3951 3746 nolit
3993 3687 4171 3746 recta
4211 3680 4337 3764 ipsi
4374 3643 4630 3747 Germa:

2703 3762 2878 3842 niae,
2934 3760 3045 3826 sed
3114 3760 3260 3827 aliis
3318 3763 3429 3846 qui
3486 3761 3758 3830 eandem
3814 3763 4195 3849 religionem
4260 3775 4419 3832 sunt
4477 3786 4630 3834 ccm-

2700 3847 2899 3931 plexi,
2945 3848 3067 3913 sub
3113 3847 3240 3912 alio
3284 3855 3503 3914 tamen
3549 3857 3910 3933 praetextu.

2872 3931 3166 3998 Helvetii
3247 3932 3486 3999 dietam
3564 3933 3897 4001 celebrant
3971 3936 4037 4002 in
4104 3936 4418 4020 Rapesvil
4477 3939 4631 4003 intra

2704 4018 3029 4102 Tigurum
3081 4030 3146 4084 et
3199 4022 3449 4085 curiam
3507 4020 3959 4101 Rhaetiarum,
4017 4022 4100 4087 ad
4155 4042 4348 4106 quam
4410 4021 4629 4089 dietam

2703 4105 3028 4171 accessuri
3086 4114 3244 4170 sunt
3292 4106 3417 4190 ipsi
3459 4105 3706 4171 Rhaeti
3764 4128 3878 4173 seu
3938 4107 4273 4174 Grisones.
4375 4109 4440 4174 N
4440 4130 4524 4175 on
4563 4107 4628 4172 li·

2702 4190 2949 4270 benter,
3018 4190 3230 4271 audio,
3302 4214 3385 4258 ne
3443 4191 3739 4260 fortassis
3790 4194 4217 4261 involvantur
4280 4204 4345 4261 et
4448 4204 4629 4261 ertra-

2703 4275 2952 4342 hantur
2991 4275 3203 4360 aliquo
3246 4277 3438 4343 modo
3478 4278 3560 4344 ad
3593 4279 3965 4345 societatem
3997 4279 4154 4346 belli
4189 4300 4308 4364 pro
4334 4280 4399 4347 P
4435 4282 4625 4363 ilem.

2702 4360 2940 4428 Nullus
2983 4367 3084 4427 est
3118 4362 3484 4430 Galliarum
3530 4365 3784 4449 legatus
3828 4386 4002 4432 nunc
4039 4367 4107 4430 in
4153 4374 4289 4431 tota
4322 4366 4626 4446 Helvetia,

2703 4456 2781 4513 ut
2824 4468 3033 4532 neque
3075 4448 3146 4514 in
3187 4448 3490 4517 Rhaetia.
3589 4451 3761 4517 Nam
3811 4449 3894 4517 Co
4045 4453 4137 4518 'us
4193 4454 4303 4536 qui
4361 4453 4520 4519 solet
4568 4452 4626 4515 in

2701 4534 3011 4601 Helvetia
3065 4534 3318 4619 degere,
3388 4538 3459 4601 in
3518 4535 3738 4604 Gallia
3796 4557 3970 4603 nunc
4024 4547 4140 4616 est,
4201 4538 4375 4604 unde
4432 4547 4625 4604 tamen

2703 4629 3151 4703 exspectatur:
3199 4642 3350 4686 nam
3393 4643 3510 4703 per
3545 4631 3823 4705 quatuor
3866 4644 4127 4690 menses
4170 4625 4371 4692 abest.

2877 4705 3186 4772 Genevae
3230 4707 3442 4790 capite
3485 4708 3718 4791 plexus
3777 4709 3905 4774 fuit
3949 4710 4249 4776 minister
4290 4711 4472 4777 verbi
4517 4707 4625 4776 Dei

2705 4790 2939 4857 Gallus
2986 4792 3098 4875 qui
3144 4790 3222 4858 de
3267 4793 3562 4858 trinitate
3607 4795 3777 4860 male
3815 4794 4163 4862 videbatur
4206 4799 4466 4863 sentire.
4511 4791 4623 4861 Sed

2703 4878 2866 4943 istae
2921 4896 3168 4960 poenae
3233 4878 3544 4961 capitales
3600 4880 3761 4954 mihi
3831 4902 3966 4947 non
4028 4889 4303 4963 possunt
4418 4883 4621 4950 lacere.

2703 4963 2854 5029 Non
2889 4962 3333 5029 inconsultum
3381 4962 3711 5031 videretur
3746 4974 3821 5031 ut
3853 4968 3962 5050 qui
3997 4974 4223 5051 peccat
4257 4969 4322 5032 in
4417 4989 4491 5034 oc
4529 4985 4622 5050 ge·

2704 5070 2862 5115 nere
2918 5049 3284 5115 carceribus
3342 5052 3919 5136 constringeretur,
3977 5074 4059 5119 ne
4118 5053 4277 5118 alios
4335 5054 4621 5124 inficeret,

2704 5135 2860 5201 dum
2905 5134 3299 5200 sententiam
3345 5144 3646 5202 mutaret.

2876 5336 2971 5405 20)
3011 5336 3202 5395 Etiam
3236 5342 3333 5398 hoc
3370 5339 3436 5399 P.
3476 5340 3530 5397 Β.
3568 5343 3714 5399 abent
3749 5345 3818 5400 ab
3852 5342 3973 5399 edd.
