4850 6117
598 418 733 482 451

598 601 1032 689 Appelhrem
1091 598 1214 664 hoc
1269 596 1410 662 looo
1465 593 1708 663 bonum
1762 594 1950 661 illum
1991 592 2376 678 Philippum
2420 594 2564 659 Me-

608 687 1048 764 lancthonem,
1094 683 1154 749 si
1195 687 1528 767 superstes
1570 681 1644 747 in
1689 682 1880 747 terris
1924 679 2139 746 adhuc
2183 686 2373 758 esset,
2415 700 2567 746 cum

611 794 743 858 quo
787 773 868 838 de
902 779 1017 838 tua
1049 770 1121 841 in
1155 770 1412 854 Regem
1448 767 1806 834 offensione
1861 765 2074 832 multa
2108 764 2462 833 contulisti.
2477 769 2565 842 ¹³)

601 861 710 926 At
763 859 879 924 ille
935 866 1072 923 tam
1114 856 1285 938 Regi
1338 854 1608 933 amicus,
1662 873 1858 937 quam
1914 860 1986 918 tu
2049 851 2330 918 infestus
2398 871 2563 917 eras.

605 943 809 1027 Quid,
854 943 1085 1027 inquit,
1130 941 1324 1016 Beza,
1370 947 1486 1006 aut
1520 959 1833 1023 quorsum
1877 939 1976 1003 tui
2011 946 2144 1003 tam
2188 939 2567 1021 importuno

605 1040 879 1113 tamque
927 1026 1293 1113 periculoso
1350 1035 1643 1176 tempore
1700 1024 1874 1110 Regi
1938 1023 2207 1101 solicito,
2263 1024 2567 1105 curisque

611 1115 1026 1202 gravioribus
1091 1131 1406 1196 suspenso
1510 1118 1813 1178 acessunt
1876 1110 2209 1194 negotium
2237 1108 2270 1172 ⁰?
2394 1109 2567 1175 Cum

612 1201 781 1282 nihil
836 1201 910 1265 in
955 1198 1318 1266 Germania
1368 1196 1825 1281 promovisses,
1885 1203 2109 1262 tamen
2166 1217 2250 1261 ne
2292 1195 2567 1278 impune

613 1287 747 1371 [fol.
799 1285 907 1374 16]
956 1294 1218 1352 tuorum
1279 1283 1524 1350 scelera
1567 1282 1772 1367 Regis
1815 1282 2180 1348 authoritas
2224 1280 2565 1347 ulciscere-

612 1383 738 1450 tur,
778 1372 860 1438 ab
916 1371 1117 1439 armis
1162 1369 1245 1437 ad
1288 1368 1576 1448 insidias,
1623 1389 1664 1434 a
1703 1368 1902 1434 minis
1946 1367 2028 1434 ad
2073 1367 2368 1434 convicia
2410 1387 2565 1432 con-

611 1458 870 1545 fugisti:
917 1468 996 1523 ut
1037 1477 1231 1540 quem
1275 1454 1407 1521 telo
1452 1452 1693 1520 adoriri
1736 1475 1867 1521 non
1911 1463 2188 1538 poteras,
2232 1472 2395 1519 voce
2440 1452 2565 1516 lin·

611 1564 870 1629 guaque
935 1543 1329 1609 vulnerares.
1454 1541 1815 1606 Testantur
1873 1540 1997 1606 hoc
2062 1545 2387 1606 venenata
2452 1535 2567 1603 illa

613 1630 909 1697 carmina
974 1627 1055 1694 de
1117 1629 1356 1693 iuvene
1420 1624 1821 1711 presbytero,
1887 1625 2068 1692 molli
2123 1624 2425 1702 foemina,
2486 1622 2566 1689 de

613 1717 833 1795 Anna,
887 1716 968 1780 de
1010 1714 1231 1779 Diana
1254 1715 1337 1793 ¹⁶)
1385 1717 1564 1790 (utor
1605 1713 1781 1778 enim
1825 1712 1954 1777 tuis
1999 1710 2236 1790 verbis,
2278 1732 2364 1776 ne
2407 1707 2566 1792 quid

611 1822 718 1867 me
762 1807 951 1885 putes
992 1797 1425 1875 comminisci)
1469 1819 1636 1881 quae
1694 1796 1954 1881 quidem
2001 1798 2131 1862 tuis
2175 1794 2567 1862 satellitibus

690 1906 764 1952 ar
847 1886 994 1965 nda,
1050 1884 1237 1970 quasi
1291 1883 1557 1950 hamata
1614 1884 1748 1949 tela
1789 1881 2108 1950 vibranda
2150 1880 2566 1967 suggerebas.

611 1906 719 2054 ⁸qu
847 1992 1043 2056 quam
1087 1991 1220 2036 non
1263 1970 1454 2036 modo
1497 1989 1538 2033 a
1581 1968 1962 2035 Christiano
2005 1967 2289 2047 doctore,
2333 1967 2449 2034 sed
2486 1966 2566 2031 ab

609 2057 872 2129 homine
907 2056 1181 2124 barbaro
1217 2055 1307 2121 sit
1340 2054 1650 2135 alienum,
1687 2054 1863 2121 haud
1901 2054 2096 2121 dubie
2128 2054 2567 2138 cognovisses,

609 2144 668 2209 si
724 2142 878 2226 quid
935 2141 1253 2208 modestia
1312 2141 1608 2224 imperet,
1665 2140 1825 2225 quid
1881 2140 2030 2207 iura
2079 2141 2366 2220 iubeant,
2411 2135 2568 2221 quid

608 2228 913 2295 Christus
936 2226 1221 2306 mandet,
1268 2226 1420 2310 quid
1459 2226 1671 2293 civilis
1692 2226 2033 2293 hominum
2055 2226 2329 2292 societas
2350 2224 2567 2308 requi·

606 2322 729 2394 rat,
752 2333 1144 2398 cognoscere
1165 2332 1456 2396 unquam
1480 2311 1813 2378 voluisses.
1860 2312 2106 2387 Nescis,
2131 2312 2327 2389 Beza,
2351 2310 2567 2377 nescis

607 2419 740 2465 non
757 2399 969 2466 levius
990 2420 1133 2466 6666
1155 2399 1498 2483 flagitium,
1522 2399 1764 2463 famam
1790 2398 2152 2476 hominum,
2174 2397 2419 2463 nedum
2437 2397 2564 2462 Re-

610 2505 770 2569 gum
806 2490 872 2552 et
915 2486 1328 2569 optimatum,
1364 2482 1809 2549 maledicendo
1854 2492 1920 2548 et
1953 2482 2414 2551 calumniando
2453 2480 2564 2547 de-

605 2569 916 2653 peculari,
972 2590 1166 2654 quam
1226 2589 1460 2634 manus
1515 2569 1840 2636 violentas
1898 2569 2162 2636 illorum
2218 2568 2415 2635 saluti
2468 2568 2563 2634 af-

607 2654 820 2721 ferre?
845 2677 1044 2740 quam
1061 2664 1285 2739 pectus
1305 2655 1439 2721 telo
1457 2654 1843 2722 confodere?
1863 2656 2048 2740 Lege
2057 2654 2564 2722 Iurisconsulto·

611 2761 762 2806 rum
818 2762 1126 2825 responsa
1182 2739 1261 2807 de
1312 2741 1576 2807 famosis
1612 2739 1886 2807 libellis:
1943 2740 2089 2826 lege
2131 2742 2202 2806 in
2238 2761 2382 2806 eam
2423 2761 2566 2806 rem

609 2827 1125 2907 commentarios,
1182 2846 1343 2911 quos
1400 2847 1613 2910 nuper
1656 2827 1728 2891 in
1788 2825 2138 2894 Calvinum
2199 2825 2566 2892 doctissime

610 2912 979 2981 Balduinus
1045 2913 1338 2997 scripsit:
1373 2916 1429 2953 ¹⁷
1537 2921 1602 2979 et
1667 2913 1726 2977 si
1791 2914 1909 2991 vis,
1976 2911 2131 2996 quid
2199 2912 2564 2979 Christiani

611 2998 845 3065 deinde
888 2998 1224 3077 Caesares,
1284 2999 1399 3082 qui
1489 2997 1814 3078 Christus,
1874 2997 2033 3083 quid
2086 2997 2358 3082 apostoli
2411 3019 2564 3065 cen-

610 3085 882 3163 suerint,
944 3086 1160 3151 animo
1207 3084 1434 3151 sedato
1489 3084 1859 3151 considera:
1922 3084 2148 3164 disces,
2195 3093 2271 3150 ut
2311 3083 2564 3169 opinor,

610 3191 746 3235 non
791 3169 1260 3250 Christianum,
1306 3169 1420 3236 sed
1461 3170 1860 3254 Epicureum
1903 3192 2064 3251 esse,
2108 3172 2202 3236 ita
2240 3171 2563 3247 ferociter,

608 3257 707 3322 ita
749 3276 976 3340 aspere
1018 3257 1299 3340 optimos
1353 3275 1643 3341 quosque
1700 3256 2066 3323 maledictis
2110 3258 2330 3342 figere,
2374 3276 2564 3339 prae-

610 3343 839 3408 sertim
883 3362 1029 3409 cum
1072 3341 1153 3409 de
1206 3342 1374 3409 bona
1426 3341 1605 3408 fama
1645 3362 1782 3408 non
1837 3343 2055 3408 minor
2093 3363 2291 3425 quam
2335 3341 2416 3408 de
2460 3361 2565 3408 ca-

607 3428 746 3511 pite
789 3427 1119 3494 contentio
1153 3429 1558 3511 suscipiatur.
1616 3429 1859 3494 Postea
1899 3430 2052 3495 Rex
2095 3427 2228 3508 ille,
2255 3431 2341 3505 ¹⁸)
2376 3429 2566 3495 cuius

610 3513 907 3580 adversis
949 3514 1351 3581 successibus
1394 3514 1595 3597 impie
1638 3514 1982 3596 gestiebas,
2018 3514 2348 3598 prosperis
2390 3514 2566 3578 invi-

610 3598 793 3665 diose
838 3599 1202 3684 angebaris,
1259 3620 1343 3665 ex
1388 3598 1511 3666 hac
1554 3600 1693 3665 vita
1735 3599 1803 3665 in
1846 3600 2187 3666 beatorum
2231 3601 2564 3685 regionem

609 3685 955 3769 migravit:
1021 3687 1211 3752 cuius
1276 3704 1451 3751 mors
1516 3692 1650 3750 tam
1717 3684 2017 3753 luctuosa
2084 3686 2238 3752 huic
2302 3685 2563 3770 populo,

608 3780 745 3837 tam
791 3772 1024 3838 acerba
1066 3772 1274 3851 sociis,
1327 3779 1467 3836 tam
1507 3770 1803 3838 barbaris
1848 3772 2045 3836 etiam
2088 3771 2311 3856 gravis
2358 3772 2564 3837 exsti-

607 3857 710 3935 tit,
755 3865 829 3922 ut
878 3856 1052 3922 idem
1097 3857 1410 3935 tumulus,
1454 3858 1566 3939 qui
1609 3877 1845 3940 corpus
1888 3857 2031 3924 eius
2074 3857 2383 3937 contexit,
2429 3877 2564 3922 om·

609 3944 798 4007 nium
846 3944 1142 4027 gentium
1201 3943 1538 4022 laetitiam,
1596 3944 1823 4023 otium,
1889 3943 2301 4010 concordiam
2367 3943 2562 4009 simul

610 4027 908 4094 obruisse
965 4029 1284 4095 videatur.
1385 4029 1481 4093 At
1534 4029 1606 4093 in
1656 4028 1837 4094 luctu
1896 4029 2154 4113 publico
2200 4030 2297 4095 tui
2341 4042 2567 4095 tamen

608 4114 1153 4198 intemperantius
1195 4115 1618 4192 insolescunt,
1653 4115 1989 4180 exultant:
2078 4115 2331 4200 Regem
2377 4115 2565 4182 dicti-

612 4207 759 4265 tant
777 4201 952 4267 16616
975 4199 1079 4266 (161
1100 4200 1250 4266 odio
1272 4221 1553 4279 caesum,
1577 4199 1765 4283 quod,
1790 4210 1868 4266 ut
1888 4201 2127 4279 hostes,
2152 4200 2415 4267 Calvini
2436 4201 2568 4266 dis-

605 4285 860 4368 cipulos
932 4294 1466 4371 persequeretur:
1522 4286 1655 4351 imo
1712 4285 2123 4369 parricidam,
2161 4289 2244 4363 ¹⁹)
2311 4296 2565 4369 postea-

756 4572 882 4707 ἀε)
896 4573 1161 4709 &gajum
1200 4593 1271 4630 m.
1315 4576 1541 4633 October
1577 4574 1712 4630 1557
1761 4575 2097 4632 Wormatiae
2149 4583 2199 4631 et
2247 4575 2562 4632 Heidelber-

609 4658 718 4712 9ae
850 4680 862 4692 .
1068 4686 1079 4697 .

789 4710 882 4776 16)
927 4711 1064 4767 Non
1115 4720 1408 4768 occurrunt
1462 4716 1524 4768 in
1559 4713 1741 4769 Besae
1789 4712 2142 4770 Poematwus
2193 4715 2372 4769 variis
2431 4713 2564 4769 Gen.

617 4777 767 4834 1597.
818 4778 867 4832 4.
927 4780 1206 4834 “1)ι“αηαηι
1258 4789 1516 4849 manus
1576 4785 1843 4850 famosam
1895 4783 2047 4837 ullam
2099 4782 2331 4837 duorum
2381 4799 2569 4852 regum

610 4848 911 4914 Aspadana
942 4850 1124 4904 innui.

792 4916 884 4983 17)
931 4919 1019 4971 Ad
1064 4919 1211 4987 leges
1256 4917 1325 4972 de
1373 4919 1591 4973 famosis
1638 4920 1836 4974 libellis
1882 4925 1940 4973 et
1985 4920 2054 4974 de
2089 4920 2569 4975 calumniatoribus

613 4987 1034 5041 commentarius
1071 4986 1195 5040 Par.
1234 4985 1383 5040 1562.
1419 4986 1468 5041 4.
1505 5016 1572 5027 —
1614 4988 1833 5043 Caluini
1871 4988 2298 5057 Responsionm
2344 4990 2446 5045 tibi
2476 5005 2567 5043 ex-

613 5055 818 5178 mad
725 5056 773 5178 I*
808 5054 976 5178 3313
1054 5054 1322 5178 ,¹121516}
1382 5056 1619 5126 &qundo
1654 5057 2026 5113 estBalduini
2058 5057 2359 5127 Responsio
2395 5059 2570 5113 altera

757 5163 770 5176 .
855 5162 868 5174 .
974 5163 986 5174 .
1051 5142 1085 5176 u
1114 5164 1123 5175 .
1304 5164 1317 5178 .

790 5190 878 5255 18)
916 5190 1196 5246 Hem-icus
1224 5192 1316 5248 11.

791 5260 881 5328 19)
917 5259 1117 5316 Innait
1154 5260 1323 5315 Gabr.
1372 5261 1437 5314 de
1475 5262 1851 5335 Montqomery
1895 5281 1931 5318 α
1978 5280 2084 5334 quo
2118 5280 2218 5319 rw
2251 5265 2570 5320 vulneram

611 5330 820 5396 fuerat.
890 5329 955 5383 Is
1010 5336 1203 5398 postea
1249 5330 1554 5400 relinquere
1598 5333 1780 5387 aulam
1834 5339 2051 5389 coactus
2084 5332 2312 5389 Italiam
2360 5338 2414 5389 et
2447 5333 2568 5388 An·

2276 404 2742 476 EPISTOLA
2786 409 2950 473 3805

4477 412 4585 474 452

2669 613 2864 674 quam
2947 613 3092 661 sese
3166 594 3353 662 vobis
3418 593 3741 673 adiunxit,
3819 594 4098 661 alterum
4157 595 4348 662 huius
4410 599 4591 665 seculi

2666 678 2974 758 Paulum,
3043 686 3111 746 et
3167 680 3490 765 evangelii
3555 679 3885 747 vindicem
3949 680 4152 747 fuisse
4211 682 4592 765 praedicatis.

2665 763 2811 829 Iam
2855 764 3064 832 habeo
3108 766 3318 831 multa
3358 775 3616 832 vestrae
3651 767 4153 849 conspirationis
4195 777 4590 853 argumenta:

2667 849 2783 916 sed
2828 850 2959 915 alia
2998 851 3194 937 longe
3236 851 3430 937 plura
3472 859 3543 917 et
3583 852 3877 918 firmiora
3920 861 4288 919 occurrunt.

2839 934 3016 1018 Quid
3070 938 3249 1003 enim
3301 957 3804 1005 commemorem
3859 937 4398 1006 nefandissimum
4443 939 4594 1023 quod

2667 1020 2985 1090 Genevae
3039 1023 3283 1090 iniistis
3335 1023 3682 1090 consilium
3738 1024 3818 1090 de
3860 1024 4048 1109 Rege
4091 1024 4460 1105 Francisoo,
4499 1028 4599 1109 qui

2669 1108 2868 1191 paulo
2913 1117 3068 1175 ante
3111 1109 3284 1193 patri
3328 1116 3745 1187 successerat,
3789 1109 4051 1196 Regina
4096 1132 4316 1188 uxore,
4361 1111 4602 1197 Regina

2664 1202 2897 1274 matre,
2943 1204 3011 1260 et
3064 1195 3206 1261 6166
3257 1194 3499 1275 liberis,
3551 1196 3945 1279 proceribus,
3991 1194 4180 1263 bonis
4224 1198 4599 1282 magistrati-

2668 1280 2806 1359 bus,
2873 1278 2951 1345 ad
3019 1290 3271 1347 certum
3337 1280 3506 1347 diem
3564 1280 3901 1347 commodo
3960 1281 4101 1348 loco
4167 1303 4285 1366 per
4348 1282 4609 1349 insidias

2667 1365 3119 1434 trucidandis?
3147 1368 3240 1451 ²⁰)
3307 1365 3515 1433 Ouius
3559 1366 4065 1447 crudelissimae,
4109 1378 4176 1434 et
4218 1378 4366 1452 post
4408 1368 4601 1435 homi-

2665 1471 2782 1518 nes
2839 1461 3026 1518 natos
3081 1453 3521 1519 atrocissimae
3580 1454 4076 1536 conspirationis
4135 1464 4216 1534 te,
4270 1455 4463 1534 Beza,
4527 1476 4603 1521 ne

2666 1536 2827 1620 quid
2870 1539 3173 1618 mentiar,
3218 1539 3604 1623 principem,
3653 1537 4007 1605 Calvinum
4068 1540 4436 1619 authorem,
4482 1541 4600 1623 [fol.

2673 1620 2779 1710 17]
2857 1621 3287 1690 011616666111
3305 1627 3396 1700 ²¹)
3476 1624 3995 1709 subsignatorem
4022 1676 4037 1705 ,
4102 1624 4496 1709 Spifamium
4521 1628 4601 1705 22)

2668 1728 3022 1790 suasorem,
3066 1730 3293 1776 omnes
3329 1709 3590 1777 Galliae
3633 1711 3997 1795 praedones
4041 1722 4106 1778 et
4147 1712 4423 1778 lanistas
4467 1731 4605 1778 con-

2667 1795 2838 1861 scios
2873 1794 3076 1861 fuisse
3116 1797 3443 1880 profiteor,
3478 1807 3819 1880 praeterea
3856 1795 4042 1881 (audi
4076 1797 4605 1880 quemadmodum

2668 1879 2926 1964 loquor)
2968 1890 3307 1965 praeterea
3350 1885 3679 1948 neminem
3721 1883 4045 1948 insimulo.
4136 1886 4230 1949 At
4262 1884 4440 1968 Regi
4472 1905 4606 1967 par-

2668 1966 3003 2033 cebamus:
3090 1968 3297 2052 Regis
3345 1968 3748 2035 consiliarios
3805 1979 3871 2034 et
4035 1970 4232 2036 tiosos
4274 1971 4605 2053 Principes

2668 2053 3120 2119 tantummodo
3185 2053 3665 2137 appetebamus.
3777 2052 3907 2120 Ore
3953 2077 4012 2133 o,
4078 2075 4224 2121 6616
4291 2057 4361 2120 16
4416 2056 4608 2141 Regis

2667 2138 2873 2205 oculis
2917 2147 2985 2204 et
3025 2139 3300 2223 pedibus
3335 2139 3553 2206 sicarii
3598 2141 3942 2206 benevolos
3979 2144 4120 2206 eius
4154 2151 4221 2206 et
4254 2140 4422 2208 fidos
4455 2142 4606 2208 Pro·

2668 2244 2847 2291 ceres
2889 2234 3272 2304 mactarent,
3315 2225 3516 2292 iidem
3560 2246 3597 2290 a
3641 2225 3845 2310 Regis
3888 2246 4157 2310 corpore
4200 2247 4438 2294 manus
4469 2247 4607 2294 san·

2665 2309 3085 2394 guinolentas
3140 2310 3624 2377 abstinuissent.
3726 2312 3832 2377 Ad
3889 2312 4050 2378 haec
4108 2315 4221 2396 qui
4275 2315 4465 2380 vobis
4506 2335 4606 2396 po·

2666 2398 2798 2462 tius
2841 2397 3183 2480 Principes
3226 2396 3498 2464 caedere
3539 2396 3755 2475 liceat,
3798 2418 3962 2481 quos
4004 2398 4323 2471 Arcadius
4371 2412 4440 2464 et
4480 2399 4607 2464 Ho-

2667 2482 2894 2548 norius
2937 2482 3350 2565 Imperatorii
3393 2483 3717 2568 Regiique
3775 2484 4061 2567 corporis
4112 2486 4412 2551 membra
4452 2507 4607 2550 nun·

2667 2568 2892 2651 cupari
2935 2576 3004 2634 et
3047 2588 3188 2635 esse
3225 2568 3636 2635 sanxerunt?
3727 2570 3866 2635 Aut
3908 2591 4024 2636 cur
4067 2572 4332 2636 omnino
4380 2571 4608 2636 Princi-

2668 2675 2785 2737 pes
2852 2654 3044 2720 lioeat
3060 2703 3075 2734 ,
3141 2662 3211 2720 et
3273 2674 3384 2720 eos
3455 2656 3868 2739 potissimum
3933 2656 4276 2741 Principes
4300 2709 4315 2735 ,
4388 2656 4609 2740 quibus

2669 2760 2860 2805 nemo
2896 2759 3185 2824 unquam
3229 2740 3436 2806 hostis
3478 2740 3626 2819 fuit,
3672 2743 3830 2825 quin
3873 2741 4045 2807 idem
4080 2742 4251 2827 Regi
4294 2751 4363 2807 et
4384 2744 4608 2827 Regno

2669 2825 3018 2891 exitiosum
3063 2825 3309 2892 bellum
3352 2824 3709 2892 indixerit?
3800 2828 3967 2894 Dico
4003 2828 4283 2912 amplius
4326 2850 4446 2895 vos
4490 2848 4609 2893 non

2668 2913 2886 2977 minus
2944 2912 3067 2990 his,
3114 2933 3311 2995 quam
3357 2911 3506 2991 illis,
3552 2933 3748 2996 quam
3787 2913 4103 2998 Reginae,
4149 2935 4344 2997 quam
4392 2915 4609 3000 Regiis

2668 2996 2909 3074 liberis,
2956 3017 3152 3082 quam
3194 3000 3610 3065 serenissimo
3645 2999 3819 3083 Regi
3854 2999 4208 3077 Navarrae,
4249 3021 4447 3084 quam
4482 3003 4610 3066 eius

2667 3083 3128 3150 illustrissimis
3184 3083 3500 3150 fratribus
3556 3085 3757 3151 fuisse
3799 3086 4105 3151 infensos.
4193 3086 4426 3152 Testes
4470 3096 4610 3152 sunt

2668 3190 2985 3248 rumores,
3045 3170 3157 3253 qui
3220 3190 3260 3235 a
3301 3172 3539 3236 vestris
3599 3171 3838 3254 ubique
3903 3179 4131 3236 contra
4189 3192 4419 3238 eorum
4483 3192 4608 3238 om-

2666 3257 2870 3333 nium,
2911 3276 3071 3338 quos
3132 3256 3485 3334 nominavi,
3531 3256 4077 3323 existimationem
4123 3264 4189 3321 et
4226 3257 4606 3343 dignitatem

2667 3340 3075 3420 serebantur,
3121 3349 3304 3409 tanta
3360 3342 3706 3409 verborum
3752 3350 3820 3409 et
3861 3344 4301 3411 conviciorum
4347 3344 4607 3427 impuri·

2667 3434 2820 3504 tate,
2887 3434 2960 3492 ut
3028 3427 3107 3493 de
3171 3428 3391 3506 Peste,
3456 3428 3705 3507 Furiis,
3769 3427 3960 3509 Orco,
4028 3429 4399 3509 Centauris,
4460 3428 4607 3496 0111-

2664 3534 2905 3591 maera,
2973 3512 3574 3580 Oacodaemonibus
3591 3566 3606 3593 ,
3677 3514 3757 3579 de
3815 3515 3966 3581 totis
4033 3513 4311 3598 denique
4378 3515 4607 3581 Inferis

2663 3599 2963 3682 turpiora
3012 3599 3182 3684 fingi
3236 3610 3576 3683 nequeant,
3625 3621 3819 3684 quam
3865 3621 4033 3683 quae
4075 3602 4144 3666 in
4188 3603 4604 3685 praestantis-

2663 3687 2861 3751 simos
2906 3694 2975 3750 et
3015 3685 3456 3752 sanctissimos
3501 3686 3770 3751 huiusce
3792 3685 4061 3770 Imperii
4099 3686 4332 3753 heroas
4353 3698 4606 3772 gutture

2667 3772 2919 3854 patenti
2973 3771 3373 3838 evomuistis.
3475 3770 3611 3838 Sed
3664 3771 3781 3837 illa
3822 3782 4160 3856 praetereo
4206 3795 4288 3843 ne
4329 3774 4434 3840 vel
4478 3794 4605 3840 cas·

2666 3866 2768 3922 tas
2811 3877 3003 3924 aures
3055 3856 3401 3937 offendere,
3457 3857 3568 3923 vel
3626 3859 3847 3924 minus
3891 3867 4331 3941 temperanter
4388 3882 4463 3928 66
4504 3879 4604 3925 ve-

2666 3942 2953 4009 recunde
3019 3950 3303 4008 vestram
3389 3943 3785 4009 calumniam
3848 3943 4163 4022 refellere,
4231 3945 4340 4010 vel
4397 3955 4604 4013 vestro

2666 4048 2848 4094 more
2890 4049 3086 4113 cogar
3128 4028 3303 4112 loqui
3349 4027 3428 4093 de
3471 4029 3766 4114 Regibus
3810 4039 3877 4096 et
3918 4028 4362 4113 optimatibus
4406 4032 4604 4114 impu-

2668 4113 2918 4179 denter.
3040 4116 3270 4181 'Pestes
3365 4125 3702 4198 praeterea
3796 4115 4119 4181 mendacii
4203 4116 4605 4200 inexpiabilis

2667 4208 2826 4265 sunt
2888 4201 3132 4266 infiniti
3195 4221 3454 4267 summa
3508 4200 3640 4267 fide
3703 4208 3770 4267 et
3833 4202 4197 4267 constantia
4262 4203 4387 4267 viri
4447 4202 4602 4269 Ger·

2668 4286 2866 4363 mani,
2903 4287 3014 4368 qui
3057 4307 3295 4366 coram,
3354 4306 3518 4370 quae
3562 4286 3797 4367 indico,
3833 4307 3904 4353 se
3948 4308 4079 4353 non
4123 4288 4202 4353 ab
4248 4288 4397 4355 aliis
4432 4288 4600 4354 audi·

2667 4371 2860 4448 visse,
2905 4370 3019 4436 sed
3065 4392 3105 4436 a
3147 4373 3335 4438 vobis
3381 4371 3701 4453 didicisse,
3738 4393 3888 4438 cum
3924 4394 4187 4439 necesse
4221 4374 4366 4451 erit,
4415 4375 4599 4439 veris-

2667 4458 2832 4522 sime
2887 4457 3386 4524 confirmabunt.
3491 4459 3718 4525 Testes
3763 4459 4039 4542 denique
4083 4458 4361 4525 Sturmii
4406 4459 4599 4526 homi-

2667 4544 2771 4609 nis
2829 4542 3202 4623 doctissimi,
3266 4554 3330 4611 et
3387 4545 3457 4608 in
3513 4544 3871 4610 Germania
3927 4543 4415 4613 celebratissimi
4468 4545 4599 4610 lite-

2665 4782 2834 4851 qliam
2884 4784 3089 4850 invisit,
3142 4789 3191 4837 et
3248 4782 3325 4835 ad
3381 4798 3545 4838 sacra
3596 4785 3897 4850 reformata
3947 4787 4187 4840 transiit.
4257 4784 4325 4837 A.
4374 4781 4503 4836 1562
4543 4782 4596 4834 ia

2670 4852 2801 4905 bello
2853 4852 3005 4906 civili
3056 4868 3092 4906 a
3144 4855 3307 4919 parte
3343 4855 3768 4919 protestantium
3824 4856 4108 4922 puqnavit.
4198 4851 4444 4907 Genevae
4490 4866 4595 4905 eum

2666 4922 2840 4985 fuisse
2874 4920 3099 4975 aliunde
3132 4936 3244 4974 non
3277 4923 3505 4975 constat.

2838 4988 2933 5057 20)
2980 4989 3299 5044 Coniuratio
3347 4990 3700 5044 Ambost’ana.
3793 4991 4080 5046 Calvinum
4133 4997 4185 5045 et
4223 5006 4352 5044 suos
4398 4991 4464 5045 ab
4512 4988 4596 5042 hoc

2668 5060 2895 5114 crimine
2931 5073 2989 5112 se
3017 5074 3285 5128 purgasse
3319 5073 3418 5113 sao
3453 5058 3567 5115 loco
3601 5059 3793 5128 legisti.

2838 5126 2934 5194 21)
2966 5127 3033 5181 de
3065 5125 3167 5183 hoc
3200 5126 3369 5183 adeas
3404 5130 3639 5182 numme
3675 5127 3908 5182 Sturmt't‘
3941 5128 4310 5197 Philippa-am
4346 5127 4426 5183 N.
4457 5121 4593 5205 34ῼὸ

2839 5194 2908 5248 22
2971 5195 3140 5251 Hunc
3186 5198 3460 5251 conscium
3503 5197 3678 5263 fuisse
3720 5197 3910 5251 merito
3957 5197 4387 5253 addubitamus.
4479 5191 4593 5248 Vnde

2669 5265 2881 5398 dgereof
2932 5263 3322 5389 ἷεὸῑιαέἔὲνειη
3364 5266 3441 5321 ad
3480 5267 3640 5321 Mem.
3686 5265 3753 5320 dc
3793 5266 4082 5322 0661619166
4128 5266 4195 5321 11.
4242 5264 4325 5319 49.
4404 5260 4592 5331 Populo·-

2667 5349 2705 5388 κ
2790 5348 2818 5387 e
2879 5373 2890 5385 .
3035 5371 3047 5384 .
3188 5374 3200 5386 .
