4850 6117
229 448 336 510 897

507 629 620 697 (Ex
654 629 991 700 autographo
1025 627 1377 683 eouflenev.
1415 627 1535 697 112,
1569 627 1662 683 fol.
1699 626 1844 697 112.)

377 799 758 868 Clarissimo
800 800 1343 885 ornatissimoque
1399 801 1545 867 viro
1588 798 1674 866 D.
1719 799 1953 866 Ioanni
1997 798 2150 866 Gal-

226 889 365 954 1166
418 885 834 955 Genevensis
898 885 1207 954 ecclesiae
1262 887 1542 953 antistiti
1593 885 1974 953 fidelissimo
2039 885 2149 952 do-

225 974 384 1040 mino
428 980 496 1041 et
537 973 940 1057 praeceptori
983 992 1103 1038 suo
1137 971 1750 1124 66861166ᾱ188161ἅὲ
1750 1078 1974 1124 nevae·

372 1227 445 1295 S.
500 1206 580 1296 P:
668 1228 951 1311 Quantis
1009 1230 1079 1295 in
1135 1228 1257 1296 hoc
1335 1230 1710 1297 tristissimo
1763 1229 2184 1315 gallicarum,

222 1316 626 1384 ecclesiarum
701 1321 876 1382 statu
941 1314 1257 1381 molestiis
1326 1334 1404 1381 ao
1480 1316 1652 1382 curis
1714 1315 2147 1400 distringaris,

219 1400 557 1469 clarissime
580 1401 701 1479 vir,
744 1408 1123 1484 praeceptor
1141 1400 1216 1465 in
1237 1399 1507 1468 Christo
1546 1401 2015 1480 colendissime,
2049 1401 2148 1466 fa-

219 1487 325 1555 cile
375 1486 691 1572 intelligo.
782 1484 977 1572 Cogit
1028 1507 1135 1552 me
1193 1496 1413 1555 tamen
1455 1488 1528 1553 in
1572 1487 1862 1554 ecclesiis
1906 1486 2148 1553 nostris

215 1571 636 1657 pullulascens
678 1571 1052 1639 schismatis
1095 1574 1518 1639 seminarium
1560 1573 1683 1640 tibi
1723 1573 1964 1657 alioqui
1995 1594 2145 1658 gra-

219 1659 492 1725 vissimis
555 1660 871 1743 seriisque
935 1657 1436 1742 occupatissimo
1491 1659 1940 1743 importunum
2006 1679 2148 1724 esse

219 1754 278 1810 et
322 1744 745 1813 obnixissime
796 1764 1031 1828 rogare
1072 1752 1150 1809 ut
1192 1745 1524 1828 principiis
1573 1745 1755 1812 hisce
1808 1765 1929 1828 pro
1973 1743 2147 1810 virili

217 1850 544 1898 occurrere
584 1851 718 1896 non
763 1830 1074 1915 graveris.
1165 1828 1416 1914 Scripsi
1481 1830 1602 1897 tibi
1645 1829 1726 1896 de
1769 1830 2148 1915 quaestione

217 1938 411 2068 gigper
423 1915 1154 2068 A1111me<1331esiisBnostris
1220 1925 1464 2067 exorta·
1488 1937 1620 2068 {gil-l
1649 1917 1972 2068 opt-{mum
2015 1915 2146 1981 fra-

305 2023 366 2068 m
574 2021 2148 2081 oumancmn,eexiso,1nuo

217 2097 497 2154 vertatur
553 2086 952 2173 quaestionis
1009 2095 1277 2153 exortae
1330 2085 1543 2168 cardo,
1613 2109 1698 2154 ex
1758 2087 1971 2154 literis
2019 2087 2032 2100 ‘
2095 2087 2109 2101 '

214 2173 361 2240 meis
401 2172 662 2240 abunde
703 2172 1123 2240 intellexisse.
1214 2172 1515 2255 Quarum
1555 2180 1781 2240 tamen
1823 2194 2145 2240 summam

215 2258 487 2325 breviter
526 2267 824 2343 repetere
865 2280 998 2325 non
1042 2258 1385 2345 gravabor.

367 2344 612 2411 Ablato
657 2345 764 2411 hic
821 2344 1012 2411 nobis
1069 2365 1184 2428 per
1227 2352 1496 2411 senatus
1539 2343 1873 2413 decretum
1915 2344 2145 2409 minis-

215 2432 362 2496 terio
401 2438 733 2497 nostrates
790 2430 1082 2515 plerique
1139 2452 1290 2498 suos
1342 2431 1629 2497 infantes
1685 2429 2004 2497 ministris
2046 2451 2147 2497 ec-

215 2516 546 2584 clesiarum
633 2517 1157 2603 germanicarum
1244 2515 1627 2584 obtulerunt
1699 2515 2141 2599 baptizandos.

213 2601 368 2669 Nam
412 2602 496 2668 de
540 2601 836 2670 doctrina
898 2600 1203 2686 baptismi
1243 2601 1430 2668 nulla
1470 2602 1658 2669 nobis
1700 2621 1848 2668 cum
1890 2602 2142 2668 concio-

212 2689 534 2754 natoribus
575 2689 720 2754 istis
752 2688 877 2753 fuit
919 2687 1377 2767 controversia,
1422 2695 1489 2754 et
1510 2688 1948 2755 caeremonias
1968 2688 2144 2754 circa

213 2772 596 2857 baptismum
639 2773 884 2840 habent
926 2773 1277 2839 admodum
1321 2772 1707 2853 tolerabiles,
1751 2794 1904 2839 nam
1949 2792 2141 2838 exor-

213 2860 415 2926 cismis
462 2866 531 2926 et
569 2859 890 2925 similibus
928 2879 1062 2925 non
1103 2866 1396 2926 utuntur.
1460 2859 1886 2944 Interrogant
1918 2866 2142 2924 tamen

211 2965 476 3027 puerum
539 2967 703 3011 num
765 2943 990 3011 credat
1046 2954 1113 3011 et
1169 2944 1460 3013 Satanae
1509 2945 1877 3012 renunciet:
1955 2945 2143 3012 cuius

213 3032 463 3099 nomine
540 3040 878 3115 susceptor
956 3030 1338 3116 respondet:
1403 3031 1528 3098 Ita.
1632 3029 1831 3112 Quod
1872 3037 1948 3096 ut
2009 3050 2142 3095 non

211 3118 641 3184 necessarium
704 3118 1175 3196 existimamus,
1240 3117 1336 3182 ita
1397 3118 1671 3201 impium
1737 3115 1951 3182 dicere
2006 3135 2143 3181 non

350 3224 565 3270 umus.
653 3202 930 3270 Interim
991 3203 1177 3269 nulla
1218 3223 1258 3267 a
1300 3223 1630 3288 quoquam
1670 3202 2003 3286 postulata
2042 3209 2146 3267 est

210 3222 531 3356 minae
573 3287 936 3375 abnegatio,
1002 3288 1118 3357 sed
1161 3291 1507 3356 veritatem
1572 3288 1850 3355 confessi
1912 3308 2145 3355 sumus

213 3383 272 3439 et
302 3395 558 3441 errores
591 3375 1135 3458 reprehendimus
1157 3396 1415 3459 semper
1436 3382 1811 3441 constanter
1851 3382 1921 3439 ot
1953 3373 2146 3439 liber·

211 3461 379 3528 rime.
448 3461 557 3528 Ex
599 3461 799 3529 huius
840 3466 1060 3527 autem
1104 3459 1516 3545 baptismatis
1558 3458 1729 3544 apud
1774 3459 2146 3525 Germanos

213 3567 325 3612 usu
366 3555 598 3613 natum
641 3557 759 3626 est,
825 3548 999 3613 inter
1062 3547 1299 3614 fratres
1342 3554 1669 3613 nostrates
1710 3547 1823 3629 qui
1864 3545 1935 3610 in
1977 3544 2146 3611 Bra-

213 3630 425 3699 bantia
488 3644 555 3699 et
595 3633 913 3699 Flandria
974 3643 1132 3698 sunt
1172 3641 1240 3699 et
1281 3633 1427 3699 illos
1468 3631 1745 3716 denique
1787 3631 1902 3715 qui
1946 3629 2145 3697 Sant-

213 3719 408 3817 111366
473 3726 539 3785 et
592 3718 883 3785 Londini
947 3718 1270 3799 exsulant,
1346 3717 1726 3786 scandalum
1789 3735 2145 3802 magnum:

214 3824 314 3886 qm
353 3826 474 3870 nos
517 3805 734 3871 nescio
778 3805 968 3873 cuius
1004 3804 1384 3872 defectionis
1418 3825 1459 3870 a
1493 3805 1776 3887 puritate
1811 3802 2147 3869 doctrinae

213 3896 272 3954 et
320 3889 856 3956 dissimulationis
912 3898 1239 3968 accusant,
1307 3898 1376 3956 et
1438 3890 1840 3975 agnitionem
1896 3889 2021 3955 hac
2072 3889 2145 3953 in

212 3982 385 4056 parte
425 3977 673 4059 peccati
717 3977 927 4042 nostri
978 3976 1187 4042 literis
1241 3978 1376 4043 suis
1439 3977 1734 4060 graviter
1775 3976 2144 4041 hortantur.

213 4059 338 4129 Nos
395 4069 622 4128 contra
671 4060 918 4126 nullius
961 4083 1081 4127 nos
1135 4062 1243 4128 hio
1286 4063 1534 4213 {pecati
1577 4062 1765 4127 nobis
1807 4081 1949 4127 esse
1993 4081 2145 4127 con-

215 4146 369 4213 scios
412 4155 787 4213 constanter
837 4150 1205 4214 asserimus.
1355 4168 1463 4214 am
1508 4147 1783 4214 dicimus
1825 4167 1945 4212 nos
1989 4146 2145 4229 bap-

213 4232 398 4299 tismo
452 4253 604 4300 usos
664 4233 739 4297 in
803 4232 1053 4299 Ohristi
1112 4254 1268 4300 vera
1332 4234 1605 4301 ecclesia
1669 4253 1787 4316 per
1849 4232 2147 4298 ministe-

212 4320 375 4383 rium
439 4339 664 4385 eorum
722 4319 834 4403 qui
888 4320 1185 4405 legitime
1243 4318 1325 4385 ad
1382 4340 1624 4386 munus
1678 4338 1874 4385 suum
1927 4318 2148 4383 vocati

216 4412 359 4470 sunt
422 4426 539 4490 per
591 4404 1048 4489 magistratum
1106 4414 1172 4470 et
1225 4426 1341 4489 per
1394 4406 1736 4475 ecclesiam·
1776 4403 2144 4487 approbati:

214 4509 406 4571 quare
461 4490 844 4557 scandalum
899 4493 979 4557 ab
1039 4491 1183 4557 aliis
1238 4500 1576 4577 acceptum
1635 4510 1795 4567 esse,
1864 4512 1904 4554 a
1961 4489 2147 4556 nobis

214 4595 360 4641 vero
387 4576 642 4644 nullum
664 4575 908 4642 datum.
973 4575 1085 4642 Illi
1114 4584 1360 4657 contra,
1395 4599 1531 4643 non
1564 4597 1707 4642 6886
1734 4575 1909 4641 hanc
1942 4576 2146 4642 eccle-

215 4663 373 4727 siam
415 4684 581 4747 quae
625 4683 857 4746 puram
902 4661 1263 4729 doctrinam
1307 4663 1402 4729 ita
1443 4661 1769 4747 explodat,
1827 4670 2146 4728 asserunt.

217 4746 340 4813 Alii
404 4750 738 4818 ecclesiam
806 4755 1188 4834 agnoscunt,
1258 4749 1373 4815 sed
1437 4770 1570 4815 non
1636 4748 1830 4815 licere
1894 4747 2146 4813 homini

219 4921 262 4927 —-
279 4923 610 4934 Q--—

219 5020 547 5077 ohermassen
583 5023 691 5077 den
724 5023 1150 5077 frantzosisohen
1197 5023 1311 5076 und
1356 5022 1861 5076 niederlandischen
1895 5021 2147 5075 Christen

219 5088 271 5140 in
298 5088 624 5147 Franokfurt
656 5091 745 5145 die
788 5090 1094 5145 offentliche
1139 5091 1331 5162 predig
1366 5096 1661 5145 verstattet
1703 5090 1814 5145 und
1859 5088 2148 5145 verbotten

222 5157 447 5213 worden.
537 5159 624 5214 He
662 5161 807 5217 delb.
850 5157 1001 5213 1598.
1045 5176 1100 5228 p.
1148 5158 1217 5214 49
1261 5175 1332 5214 ss.
1424 5158 1631 5214 Exstat
1662 5175 1872 5230 quoque
1913 5160 1976 5215 in
2028 5156 2146 5214 Rez.

221 5225 383 5281 Hnaz.
419 5228 485 5282 Π.
522 5228 627 5284 Bes·
697 5228 778 5283 16.
828 5228 1085 5283 Fresonii
1131 5227 1264 5283 KG.
1311 5245 1359 5283 v.
1409 5227 1467 5282 d.
1517 5227 1642 5293 Res.
1689 5230 1753 5283 in
1795 5227 1960 5294 Frkf.
1996 5226 2145 5282 1751.

219 5309 270 5360 p·
307 5294 410 5350 189
443 5312 512 5351 u.
579 5297 790 5379 Heppe,
829 5298 1113 5354 deuncher
1147 5296 1300 5354 Prot.
1337 5297 1377 5350 Ι.
1414 5295 1536 5352 466.
1616 5296 1802 5353 Multa
1837 5297 1953 5352 alia
1987 5296 2145 5353 docu-

221 5370 391 5420 menta
425 5369 655 5435 reperies
689 5384 750 5422 tn
789 5366 1027 5433 Franks.
1068 5365 1186 5422 Rae.
1222 5367 1412 5435 Augei.
1448 5366 1490 5420 1.
1527 5365 1667 5421 ΒοιΊ.
1703 5364 1775 5420 50
1805 5372 1855 5422 et
1889 5381 2031 5435 seqq.

1949 443 2112 506 1562
2161 440 2466 507 APRIL.

4064 448 4188 510 398

2249 629 2357 713 pio
2409 650 2638 696 eorum
2694 627 3057 695 ministerio
3115 629 3213 695 uti
3268 628 3689 708 contendunt,
3754 651 3901 697 cum
3957 631 4192 716 quibus

2245 715 2497 781 Paulus
2529 736 2616 782 ne
2648 735 2886 799 panem
2909 712 3171 799 quidem
3192 714 3720 782 manducandum
3745 717 3950 783 docet.
4020 717 4189 783 Bre-

2249 801 2425 868 viter
2458 800 2705 868 habent
2734 799 2835 866 1111
2867 821 3022 867 suas
3053 802 3358 881 rationes,
3402 822 3523 868 nec
3556 800 3737 868 deest
3771 804 3967 869 etiam
4002 801 4193 870 nobis

2248 885 2422 971 quod
2465 884 3010 970 respondeamus:
3054 885 3167 952 sed
3209 907 3333 953 nos
3371 888 3703 954 contemni
3745 898 3811 954 et
3854 896 4188 969 suspectos

2247 970 2476 1038 haberi
2519 973 2680 1039 satis
2718 971 3166 1057 intellig-imus,
3208 993 3408 1058 quare
3449 993 3533 1039 ne
3576 972 3902 1041 diuturnis
3925 974 4189 1042 alterca-

2247 1058 2540 1125 tionibus
2595 1057 2938 1124 amittatur
2988 1058 3237 1126 veritas
3293 1066 3360 1124 et
3410 1079 3493 1125 ne
3549 1068 3843 1125 crescant
3883 1058 4191 1127 scandala

2248 1151 2318 1210 et
2358 1143 2687 1211 occultum
2729 1143 3013 1211 schisma
3054 1144 3352 1211 foveatur
3395 1144 3701 1228 viresque
3743 1147 4058 1229 acquirat,
4122 1158 4190 1211 te

2246 1248 2367 1314 per
2408 1229 2633 1297 Iesum
2675 1228 3016 1297 Christum
3072 1231 3278 1297 totius
3320 1230 3627 1297 ecclesiae
3670 1231 3933 1297 nomine
3976 1230 4191 1298 obtes-

2249 1322 2357 1381 tor
2395 1336 2482 1382 ne
2523 1323 2709 1382 tuam
2750 1314 3134 1401 collegiique
3178 1317 3379 1383 vestri
3421 1315 3546 1382 hac
3590 1313 3669 1382 de
3703 1337 3776 1382 re
3797 1318 4189 1384 sententiam

2247 1400 2507 1468 selectis
2548 1401 2798 1486 aliquot
2839 1408 2906 1467 et
2945 1401 3191 1485 apertis
3233 1401 3596 1485 scripturas
3638 1403 4027 1469 testimoniis
4046 1422 4189 1469 cor-

2245 1487 2619 1554 roboratam
2661 1486 2745 1552 ad
2781 1508 2900 1554 nos
2934 1487 3333 1572 perscribere
3368 1488 3580 1571 primo
3613 1507 3865 1573 quoque
3902 1496 4192 1572 tempore

2247 1572 2562 1724 &giem
2649 1573 2998 1726 ffiturus
3063 1594 3147 1724 est
3196 1573 3381 1724 nobiiis
3432 1572 3892 1726 ‘mloemffltz
3940 1572 4190 1725 (3ὴὲῒί

2247 1678 2288 1723 6
2363 1677 2537 1725 cium
2602 1680 2648 1724 u
2818 1680 3026 1725 imum
3079 1680 3116 1724 e
3361 1679 3652 1725 ssimum.
3893 1681 4000 1726 ras
4119 1679 4192 1725 as

2248 1743 2356 1811 vel
2415 1744 2504 1811 D.
2551 1744 2932 1812 Guilhelmo
2978 1679 3348 1812 Holbrciculzaio
3406 1744 3840 1829 Argentinam
3857 1797 3875 1825 ,
3942 1746 4048 1813 vel
4104 1743 4190 1810 D.

2249 1827 2535 1914 Casparo
2581 1829 2877 1898 Oleviano
2917 1829 3448 1916 Heydelbergam
3510 1831 3763 1896 mittas:
3853 1830 3952 1896 illi
4016 1831 4193 1898 enim

2248 1936 2359 1982 eas
2392 1916 2561 1982 mihi
2592 1916 2877 1983 fideliter
2916 1915 3099 1982 reddi
3136 1916 3472 1983 curabunt.
3550 1915 3821 2000 Optime
3856 1928 3923 1983 et
3955 1916 4192 1985 felicis-

2248 2002 2411 2068 sime
2476 2002 2714 2081 valeas,
2781 2003 2872 2069 mi
2931 2002 3209 2068 domine.
3296 2000 3482 2068 Deus
3546 2010 3613 2067 te
3677 2002 3986 2070 eeclesiae
4030 2024 4188 2069 suae

2248 2087 2361 2154 diu
2404 2089 2824 2172 superstitem
2867 2089 3386 2172 incolumemque
3430 2097 3783 2155 conservet.
3870 2091 4106 2156 Amen.
4127 2090 4185 2163 ²)

2246 2173 2517 2257 Raptim
2559 2173 2980 2240 Francofurti
3025 2177 3124 2238 28.
3173 2173 3423 2258 Aprilis
3475 2177 3656 2240 1562.

3425 2313 3612 2376 Tuus
3653 2319 3733 2375 ut
3774 2332 3932 2376 suus

3333 2397 3573 2463 Petrus
3614 2394 4016 2464 Dathaenus.

3022 2690 3425 2702 ——

3126 2942 3323 3012 3778.

2762 3040 3189 3164 rAnn'ms
3234 3095 3671 3164 OALVINO.

2420 3266 2819 3335 Commendat
2870 3269 3223 3336 studiosum
3295 3270 3578 3335 iuvenem
3626 3269 3939 3336 Genevam
3990 3270 4189 3352 profi-

2246 3356 2564 3424 ciscentem
2616 3360 2672 3421 et
2734 3354 2855 3421 hac
2894 3357 3204 3421 ooeasiovae
3238 3375 3611 3439 prosperum
3652 3356 3935 3423 ecclesiae
3977 3357 4192 3423 Amno-

2246 3441 2538 3509 nammis
2578 3444 2806 3507 statum
2846 3439 3083 3507 laudat.

2576 3613 2687 3679 (Hx
2722 3611 3062 3681 autographo
3098 3612 3230 3666 Ood.
3269 3612 3404 3667 Gen.
3444 3612 3562 3675 109,
3594 3613 3685 3668 fol.
3724 3613 3868 3681 109.)

2421 3784 2478 3847 A
2501 3783 2830 3850 Monsieur
2863 3784 3206 3850 Monsieur
3227 3784 3503 3849 Maistre
3536 3784 3741 3850 Iehan
3771 3784 4006 3851 Oalvin
4042 3783 4189 3850 doc-

2248 3879 2397 3937 teur
2433 3877 2501 3935 et
2540 3869 2843 3935 ministre
2887 3868 2969 3936 de
3010 3870 3077 3936 la
3119 3870 3364 3953 parollc
3407 3870 3486 3936 de
3530 3871 4014 4022 maghonem.

2249 4130 2335 4196 D.
2371 4127 2612 4195 Ioanni
2633 4125 2914 4193 Calvino
2956 4125 3334 4193 fidelissimo
3378 4126 3559 4194 verbi
3604 4128 3729 4192 Dei
3774 4125 3947 4210 apud
3971 4128 4191 4194 Gene-

2877 4233 3116 4279 venses
3157 4214 3459 4280 ministro
3503 4211 3574 4278 S.

2422 4352 2569 4417 Etsi
2607 4349 2851 4416 nullius
2870 4370 3079 4433 paene
3107 4349 3492 4416 eruditionis
3514 4350 3662 4415 viro
3698 4358 3955 4415 tantum
3987 4351 4193 4416 homi-

2248 4459 2401 4505 nem
2447 4457 2565 4522 per
2607 4436 2831 4503 literas
2873 4435 3219 4504 sollicitare
3255 4435 3608 4502 absurdum
3644 4435 3926 4515 videtur,
3972 4446 4195 4505 tamen

2247 4546 2383 4591 non
2415 4524 2623 4608 potui,
2658 4530 2797 4588 tum
2822 4522 3032 4589 fretus
3054 4528 3171 4587 tua
3190 4522 3614 4601 humanitate,
3638 4530 3779 4588 tum
3802 4523 4001 4589 huius
4023 4525 4195 4591 vire-

2251 4609 2416 4676 darii
2460 4607 2758 4694 precibus
2814 4611 3046 4687 victus,
3089 4606 3171 4672 ad
3224 4607 3385 4674 haec
3425 4629 3509 4673 ne
3573 4628 3794 4674 rerum
3857 4630 4027 4693 quae
4087 4612 4193 4677 hic

2332 4702 2571 4762 runtur
2605 4715 2779 4761 esses
2815 4694 3090 4772 nescius,
3127 4695 3284 4777 quin
3318 4695 3544 4776 paucis
3580 4694 3662 4760 ad
3699 4704 3765 4759 te
3799 4696 4194 4780 scripserim.

2247 4781 2564 4933 vripa-,imis
2649 4780 2816 4931 ''filil‘'
2839 4779 3002 4931 tihic
3075 4778 3321 4844 habent
3382 4779 3604 4931 (1131616,
3666 4779 4191 4934 Βὲἱιί666ῢοιξὲἓ.

3053 4885 3391 4930 sacramen

2247 4889 2476 5037 przlcgs
2532 4885 2852 5041 ggffiiossg,
2892 4886 3239 5035 oquidquid
3292 4959 3392 5018 est
3434 4886 4192 5020 ergxpoifizmmnffivim,

2247 5059 2418 5117 rum,
2464 5037 2671 5106 sicubi
2714 5057 3009 5121 usquam,
3054 5036 3341 5121 profecto
3382 5038 3509 5104 hac
3549 5038 3884 5105 liberrime
3912 5046 4194 5105 tractan-

2250 5132 2375 5190 tur.
2444 5123 2686 5189 Diruta
2727 5130 2882 5187 sunt
2923 5119 3096 5188 idola
3138 5124 3360 5189 omnia
3404 5123 3706 5210 ultroque
3747 5125 4002 5190 exsulat
4036 5127 4185 5188 mis-

2456 5363 2518 5429 s)
2559 5361 2779 5419 σαιυεω·
2808 5367 3126 5433 responsum
3159 5364 3381 5421 mma
3414 5363 3490 5418 aa
3523 5361 3605 5417 18.
3640 5362 3771 5416 ιω..
