4850 6117
229 390 348 456 265

231 576 437 645 verite
493 579 811 662 jgnorans
864 536 977 661 qui
1031 576 1120 644 all

232 682 394 729 nous
459 681 616 728 88118
677 684 722 749 y
786 681 1041 747 pensor.

1291 585 1456 665 yent
1513 579 1628 647 des
1689 579 1944 649 raisons
2091 604 2173 649 ur

1202 686 1240 730 e
1303 685 1431 750 que
1497 666 1819 734 aulchuns
1883 675 2172 753 papistcs

390 754 622 814 curent
674 755 742 815 ct
798 748 1065 834 despuis
1107 751 1428 818 viennent
1480 772 1567 818 au
1621 772 1885 819 sermon
1930 762 1996 819 et
2039 776 2172 821 aux

230 854 476 919 priores
520 839 589 900 et
629 842 747 901 ont
786 835 1064 920 achepte
1105 855 1212 903 ces
1261 838 1437 904 ‘ours
1478 836 1654 905 force
1695 838 1913 906 livres.

390 919 441 988 J
441 939 673 1005 espere
715 940 801 987 au
842 918 1072 1005 plaisir
1116 920 1198 987 de
1307 923 1415 989 iou
1458 943 1623 991 vous
1667 946 1954 1012 envoyer
1999 925 2170 1012 byen

230 1013 354 1072 tost
393 1026 537 1091 ung
583 1007 787 1091 jeune
826 1006 1092 1073 homme
1132 1008 1308 1075 natis
1355 1008 1437 1075 (10
1475 1017 1649 1077 ceste
1690 1010 1864 1091 ville,
1910 1011 2171 1079 homme

230 1093 395 1178 byen
448 1111 587 1178 nay
645 1100 711 1159 et
763 1092 916 1159 bien
971 1093 1284 1179 jnstitue:
1351 1093 1614 1180 despuis
1671 1116 1796 1181 que
1861 1098 2000 1164 suis
2054 1099 2171 1185 joy

229 1198 391 1244 nous
423 1197 596 1245 vous
638 1199 724 1245 en
763 1198 971 1245 avons
1004 1200 1257 1266 envoye
1301 1188 1503 1268 troys.
1574 1183 1828 1268 Oestuy
1862 1185 1979 1269 jcy
2021 1203 2172 1250 sera

229 1264 287 1330 le
339 1264 755 1348 quatriesme.
845 1262 1040 1331 Ceste
1098 1266 1373 1334 matiere
1429 1286 1557 1352 que
1612 1289 1780 1334 nous
1836 1289 2002 1335 vous
2054 1291 2168 1335 en-

228 1350 1349 1523 fflffiffsszfffisszmffl
1278 1353 2171 1524 ’9111111319ᾎί

228 1521 537 1601 ministre,
597 1528 744 1587 taut
785 1542 981 1606 parce
1021 1542 1151 1607 que
1193 1531 1421 1591 nostre
1460 1523 1622 1592 ville
1662 1533 1766 1591 est
1806 1524 2057 1612 grande
2101 1535 2171 1592 et

231 1609 351 1674 fort
408 1607 707 1692 peuplee,
772 1610 949 1674 aussi
1014 1629 1139 1693 que
1193 1611 1265 1694 je
1334 1632 1419 1677 ne
1482 1612 1618 1677 suis
1682 1633 1811 1696 que
1872 1633 2039 1695 pour
2102 1612 2170 1680 la

228 1694 482 1760 moictie
526 1713 696 1761 nous
740 1714 943 1761 avons
980 1715 1021 1760 a
1059 1694 1310 1780 grande
1325 1696 1558 1847 tpriore
1601 1705 1667 1763 et
1706 1705 2012 1782 requeste
2053 1698 2168 1764 ob-

229 1787 378 1846 tenu
419 1799 513 1845 un
560 1780 861 1847 ministre
903 1800 990 1846 au
1032 1779 1283 1867 synode
1368 1804 1406 1849 e
1446 1781 1718 1850 Saincte
1759 1783 1890 1868 foy.
1907 1786 1967 1859 2)

388 1865 560 1932 Mon
612 1866 786 1934 frere
834 1866 1142 1933 ministre
1196 1887 1327 1952 que
1372 1870 1493 1955 jay
1548 1869 1968 1935 maintenant
2021 1890 2170 1936 sera

230 1972 430 2031 cause,
498 1949 584 2018 de
648 1960 796 2018 tout
857 1952 921 2017 le
981 1953 1195 2019 moins
1260 1973 1379 2038 par
1432 1954 1767 2039 provision
1824 1954 2169 2022 attendent

229 2037 463 2104 mieulx
498 2057 587 2105 au
667 2038 963 2122 rincipal,
997 2059 1124 2123 que
1157 2040 1227 2123 ⁴ie
1258 2060 1347 2105 ne
1381 2060 1575 2126 seray
1607 2041 1758 2125 plus
1792 2062 1878 2106 en
1917 2043 2168 2108 crainte

232 2124 392 2190 dune
450 2122 637 2190 horri
679 2124 745 2190 10
802 2123 1188 2209 dissipation
1240 2146 1325 2192 ou
1380 2126 1652 2212 jestoys.
1741 2125 1987 2194 Cestoit
2041 2148 2167 2212 que

230 2207 431 2293 quand
473 2208 658 2276 Dieu
714 2231 785 2277 se
842 2210 1092 2278 servoit
1143 2210 1226 2277 de
1266 2231 1423 2297 moy
1466 2232 1637 2297 pour
1678 2211 1904 2278 edifier
1945 2234 2030 2279 en
2074 2235 2165 2279 un

227 2294 349 2361 lieu
404 2295 466 2361 le
527 2294 741 2363 diable
794 2296 1093 2381 dissipoit
1134 2296 1216 2363 de
1268 2297 1499 2364 lantre.
1587 2297 1698 2364 En
1740 2309 1962 2365 nostre
2005 2297 2166 2365 ville

228 2380 270 2446 il
307 2403 352 2466 y
394 2402 433 2445 a
490 2384 827 2467 tousjours
883 2382 978 2449 les
1036 2393 1295 2467 quattre
1338 2383 1615 2468 temples
1656 2385 2059 2469 papistiques
2096 2394 2166 2451 et

227 2466 283 2531 10
320 2466 709 2552 reiglement
768 2487 895 2551 que
949 2488 1117 2535 nous
1169 2488 1375 2537 avons
1427 2478 1497 2536 et
1550 2478 1784 2536 tenons
1825 2469 1909 2535 de
1948 2470 2042 2537 M.
2087 2472 2165 2538 de

229 2551 432 2637 Botrys
457 2554 521 2634 ⁸)
566 2562 705 2620 cest
747 2553 829 2620 de
882 2574 967 2620 ne
1010 2575 1178 2621 nous
1231 2555 1612 2641 empescher
1650 2559 1840 2640 point
1895 2556 1991 2622 les
2034 2577 2160 2622 uns

225 2637 312 2704 les
351 2648 591 2706 autres.
670 2639 854 2707 Nous
894 2659 1102 2707 avons
1144 2649 1364 2708 trente
1406 2642 1590 2709 huict
1628 2643 1985 2725 parroisses
2027 2663 2159 2710 aux

227 2725 480 2810 champs
543 2747 628 2791 ou
686 2745 852 2792 nous
907 2724 1122 2792 8110118
1165 2737 1232 2793 et
1284 2748 1583 2813 pouvons
1638 2728 1800 2795 aller
1853 2728 2158 2812 paisible·

227 2821 411 2891 ment,
471 2831 640 2879 avec
705 2810 981 2896 quelque
1037 2812 1239 2896 garde
1304 2813 1648 2880 toutesfois
1703 2822 1772 2880 et
1827 2813 2158 2899 prudence

228 2917 339 2980 que
378 2918 551 2964 nous
604 2907 837 2964 tenons
897 2896 979 2964 de
1019 2898 1215 2965 Dieu.
1304 2902 1454 2965 Aux
1494 2907 1704 2968 terres
1748 2899 1837 2966 du
1878 2900 1984 2966 Ro
2074 2899 2158 2965 de

227 2981 513 3050 Navarre
560 3003 647 3049 ou
688 2985 795 3071 icy
839 2993 985 3069 sept
1025 2987 1404 3068 parroisses,
1571 3005 1645 3051 ce
1687 2987 1814 3053 soit
1856 3007 1938 3052 au
2017 2986 2077 3051 ei
2125 3021 2156 3035 -

226 3089 393 3149 nour,
441 3073 517 3155 Je
560 3091 692 3157 nay
748 3070 1003 3137 trouble
1047 3073 1345 3154 quelcun.
1483 3094 1567 3157 ay
1611 3072 1707 3139 les
1749 3072 2026 3138 officiers
2112 3092 2158 3137 ιι

224 3174 334 3239 roy
374 3154 455 3221 de
499 3154 801 3222 Navarre
855 3158 968 3241 qui
1021 3177 1129 3223 me
1185 3155 1588 3225 conduiscnt.
1677 3157 1769 3223 Et
1810 3157 2073 3241 despuis
2097 3161 2155 3220 ·2

226 3242 377 3308 mois
417 3262 508 3309 en
552 3262 630 3310 ca
669 3241 738 3308 la
778 3263 991 3309 messe
1033 3253 1135 3309 est
1176 3243 1452 3309 houstee
1495 3243 1578 3310 de
1632 3252 1846 3309 toutes
1889 3244 1985 3309 les
2027 3253 2157 3310 ter-

228 3347 321 3392 res
358 3325 443 3393 du
476 3327 637 3414 Roy
672 3328 754 3394 de
785 3327 1102 3395 Navarre.
1177 3329 1353 3395 Dieu
1395 3349 1518 3413 par
1558 3349 1633 3395 sa
1674 3330 1923 3396 saincte
1965 3350 2160 3415 grace

226 3432 377 3480 nous
440 3413 638 3480 veille
702 3417 1025 3500 tousjours
1089 3415 1363 3480 fortifier
1428 3424 1494 3481 et
1556 3414 1807 3481 donner
1869 3415 2158 3481 caschun

224 3500 360 3581 jour
409 3502 590 3651 sorice
603 3500 936 3652 &avene
993 3509 1341 3568 constance
1393 3511 1461 3567 et
1501 3522 1972 3585 perseverance
2015 3504 2159 3585 jus-

230 3605 370 3667 ques
411 3607 451 3651 a
523 3606 564 3651 a

383 3670 525 3738 Sur
574 3693 667 3751 ce,
726 3671 1199 3758 Monseigneur
1254 3682 1321 3738 et
1369 3672 1664 3739 trescher
1716 3673 1906 3753 frere,
1968 3693 2159 3757 apres

230 3765 452 3823 mestre
496 3757 955 3825 recommande
998 3758 1079 3824 de
1123 3768 1266 3824 tout
1307 3778 1466 3824 mon
1510 3778 1706 3825 coeur
1748 3780 1789 3824 a
1830 3778 1951 3826 voz
1995 3759 2157 3825 bon-

232 3861 335 3907 1108
373 3846 624 3927 priores
669 3845 741 3929 je
795 3844 940 3928 prie
995 3866 1070 3912 ce
1123 3845 1252 3911 bon
1294 3844 1467 3911 Dieu
1512 3864 1679 3912 vous
1722 3845 1905 3911 avoir
1948 3866 2028 3911 en
2086 3864 2159 3910 sa

233 3926 413 4010 garde
466 3939 539 3996 et
591 3930 953 4013 protection
1006 3952 1047 3997 a
1092 3931 1350 4015 jamais,
1405 3951 1571 3997 vous
1626 3938 1998 4016 gouverner
2037 3951 2158 4014 par

233 4031 335 4078 son
374 4016 589 4082 sainct
630 4016 836 4100 esprit
878 4025 947 4082 et
998 4017 1160 4082 faire
1215 4019 1542 4102 tousjours
1581 4018 1855 4101 profiter
1896 4037 2017 4081 voz
2058 4015 2156 4082 la·

232 4096 410 4166 beurs
448 4102 606 4167 bien
648 4113 717 4167 ct
755 4100 1278 4181 heureusement,
1336 4123 1587 4170 comme
1641 4123 1835 4188 grace
1892 4102 2018 4168 soit
2071 4123 2155 4167 au

231 4179 544 4270 Seigneur
584 4208 751 4255 vous
802 4207 961 4254 avez
1012 4190 1084 4273 ja
1136 4189 1267 4254 fort
1318 4208 1583 4254 avance.
1668 4187 1719 4256 J
1718 4210 1756 4254 e
1799 4209 1960 4255 vous
2002 4209 2157 4272 sup·

232 4268 383 4355 plye,
437 4294 598 4339 mon
640 4274 770 4340 bon
812 4274 1122 4359 seigneur
1162 4284 1232 4340 et
1270 4294 1444 4358 pere,
1500 4295 1608 4339 me
1663 4272 2158 4341 recommander

232 4374 269 4418 a
301 4366 440 4426 tous
493 4380 619 4426 noz
675 4359 837 4427 bons
891 4360 1100 4427 freres
1153 4368 1221 4427 et
1274 4382 1482 4446 amys,
1548 4369 1614 4425 et
1678 4380 1929 4427 comme
1988 4380 2158 4427 nous

233 4440 459 4511 faisons
511 4446 737 4530 prions
790 4459 938 4513 tous
991 4446 1127 4512 dun
1169 4465 1363 4513 coeur
1415 4454 1484 4513 et
1537 4444 1711 4512 dune
1765 4444 2019 4514 bouche
2059 4445 2156 4512 les

233 4546 357 4679 ἲς]
397 4551 565 4683 11031·
620 4530 718 4598 108
770 4541 1005 4633 autres·
1052 4552 1182 4685 qu}
1221 4531 1272 4600 J
1271 4530 1630 4599 esuschrist
1685 4532 2012 4683 trioimphe
2065 4553 2157 4631 au

358 4637 437 4682 eu
523 4638 562 4683 0
599 4637 707 4685 808
749 4638 1062 4685 ennemis.
1180 4637 1221 4684 0
1261 4639 1368 4684 me
1410 4637 1782 4685 recomman
1828 4639 1865 4684 e
1907 4638 2156 4702 spema-

235 4695 460 4767 lement
502 4724 542 4768 a
583 4703 966 4782 Mdoenrss)
1008 4712 1075 4770 et
1119 4725 1159 4770 a
1202 4703 1630 4790 MRaymon.
1701 4702 1837 4789 Jay
1881 4705 2082 4772 rescri
2128 4710 2158 4769 t

238 4803 271 4848 8
306 4786 393 4853 Μ.
435 4788 749 4858 Dandum
801 4798 871 4856 et
920 4812 960 4857 a
1001 4812 1155 4857 mon
1208 4791 1437 4859 cousin
1478 4790 1573 4857 M.
1616 4790 1888 4857 maistre
1928 4790 2093 4858 Nico
2118 4809 2156 4855 e

258 4941 305 4947 ·-
362 4945 607 4954 ,ψ’-,ᾑ-

267 5108 323 5164 N
419 5045 480 5113 2)
520 5044 605 5100 Un
656 5049 860 5118 synode
907 5049 997 5114 Ιῗα
1048 5056 1175 5103 tenu
1220 5050 1257 5103 ὰ
1304 5046 1546 5118 See-Foy
1597 5047 1646 5101 le
1692 5046 1777 5101 10.
1818 5045 1952 5100 De'c.
2000 5045 2150 5099 1561.

241 5110 262 5172 (
319 5110 603 5263 ..ὃὸἓξηῦε
647 5184 824 5240 Bau-ie
873 5186 1009 5241 &tait
1057 5188 1368 5267 lentescant·
1406 5185 1483 5239 du
1533 5186 1625 5267 roi
1666 5183 1746 5268 dc·
1779 5182 2042 5239 Navarra
2065 5197 2153 5264 ‘en

245 5243 481 5387 0111811840)
500 5268 565 5377 eun
546 5252 819 5379 (ἐξῆκε
798 5254 1001 5379 e“1³:562
1075 5255 1132 5310 Π
1169 5273 1207 5326 y
1249 5259 1573 5310 marmenem
1618 5251 1767 5309 vedu
1799 5253 1867 5307 de
1901 5251 2150 5307 Janvter.

1932 395 2096 458 1662
2136 391 2518 461 IANUAR.

4092 403 4219 471 266

2279 580 2406 663 Cot,
2468 583 2641 649 aussi
2687 602 2727 648 8
2763 582 2859 649 Μ.
2910 581 3203 652 Οοῑῑαᾶωι
3259 585 3562 656 ladvocat
3619 595 3685 656 et
3737 608 3777 656 a
3819 590 3915 658 M.
3963 589 4224 659 Pravo&

2273 689 2432 734 mon
2476 667 2603 735 bon
2647 688 2752 736 am
2805 722 2820 735 .
2909 667 3083 736 Dieu
3138 672 3265 738 soit
3306 692 3460 740 avec
3502 694 3666 742 nous
3708 682 3857 743 tous
3900 696 3940 742 a
3979 677 4220 762 jamais

2273 761 2341 819 et
2397 775 2567 854 nous
2620 691 2815 856 11011ἶο
2878 757 3200 840 toquours
3256 779 3623 843 gouverner
3663 781 3783 846 par
3839 783 3956 829 8011
4009 763 4220 831 sainct

2273 848 2497 923 espnt.
2587 843 2648 907 A
2694 839 2987 907 Gironde
3017 844 3070 919 ⁸)
3112 863 3185 909 ce
3227 846 3415 929 xxvj⁶
3460 843 3540 911 de
3581 845 3877 915 Janvier.

2531 977 2770 1045 Vostre
2812 978 2984 1045 frere
3026 979 3350 1046 serviteur
3392 991 3462 1046 et
3504 1003 3656 1068 amy
3692 982 3774 1050 sil
3814 1005 3977 1051 vous
4019 985 4218 1070 plaist

3024 1064 3343 1134 Francois
3385 1066 3698 1136 Richard.

3041 1360 3444 1370 ——.——..——-.-.

3146 1610 3344 1682 awa.

2723 1764 3289 1834 HOLBRAOUS
3325 1765 3762 1834 GALVINO.

2441 1934 2660 2005 Severe
2726 1938 3099 2021 perstrinqit
3174 1935 3481 2003 Heehusii
3553 1957 3781 2003 novum
3844 1937 4070 2004 bibrum
4138 1940 4214 2008 de

2269 2020 2490 2089 Coena.
2613 2022 2936 2089 Zanchum
3014 2023 3296 2089 reducem
3357 2023 3633 2089 mundat.
3743 2021 4211 2093 Concionatores

2266 2110 2819 2194 Aryentoratenses
2857 2109 3206 2175 doctrinam
3237 2109 3314 2175 de
3338 2109 3908 2191 praedestimtione
3940 2109 4212 2194 labefac-

2264 2198 2400 2261 tare
2474 2196 2744 2261 rescivit.
2857 2192 3194 2278 Principes
3269 2195 3572 2277 quosdam
3654 2193 4004 2262 Germanos
4067 2215 4211 2264 cnm

2264 2281 2857 2434 tamosfflcbffais
2897 2278 3546 2448 aewiffifiss'mw
3800 2302 3844 2366 9
3967 2283 3980 2296 ·
4047 2288 4208 2372 m

2562 2537 2676 2602 (nx
2713 2537 3052 2607 natm-pho
3087 2537 3218 2593 coe.
3252 2537 3456 2592 ωηεν.
3497 2534 3614 2607 110,
3645 2536 3738 2593 τοι.
3775 2536 3922 2606 isa)

2434 2709 2738 2776 Eximiae
2798 2709 3059 2793 pietatis
3112 2716 3181 2775 et
3242 2708 3576 2776 doctrinae
3636 2710 3781 2776 viro
3842 2707 3930 2776 D.
3975 2708 4208 2777 Ioanni

2263 2793 2541 2864 Oalvino
2584 2794 2995 2862 Genevensis
3039 2794 3346 2862 ecclesiae
3386 2795 3650 2880 pastori.
3702 2880 4031 2947 Genevoe.

2433 3051 2505 3120 S.
2551 3052 2875 3136 Cuperem
2915 3050 3186 3118 meliora
3219 3071 3304 3116 ex
3328 3051 3690 3118 Germania
3722 3052 3843 3118 tibi
3877 3053 4076 3120 mitti:
4113 3059 4209 3120 ta·

2259 3158 2435 3219 men,
2480 3146 2557 3205 ut
2598 3158 2806 3223 spero,
2863 3145 3230 3221 postremus
3271 3138 3398 3203 iste
3441 3136 3753 3204 Heshusii
3794 3144 4211 3222 portentosus

2259 3225 2477 3290 foetus
2503 3229 2551 3302 ¹)
2591 3244 2725 3325 non
2760 3233 2825 3289 te
2859 3223 3158 3323 terrebit..
3208 3223 3489 3289 Librum
3524 3222 3704 3324 intra
3726 3222 4000 3290 biduum
4022 3245 4211 3326 enar-3

2256 3331 2503 3475 ἒζῖἐτο,
2561 3329 2902 3462 nunqu&
2943 3308 3117 3480 110ιῇιᾶ
3138 3308 3801 3463 123383030213120
3843 3417 3885 3462 a
3924 3331 4062 3462 gam
4107 3396 4210 3463 fu-

2258 3483 2435 3549 rioso
2489 3483 2731 3565 scripto
2784 3489 3092 3561 metuam,
3149 3501 3346 3565 quam
3401 3479 3570 3563 quod
3622 3482 3948 3566 gravatim
4000 3482 4209 3550 feram

2258 3570 2703 3636 conviciorum
2745 3566 3039 3653 plaustra
3076 3568 3149 3632 in
3192 3566 3341 3633 illos
3384 3565 3655 3647 effundi,
3699 3587 3821 3652 per
3863 3588 4025 3652 quos
4066 3568 4209 3633 Do-

2256 3655 2481 3721 minus
2535 3654 2607 3719 in
2663 3662 2888 3720 nostra
2943 3652 3166 3720 Gallia
3221 3672 3501 3738 regnum
3555 3652 3710 3720 Iesu
3765 3652 4013 3719 Christi
4057 3672 4210 3737 pro·

2257 3747 2495 3807 movet.
2594 3740 2680 3805 In
2744 3739 2866 3806 1100
2923 3741 3098 3804 0111111
3164 3740 3511 3805 artificium
3566 3737 3854 3805 Satanae
3909 3738 4210 3822 inprimis

2258 3846 2402 3893 sese
2444 3825 2662 3910 prodit
2717 3822 2908 3909 quod,
2968 3846 3171 3909 quum
3215 3826 3455 3891 sentiat
3499 3824 3865 3891 doctrinam
3910 3823 4206 3889 veritatis

2257 3912 2538 3997 opprimi
2582 3933 2712 3977 non
2755 3932 2943 3995 posse
3000 3933 3122 3978 1100
3177 3912 3383 3995 ipsius
3440 3931 3704 3978 cursum
3748 3909 4089 3988 retardari,
4131 3910 4207 3974 in

2255 3999 2709 4065 ministrorum
2745 3995 3054 4081 personas
3087 3997 3406 4081 impetum
3442 3996 3781 4063 convertit
3857 3994 3993 4061 Sed
4029 3993 4206 4078 apud

2257 4083 2560 4150 cordatos
2602 4092 2740 4148 tam
2785 4083 3018 4150 ferocis
3060 4084 3266 4149 animi
3306 4081 3691 4165 impotentia
3723 4101 3858 4146 11011
3891 4100 4206 4165 magnam

2256 4168 2455 4234 inibit
2497 4169 2795 4254 gratiam.
2865 4169 2948 4235 In
2991 4168 3366 4235 refellendis
3412 4165 3865 4234 affectionibus
3907 4186 4042 4232 non
4077 4166 4208 4232 erit

2258 4262 2436 4333 (meo
2479 4254 2750 4342 iudicio)
2792 4275 3189 4341 magnopere
3232 4252 3676 4321 laborandum.
3763 4252 3848 4317 In
3892 4273 3969 4317 eo
4015 4273 4205 4336 prae-

2258 4343 2489 4409 sertim
2542 4341 3025 4409 immorandum
3081 4349 3182 4408 est
3236 4339 3406 4426 quod
3458 4339 3695 4404 asserit
3747 4339 4089 4406 Christum
4131 4338 4204 4403 in

2256 4446 2498 4494 coenae
2552 4428 2970 4495 institutione
3026 4447 3264 4492 novam
3322 4424 3702 4503 doctrinam,
3763 4445 4006 4491 novum
4048 4422 4204 4490 fidei

2257 4515 2604 4581 articulum
2684 4514 2990 4582 ecclesiae
3068 4511 3589 4597 patriarcharum
3655 4520 3722 4576 et
3785 4510 4202 4595 propheticae

2255 4609 2455 4666 antea
2527 4599 2899 4667 inauditum
2981 4608 3046 4664 et
3124 4596 3532 4682 incognitum
3614 4595 3989 4672 tradidisse,
4057 4597 4096 4661 i.
4145 4617 4198 4662 0.

2257 4686 2661 4771 corporalem
2705 4684 2990 4769 corporis
3045 4682 3293 4749 Christi
3348 4681 3936 4760 manducationem,
4005 4702 4201 4767 quam

2256 4793 2666 4838 communem
2725 4791 2864 4837 esse
2920 4769 3153 4834 volunt
3205 4768 3335 4854 piis
3393 4788 3598 4853 aeque
3657 4788 3731 4835 ac
3785 4768 4009 4852 impiis
4050 4788 4201 4837 cum

2254 4878 2422 4942 pane
2488 4876 2743 4923 coenae.
2838 4856 3199 4922 Enimvero
3277 4856 3345 4920 in
3414 4854 3544 4920 illis
3609 4852 4030 4921 observandis
4095 4875 4200 4919 me

2253 4945 2579 5009 monitore
2624 4963 2751 5007 non
2796 4941 3072 5025 indiges.

2347 5183 2359 5196 .
2460 5112 2521 5179 5)
2566 5111 2748 5195 Qualis
2785 5111 3066 5235 pega-ego·
3089 5117 3222 5194 ρετζε
3265 5112 3390 5167 mlle
3434 5111 3806 5236 οοιιῖἔὶέναόῐσ
3848 5115 4199 5234 αυοὲοςυὲτπ

2251 5181 2283 5239 ‘³
2317 5180 2868 5307 233θὲὴὲξέἶὲ
2904 5182 3279 5306 mm&
3328 5180 3491 5237 Μ’
3605 5179 3887 5251 'mm‘
4109 5192 4197 5234 ⁰*

2251 5319 2523 5390 8704.1)
2561 5318 2702 5375 Vide
2740 5318 2808 5375 N.
2848 5316 3001 5373 3699.
