<?xml version="1.0" encoding="UTF-8"?>
<!DOCTYPE html PUBLIC "-//W3C//DTD XHTML 1.0 Transitional//EN"
    "http://www.w3.org/TR/xhtml1/DTD/xhtml1-transitional.dtd">
<html xmlns="http://www.w3.org/1999/xhtml" xml:lang="en" lang="en">
 <head>
  <title>
</title>
<meta http-equiv="Content-Type" content="text/html;charset=utf-8" />
  <meta name='ocr-system' content='tesseract 3.04.00' />
  <meta name='ocr-capabilities' content='ocr_page ocr_carea ocr_par ocr_line ocrx_word'/>
</head>
<body>
  <div class='ocr_page' id='page_1' title='image "./ioanniscalvinio05unkngoog_0225.png"; bbox 0 0 4850 6117; ppageno 0'>
   <div class='ocr_carea' id='block_1_1' title="bbox 248 391 356 453">
    <p class='ocr_par' dir='ltr' id='par_1_1' title="bbox 248 391 356 453">
     <span class='ocr_line' id='line_1_1' title="bbox 248 391 356 453; baseline -0.019 0"><span class='ocrx_word' id='word_1_1' title='bbox 248 391 356 453; x_wconf 80' lang='lat'><strong>425</strong></span> 
     </span>
    </p>
   </div>
   <div class='ocr_carea' id='block_1_2' title="bbox 236 569 2162 1927">
    <p class='ocr_par' dir='ltr' id='par_1_2' title="bbox 236 569 2162 1927">
     <span class='ocr_line' id='line_1_2' title="bbox 245 569 2159 659; baseline -0.004 -17"><span class='ocrx_word' id='word_1_2' title='bbox 245 583 391 642; x_wconf 82' lang='grc'><strong>16166</strong></span> <span class='ocrx_word' id='word_1_3' title='bbox 440 580 680 659; x_wconf 87' lang='grc'><strong>361661</strong></span> <span class='ocrx_word' id='word_1_4' title='bbox 732 572 965 639; x_wconf 77' lang='lat' dir='ltr'><strong>tacitas</strong></span> <span class='ocrx_word' id='word_1_5' title='bbox 1018 571 1405 638; x_wconf 77' lang='lat' dir='ltr'><strong>simultates.</strong></span> <span class='ocrx_word' id='word_1_6' title='bbox 1479 569 1725 636; x_wconf 87' lang='lat' dir='ltr'><strong>Hostes</strong></span> <span class='ocrx_word' id='word_1_7' title='bbox 1779 578 2159 636; x_wconf 85' lang='lat' dir='ltr'><strong>constanter</strong></span> 
     </span>
     <span class='ocr_line' id='line_1_3' title="bbox 246 655 2157 741; baseline -0.004 -12"><span class='ocrx_word' id='word_1_8' title='bbox 246 681 367 729; x_wconf 85' lang='lat' dir='ltr'><strong>sese</strong></span> <span class='ocrx_word' id='word_1_9' title='bbox 396 665 621 725; x_wconf 85' lang='lat' dir='ltr'><strong>mutuo</strong></span> <span class='ocrx_word' id='word_1_10' title='bbox 653 665 944 735; x_wconf 86' lang='lat' dir='ltr'><strong>tuentur,</strong></span> <span class='ocrx_word' id='word_1_11' title='bbox 988 666 1064 723; x_wconf 89' lang='lat' dir='ltr'><strong>ut</strong></span> <span class='ocrx_word' id='word_1_12' title='bbox 1097 677 1328 724; x_wconf 82' lang='lat' dir='ltr'><strong>verear</strong></span> <span class='ocrx_word' id='word_1_13' title='bbox 1361 677 1446 722; x_wconf 90' lang='lat' dir='ltr'><strong>ne</strong></span> <span class='ocrx_word' id='word_1_14' title='bbox 1483 655 1797 722; x_wconf 86' lang='lat' dir='ltr'><strong>fallantur</strong></span> <span class='ocrx_word' id='word_1_15' title='bbox 1837 657 1946 741; x_wconf 90' lang='lat' dir='ltr'><strong>qui</strong></span> <span class='ocrx_word' id='word_1_16' title='bbox 1986 655 2157 721; x_wconf 88' lang='lat' dir='ltr'><strong>mul-</strong></span> 
     </span>
     <span class='ocr_line' id='line_1_4' title="bbox 244 740 2157 830; baseline -0.003 -18"><span class='ocrx_word' id='word_1_17' title='bbox 244 755 361 812; x_wconf 78' lang='lat' dir='ltr'><strong>tam</strong></span> <span class='ocrx_word' id='word_1_18' title='bbox 414 764 593 830; x_wconf 86' lang='lat' dir='ltr'><strong>spem</strong></span> <span class='ocrx_word' id='word_1_19' title='bbox 646 745 715 809; x_wconf 89' lang='lat' dir='ltr'><strong>in</strong></span> <span class='ocrx_word' id='word_1_20' title='bbox 772 742 1148 811; x_wconf 88' lang='lat' dir='ltr'><strong>hominibus</strong></span> <span class='ocrx_word' id='word_1_21' title='bbox 1199 743 1536 809; x_wconf 86' lang='lat' dir='ltr'><strong>collocant.</strong></span> <span class='ocrx_word' id='word_1_22' title='bbox 1630 740 1769 809; x_wconf 81' lang='lat' dir='ltr'><strong>Sed</strong></span> <span class='ocrx_word' id='word_1_23' title='bbox 1808 741 1971 809; x_wconf 83' lang='grc'><strong>6666</strong></span> <span class='ocrx_word' id='word_1_24' title='bbox 2024 742 2157 808; x_wconf 88' lang='lat' dir='ltr'><strong>iam</strong></span> 
     </span>
     <span class='ocr_line' id='line_1_5' title="bbox 243 826 2158 906; baseline -0.003 -7"><span class='ocrx_word' id='word_1_25' title='bbox 243 830 465 899; x_wconf 83' lang='lat' dir='ltr'><strong>dudum</strong></span> <span class='ocrx_word' id='word_1_26' title='bbox 506 831 697 897; x_wconf 84' lang='lat' dir='ltr'><strong>nosti.</strong></span> <span class='ocrx_word' id='word_1_27' title='bbox 779 828 1006 896; x_wconf 86' lang='lat' dir='ltr'><strong>Unum</strong></span> <span class='ocrx_word' id='word_1_28' title='bbox 1047 828 1173 895; x_wconf 89' lang='lat' dir='ltr'><strong>hoc</strong></span> <span class='ocrx_word' id='word_1_29' title='bbox 1225 826 1546 906; x_wconf 83' lang='lat' dir='ltr'><strong>adiiciam,</strong></span> <span class='ocrx_word' id='word_1_30' title='bbox 1604 826 1934 895; x_wconf 86' lang='lat' dir='ltr'><strong>difficilem</strong></span> <span class='ocrx_word' id='word_1_31' title='bbox 1992 826 2158 894; x_wconf 87' lang='lat' dir='ltr'><strong>mihi</strong></span> 
     </span>
     <span class='ocr_line' id='line_1_6' title="bbox 241 911 2159 1001; baseline -0.003 -17"><span class='ocrx_word' id='word_1_32' title='bbox 241 916 425 985; x_wconf 77' lang='lat' dir='ltr'><strong>videri</strong></span> <span class='ocrx_word' id='word_1_33' title='bbox 478 914 886 1001; x_wconf 88' lang='lat' dir='ltr'><strong>quorundam</strong></span> <span class='ocrx_word' id='word_1_34' title='bbox 930 914 1434 981; x_wconf 86' lang='lat' dir='ltr'><strong>Valesianorum</strong></span> <span class='ocrx_word' id='word_1_35' title='bbox 1490 912 2025 998; x_wconf 75' lang='lat' dir='ltr'><strong>pollicitationem</strong></span> <span class='ocrx_word' id='word_1_36' title='bbox 2077 911 2159 979; x_wconf 91' lang='lat' dir='ltr'><strong>de</strong></span> 
     </span>
     <span class='ocr_line' id='line_1_7' title="bbox 240 998 2160 1086; baseline -0.003 -17"><span class='ocrx_word' id='word_1_37' title='bbox 240 1001 534 1070; x_wconf 87' lang='lat' dir='ltr'><strong>mittendo</strong></span> <span class='ocrx_word' id='word_1_38' title='bbox 567 1000 866 1086; x_wconf 84' lang='lat' dir='ltr'><strong>peditatu</strong></span> <span class='ocrx_word' id='word_1_39' title='bbox 891 999 1218 1068; x_wconf 74' lang='lat' dir='ltr'><strong>Gondenei.</strong></span> <span class='ocrx_word' id='word_1_40' title='bbox 1239 1000 1294 1086; x_wconf 77' lang='lat'><strong>⁸)</strong></span> <span class='ocrx_word' id='word_1_41' title='bbox 1355 1000 1415 1066; x_wconf 80' lang='lat' dir='ltr'><strong>E:</strong></span> <span class='ocrx_word' id='word_1_42' title='bbox 1452 998 1639 1067; x_wconf 88' lang='lat' dir='ltr'><strong>nobis</strong></span> <span class='ocrx_word' id='word_1_43' title='bbox 1673 1000 1850 1065; x_wconf 90' lang='lat' dir='ltr'><strong>enim</strong></span> <span class='ocrx_word' id='word_1_44' title='bbox 1884 999 2160 1066; x_wconf 90' lang='lat' dir='ltr'><strong>militem</strong></span> 
     </span>
     <span class='ocr_line' id='line_1_8' title="bbox 239 1084 2160 1174; baseline -0.003 -17"><span class='ocrx_word' id='word_1_45' title='bbox 239 1088 520 1174; x_wconf 81' lang='lat' dir='ltr'><strong>colligere</strong></span> <span class='ocrx_word' id='word_1_46' title='bbox 576 1107 711 1153; x_wconf 90' lang='lat' dir='ltr'><strong>non</strong></span> <span class='ocrx_word' id='word_1_47' title='bbox 765 1085 1007 1155; x_wconf 88' lang='lat' dir='ltr'><strong>licebit.</strong></span> <span class='ocrx_word' id='word_1_48' title='bbox 1101 1086 1346 1153; x_wconf 86' lang='lat' dir='ltr'><strong>Rhaeti</strong></span> <span class='ocrx_word' id='word_1_49' title='bbox 1404 1085 1621 1153; x_wconf 79' lang='lat' dir='ltr'>dissiti</span> <span class='ocrx_word' id='word_1_50' title='bbox 1675 1093 1834 1152; x_wconf 89' lang='lat' dir='ltr'><strong>sunt</strong></span> <span class='ocrx_word' id='word_1_51' title='bbox 1895 1084 2006 1151; x_wconf 91' lang='lat' dir='ltr'><strong>lon</strong></span> <span class='ocrx_word' id='word_1_52' title='bbox 2057 1085 2160 1151; x_wconf 83' lang='lat' dir='ltr'><strong>‘us</strong></span> 
     </span>
     <span class='ocr_line' id='line_1_9' title="bbox 238 1169 2159 1260; baseline -0.002 -19"><span class='ocrx_word' id='word_1_53' title='bbox 238 1195 411 1260; x_wconf 88' lang='lat' dir='ltr'><strong>quam</strong></span> <span class='ocrx_word' id='word_1_54' title='bbox 452 1183 532 1239; x_wconf 91' lang='grc'><strong>61</strong></span> <span class='ocrx_word' id='word_1_55' title='bbox 572 1173 715 1240; x_wconf 86' lang='grc'><strong>61116</strong></span> <span class='ocrx_word' id='word_1_56' title='bbox 757 1172 1221 1257; x_wconf 88' lang='lat' dir='ltr'><strong>impedimento</strong></span> <span class='ocrx_word' id='word_1_57' title='bbox 1264 1170 1386 1240; x_wconf 88' lang='lat' dir='ltr'><strong>sub</strong></span> <span class='ocrx_word' id='word_1_58' title='bbox 1426 1171 1532 1238; x_wconf 87' lang='lat' dir='ltr'><strong>his</strong></span> <span class='ocrx_word' id='word_1_59' title='bbox 1575 1169 1846 1239; x_wconf 88' lang='lat' dir='ltr'><strong>ducibus</strong></span> <span class='ocrx_word' id='word_1_60' title='bbox 1887 1172 1961 1237; x_wconf 88' lang='lat' dir='ltr'><strong>in</strong></span> <span class='ocrx_word' id='word_1_61' title='bbox 2128 1205 2159 1220; x_wconf 91' lang='lat'>-</span> 
     </span>
     <span class='ocr_line' id='line_1_10' title="bbox 237 1256 2160 1345; baseline -0.002 -19"><span class='ocrx_word' id='word_1_62' title='bbox 237 1261 375 1326; x_wconf 82' lang='lat' dir='ltr'><strong>liam</strong></span> <span class='ocrx_word' id='word_1_63' title='bbox 426 1261 838 1345; x_wconf 81' lang='lat' dir='ltr'><strong>perveniant.</strong></span> <span class='ocrx_word' id='word_1_64' title='bbox 919 1256 1273 1324; x_wconf 85' lang='lat' dir='ltr'><strong>Valesiana</strong></span> <span class='ocrx_word' id='word_1_65' title='bbox 1325 1257 1510 1342; x_wconf 90' lang='lat' dir='ltr'><strong>plebs</strong></span> <span class='ocrx_word' id='word_1_66' title='bbox 1566 1257 1875 1342; x_wconf 77' lang='lat' dir='ltr'><strong>pertinax</strong></span> <span class='ocrx_word' id='word_1_67' title='bbox 1929 1264 2032 1325; x_wconf 89' lang='lat' dir='ltr'><strong>est</strong></span> <span class='ocrx_word' id='word_1_68' title='bbox 2084 1256 2160 1322; x_wconf 86' lang='lat' dir='ltr'><strong>in</strong></span> 
     </span>
     <span class='ocr_line' id='line_1_11' title="bbox 236 1342 2162 1431; baseline -0.003 -18"><span class='ocrx_word' id='word_1_69' title='bbox 236 1346 522 1431; x_wconf 84' lang='lat' dir='ltr'><strong>papismo.</strong></span> <span class='ocrx_word' id='word_1_70' title='bbox 593 1343 742 1413; x_wconf 90' lang='grc'><strong>8616</strong></span> <span class='ocrx_word' id='word_1_71' title='bbox 782 1365 890 1411; x_wconf 89' lang='lat' dir='ltr'><strong>me</strong></span> <span class='ocrx_word' id='word_1_72' title='bbox 932 1344 1057 1411; x_wconf 90' lang='lat' dir='ltr'><strong>hoc</strong></span> <span class='ocrx_word' id='word_1_73' title='bbox 1114 1343 1329 1411; x_wconf 89' lang='lat' dir='ltr'><strong>dicere</strong></span> <span class='ocrx_word' id='word_1_74' title='bbox 1389 1343 1510 1410; x_wconf 91' lang='lat' dir='ltr'><strong>tibi</strong></span> <span class='ocrx_word' id='word_1_75' title='bbox 1553 1365 1637 1409; x_wconf 91' lang='lat' dir='ltr'><strong>ne</strong></span> <span class='ocrx_word' id='word_1_76' title='bbox 1691 1342 2005 1410; x_wconf 87' lang='lat' dir='ltr'><strong>fallantur</strong></span> <span class='ocrx_word' id='word_1_77' title='bbox 2048 1343 2162 1427; x_wconf 88' lang='lat' dir='ltr'><strong>qui</strong></span> 
     </span>
     <span class='ocr_line' id='line_1_12' title="bbox 241 1430 2160 1514; baseline -0.003 -15"><span class='ocrx_word' id='word_1_78' title='bbox 241 1430 562 1499; x_wconf 69' lang='lat' dir='ltr'><strong>Goudmis</strong></span> <span class='ocrx_word' id='word_1_79' title='bbox 602 1431 864 1497; x_wconf 86' lang='lat' dir='ltr'><strong>nomine</strong></span> <span class='ocrx_word' id='word_1_80' title='bbox 909 1432 1032 1496; x_wconf 86' lang='lat' dir='ltr'><strong>hoe</strong></span> <span class='ocrx_word' id='word_1_81' title='bbox 1075 1439 1297 1514; x_wconf 82' lang='lat' dir='ltr'><strong>agunt,</strong></span> <span class='ocrx_word' id='word_1_82' title='bbox 1339 1451 1507 1497; x_wconf 83' lang='lat' dir='ltr'><strong>neve</strong></span> <span class='ocrx_word' id='word_1_83' title='bbox 1542 1438 1780 1513; x_wconf 89' lang='lat' dir='ltr'><strong>putent</strong></span> <span class='ocrx_word' id='word_1_84' title='bbox 1818 1430 1888 1495; x_wconf 90' lang='lat' dir='ltr'><strong>in</strong></span> <span class='ocrx_word' id='word_1_85' title='bbox 1922 1449 2160 1513; x_wconf 87' lang='lat' dir='ltr'><strong>pauco·</strong></span> 
     </span>
     <span class='ocr_line' id='line_1_13' title="bbox 237 1514 2159 1602; baseline -0.002 -18"><span class='ocrx_word' id='word_1_86' title='bbox 237 1538 370 1584; x_wconf 88' lang='lat' dir='ltr'><strong>rum</strong></span> <span class='ocrx_word' id='word_1_87' title='bbox 410 1516 701 1602; x_wconf 88' lang='lat' dir='ltr'><strong>alioquin</strong></span> <span class='ocrx_word' id='word_1_88' title='bbox 744 1517 1062 1583; x_wconf 86' lang='lat' dir='ltr'><strong>bonorum</strong></span> <span class='ocrx_word' id='word_1_89' title='bbox 1106 1516 1397 1584; x_wconf 82' lang='lat' dir='ltr'><strong>virorum</strong></span> <span class='ocrx_word' id='word_1_90' title='bbox 1439 1521 1763 1599; x_wconf 85' lang='lat' dir='ltr'><strong>potestate</strong></span> <span class='ocrx_word' id='word_1_91' title='bbox 1805 1522 1947 1582; x_wconf 84' lang='grc'><strong>6666</strong></span> <span class='ocrx_word' id='word_1_92' title='bbox 1989 1514 2159 1600; x_wconf 89' lang='lat' dir='ltr'><strong>quod</strong></span> 
     </span>
     <span class='ocr_line' id='line_1_14' title="bbox 237 1601 2160 1755; baseline -0.001 -85"><span class='ocrx_word' id='word_1_93' title='bbox 237 1624 338 1688; x_wconf 89' lang='lat' dir='ltr'><strong>spe</strong></span> <span class='ocrx_word' id='word_1_94' title='bbox 376 1611 687 1755; x_wconf 48' lang='lat' dir='ltr'><strong>oodxzcepga</strong></span> <span class='ocrx_word' id='word_1_95' title='bbox 724 1604 1140 1754; x_wconf 51' lang='lat' dir='ltr'><strong>¹{iel-leemlilttunt.</strong></span> <span class='ocrx_word' id='word_1_96' title='bbox 1213 1601 1398 1681; x_wconf 86' lang='lat' dir='ltr'><strong>Vale,</strong></span> <span class='ocrx_word' id='word_1_97' title='bbox 1454 1609 1641 1702; x_wconf 72' lang='lat' dir='ltr'><strong>pater</strong></span> <span class='ocrx_word' id='word_1_98' title='bbox 1682 1620 1759 1668; x_wconf 87' lang='grc'><strong>66</strong></span> <span class='ocrx_word' id='word_1_99' title='bbox 1800 1601 2004 1668; x_wconf 71' lang='lat' dir='ltr'><strong>frater</strong></span> <span class='ocrx_word' id='word_1_100' title='bbox 2044 1622 2160 1701; x_wconf 78' lang='lat' dir='ltr'><strong>ve-</strong></span> 
     </span>
     <span class='ocr_line' id='line_1_15' title="bbox 236 1706 2162 1927; baseline -0.002 -86"><span class='ocrx_word' id='word_1_101' title='bbox 236 1709 686 1927; x_wconf 45' lang='lat' dir='ltr'><strong>&#39;Qdessu</strong></span> <span class='ocrx_word' id='word_1_102' title='bbox 679 1707 1047 1925; x_wconf 56' lang='lat'><strong>‘5315263032</strong></span> <span class='ocrx_word' id='word_1_103' title='bbox 1075 1707 1267 1856; x_wconf 55' lang='lat'><strong>:3252</strong></span> <span class='ocrx_word' id='word_1_104' title='bbox 1296 1706 2162 1857; x_wconf 43' lang='lat' dir='ltr'><strong>ffssffietmfiffinossonssenss</strong></span> 
     </span>
     <span class='ocr_line' id='line_1_16' title="bbox 236 1880 918 1927; baseline 0 0"><span class='ocrx_word' id='word_1_105' title='bbox 236 1880 346 1927; x_wconf 79' lang='lat' dir='ltr'><strong>nae</strong></span> <span class='ocrx_word' id='word_1_106' title='bbox 468 1911 484 1927; x_wconf 90' lang='lat'><strong>.</strong></span> <span class='ocrx_word' id='word_1_107' title='bbox 903 1911 918 1927; x_wconf 90' lang='lat'><strong>.</strong></span> 
     </span>
    </p>
   </div>
   <div class='ocr_carea' id='block_1_3' title="bbox 1092 1996 2073 2064">
    <p class='ocr_par' dir='ltr' id='par_1_3' title="bbox 1092 1996 2073 2064">
     <span class='ocr_line' id='line_1_17' title="bbox 1092 1996 2073 2064; baseline -0.001 -2"><span class='ocrx_word' id='word_1_108' title='bbox 1092 1998 1276 2063; x_wconf 76' lang='lat' dir='ltr'><strong>Tuus</strong></span> <span class='ocrx_word' id='word_1_109' title='bbox 1318 1996 1629 2063; x_wconf 87' lang='lat' dir='ltr'><strong>Nicolaus</strong></span> <span class='ocrx_word' id='word_1_110' title='bbox 1671 1998 2073 2064; x_wconf 86' lang='lat' dir='ltr'><strong>Zerchintes.</strong></span> 
     </span>
    </p>
   </div>
   <div class='ocr_carea' id='block_1_4' title="bbox 977 2291 1386 2303">
    <p class='ocr_par' dir='ltr' id='par_1_4' title="bbox 977 2291 1386 2303">
     <span class='ocr_line' id='line_1_18' title="bbox 977 2291 1386 2303; baseline -0.002 -2"><span class='ocrx_word' id='word_1_111' title='bbox 977 2291 1386 2303; x_wconf 70' lang='lat' dir='ltr'>—n—-————-—</span> 
     </span>
    </p>
   </div>
   <div class='ocr_carea' id='block_1_5' title="bbox 677 2547 1693 2802">
    <p class='ocr_par' dir='ltr' id='par_1_5' title="bbox 677 2547 1693 2802">
     <span class='ocr_line' id='line_1_19' title="bbox 1093 2547 1287 2617; baseline -0.01 -1"><span class='ocrx_word' id='word_1_112' title='bbox 1093 2547 1287 2617; x_wconf 69' lang='lat'><strong>3795.</strong></span> 
     </span>
     <span class='ocr_line' id='line_1_20' title="bbox 677 2704 1693 2802; baseline -0.003 -15"><span class='ocrx_word' id='word_1_113' title='bbox 677 2719 1194 2787; x_wconf 76' lang='lat' dir='ltr'>GRAVELLE</span> <span class='ocrx_word' id='word_1_114' title='bbox 1228 2722 1281 2802; x_wconf 87' lang='lat'><strong>¹)</strong></span> <span class='ocrx_word' id='word_1_115' title='bbox 1325 2722 1396 2786; x_wconf 85' lang='lat' dir='ltr'><strong>A.</strong></span> <span class='ocrx_word' id='word_1_116' title='bbox 1431 2704 1693 2786; x_wconf 73' lang='lat' dir='ltr'><strong>BEZE.</strong></span> 
     </span>
    </p>
   </div>
   <div class='ocr_carea' id='block_1_6' title="bbox 227 2888 2157 3061">
    <p class='ocr_par' dir='ltr' id='par_1_6' title="bbox 227 2888 2157 3061">
     <span class='ocr_line' id='line_1_21' title="bbox 382 2888 2157 2978; baseline -0.001 -22"><span class='ocrx_word' id='word_1_117' title='bbox 382 2891 654 2978; x_wconf 66' lang='grc'><strong>12691166</strong></span> <span class='ocrx_word' id='word_1_118' title='bbox 693 2892 772 2959; x_wconf 78' lang='lat' dir='ltr'><strong>de</strong></span> <span class='ocrx_word' id='word_1_119' title='bbox 820 2891 1052 2977; x_wconf 77' lang='lat' dir='ltr'><strong>Troyes</strong></span> <span class='ocrx_word' id='word_1_120' title='bbox 1094 2890 1174 2957; x_wconf 68' lang='lat' dir='ltr'><strong>oa</strong></span> <span class='ocrx_word' id='word_1_121' title='bbox 1215 2889 1274 2957; x_wconf 70' lang='lat'><strong>52</strong></span> <span class='ocrx_word' id='word_1_122' title='bbox 1310 2896 1402 2958; x_wconf 75' lang='lat' dir='ltr'><strong>est</strong></span> <span class='ocrx_word' id='word_1_123' title='bbox 1442 2890 1771 2974; x_wconf 58' lang='lat' dir='ltr'><strong>&amp;priserit</strong></span> <span class='ocrx_word' id='word_1_124' title='bbox 1810 2890 2029 2957; x_wconf 65' lang='lat' dir='ltr'><strong>aweit</strong></span> <span class='ocrx_word' id='word_1_125' title='bbox 2066 2888 2157 2955; x_wconf 82' lang='lat' dir='ltr'><strong>be-</strong></span> 
     </span>
     <span class='ocr_line' id='line_1_22' title="bbox 227 2977 1115 3061; baseline 0 -18"><span class='ocrx_word' id='word_1_126' title='bbox 227 2978 352 3043; x_wconf 71' lang='lat' dir='ltr'><strong>win</strong></span> <span class='ocrx_word' id='word_1_127' title='bbox 389 2977 542 3045; x_wconf 63' lang='grc' dir='ltr'><strong>ἄνη</strong></span> <span class='ocrx_word' id='word_1_128' title='bbox 583 2978 1115 3061; x_wconf 75' lang='lat' dir='ltr'><strong>secondpasteur.</strong></span> 
     </span>
    </p>
   </div>
   <div class='ocr_carea' id='block_1_7' title="bbox 226 3145 2155 3219">
    <p class='ocr_par' dir='ltr' id='par_1_7' title="bbox 226 3145 2155 3219">
     <span class='ocr_line' id='line_1_23' title="bbox 226 3145 2155 3219; baseline 0.001 -17"><span class='ocrx_word' id='word_1_129' title='bbox 226 3147 593 3219; x_wconf 76' lang='lat' dir='ltr'><strong>(Autographe</strong></span> <span class='ocrx_word' id='word_1_130' title='bbox 628 3150 697 3204; x_wconf 84' lang='lat' dir='ltr'><strong>de</strong></span> <span class='ocrx_word' id='word_1_131' title='bbox 732 3150 786 3204; x_wconf 80' lang='grc'><strong>16</strong></span> <span class='ocrx_word' id='word_1_132' title='bbox 820 3147 1206 3219; x_wconf 80' lang='grc' dir='ltr'><strong>Βί6116166666</strong></span> <span class='ocrx_word' id='word_1_133' title='bbox 1242 3149 1312 3203; x_wconf 88' lang='grc'><strong>(16</strong></span> <span class='ocrx_word' id='word_1_134' title='bbox 1336 3148 1571 3203; x_wconf 76' lang='lat' dir='ltr'><strong>Gen‘eve.</strong></span> <span class='ocrx_word' id='word_1_135' title='bbox 1614 3146 1730 3204; x_wconf 77' lang='lat' dir='ltr'><strong>MS.</strong></span> <span class='ocrx_word' id='word_1_136' title='bbox 1767 3145 1885 3216; x_wconf 82' lang='grc'><strong>196,</strong></span> <span class='ocrx_word' id='word_1_137' title='bbox 1921 3148 2013 3203; x_wconf 77' lang='lat' dir='ltr'><strong>fol.</strong></span> <span class='ocrx_word' id='word_1_138' title='bbox 2047 3146 2155 3216; x_wconf 78' lang='lat'><strong>58.)</strong></span> 
     </span>
    </p>
   </div>
   <div class='ocr_carea' id='block_1_8' title="bbox 381 3320 2012 3491">
    <p class='ocr_par' dir='ltr' id='par_1_8' title="bbox 381 3320 2012 3491">
     <span class='ocr_line' id='line_1_24' title="bbox 381 3320 1552 3389; baseline 0 -1"><span class='ocrx_word' id='word_1_139' title='bbox 381 3324 442 3388; x_wconf 87' lang='lat' dir='ltr'>A</span> <span class='ocrx_word' id='word_1_140' title='bbox 487 3322 831 3389; x_wconf 77' lang='lat' dir='ltr'><strong>Monsieur</strong></span> <span class='ocrx_word' id='word_1_141' title='bbox 870 3321 1212 3389; x_wconf 77' lang='lat' dir='ltr'><strong>Monsieur</strong></span> <span class='ocrx_word' id='word_1_142' title='bbox 1254 3320 1335 3387; x_wconf 89' lang='grc'><strong>(16</strong></span> <span class='ocrx_word' id='word_1_143' title='bbox 1379 3320 1552 3388; x_wconf 74' lang='lat' dir='ltr'><strong>Beze</strong></span> 
     </span>
     <span class='ocr_line' id='line_1_25' title="bbox 1271 3396 2012 3491; baseline -0.001 -19"><span class='ocrx_word' id='word_1_144' title='bbox 1271 3407 1376 3472; x_wconf 89' lang='lat' dir='ltr'><strong>La</strong></span> <span class='ocrx_word' id='word_1_145' title='bbox 1415 3415 1568 3491; x_wconf 84' lang='lat' dir='ltr'><strong>part</strong></span> <span class='ocrx_word' id='word_1_146' title='bbox 1607 3416 1692 3474; x_wconf 84' lang='grc'><strong>66</strong></span> <span class='ocrx_word' id='word_1_147' title='bbox 1733 3407 1782 3471; x_wconf 89' lang='grc'><strong>11</strong></span> <span class='ocrx_word' id='word_1_148' title='bbox 1824 3396 2012 3487; x_wconf 52' lang='grc' dir='ltr'><strong>ὣ16.1</strong></span> 
     </span>
    </p>
   </div>
   <div class='ocr_carea' id='block_1_9' title="bbox 223 3576 2162 3750">
    <p class='ocr_par' dir='ltr' id='par_1_9' title="bbox 223 3576 2162 3750">
     <span class='ocr_line' id='line_1_26' title="bbox 223 3576 2162 3681; baseline -0.001 -38"><span class='ocrx_word' id='word_1_149' title='bbox 223 3576 314 3644; x_wconf 86' lang='lat' dir='ltr'><strong>La</strong></span> <span class='ocrx_word' id='word_1_150' title='bbox 353 3600 550 3664; x_wconf 80' lang='lat' dir='ltr'><strong>grace</strong></span> <span class='ocrx_word' id='word_1_151' title='bbox 594 3587 660 3645; x_wconf 92' lang='lat' dir='ltr'><strong>et</strong></span> <span class='ocrx_word' id='word_1_152' title='bbox 716 3581 872 3664; x_wconf 81' lang='lat' dir='ltr'><strong>paix</strong></span> <span class='ocrx_word' id='word_1_153' title='bbox 926 3579 1008 3646; x_wconf 98' lang='grc'><strong>(16</strong></span> <span class='ocrx_word' id='word_1_154' title='bbox 1063 3587 1284 3678; x_wconf 71' lang='lat' dir='ltr'><strong>nostre</strong></span> <span class='ocrx_word' id='word_1_155' title='bbox 1326 3578 1652 3681; x_wconf 84' lang='grc'><strong>86136661</strong></span> <span class='ocrx_word' id='word_1_156' title='bbox 1693 3579 1742 3646; x_wconf 86' lang='lat' dir='ltr'><strong>J</strong></span> <span class='ocrx_word' id='word_1_157' title='bbox 1741 3599 1891 3645; x_wconf 90' lang='lat' dir='ltr'><strong>esus</strong></span> <span class='ocrx_word' id='word_1_158' title='bbox 1934 3576 2162 3645; x_wconf 80' lang='lat' dir='ltr'>Christ</span> 
     </span>
     <span class='ocr_line' id='line_1_27' title="bbox 805 3663 1565 3750; baseline 0 -18"><span class='ocrx_word' id='word_1_159' title='bbox 805 3685 974 3732; x_wconf 83' lang='lat' dir='ltr'><strong>vous</strong></span> <span class='ocrx_word' id='word_1_160' title='bbox 1017 3674 1147 3732; x_wconf 75' lang='lat' dir='ltr'><strong>soit</strong></span> <span class='ocrx_word' id='word_1_161' title='bbox 1186 3663 1565 3750; x_wconf 68' lang='lat' dir='ltr'><strong>multiplice.</strong></span> 
     </span>
    </p>
   </div>
   <div class='ocr_carea' id='block_1_10' title="bbox 224 3800 2161 4487">
    <p class='ocr_par' dir='ltr' id='par_1_10' title="bbox 225 3800 2161 4059">
     <span class='ocr_line' id='line_1_28' title="bbox 381 3800 2161 3887; baseline -0.002 -18"><span class='ocrx_word' id='word_1_162' title='bbox 381 3802 727 3869; x_wconf 79' lang='lat' dir='ltr'><strong>Monsieur</strong></span> <span class='ocrx_word' id='word_1_163' title='bbox 782 3812 850 3867; x_wconf 89' lang='lat' dir='ltr'><strong>et</strong></span> <span class='ocrx_word' id='word_1_164' title='bbox 905 3821 1080 3885; x_wconf 90' lang='lat' dir='ltr'><strong>pere,</strong></span> <span class='ocrx_word' id='word_1_165' title='bbox 1130 3805 1271 3887; x_wconf 79' lang='lat' dir='ltr'><strong>j’ay</strong></span> <span class='ocrx_word' id='word_1_166' title='bbox 1324 3803 1511 3885; x_wconf 87' lang='lat' dir='ltr'><strong>prins</strong></span> <span class='ocrx_word' id='word_1_167' title='bbox 1568 3801 1634 3867; x_wconf 89' lang='lat' dir='ltr'><strong>la</strong></span> <span class='ocrx_word' id='word_1_168' title='bbox 1686 3802 2021 3867; x_wconf 88' lang='lat' dir='ltr'><strong>hardiesse</strong></span> <span class='ocrx_word' id='word_1_169' title='bbox 2080 3800 2161 3866; x_wconf 93' lang='grc'><strong>(16</strong></span> 
     </span>
     <span class='ocr_line' id='line_1_29' title="bbox 225 3884 2160 3973; baseline 0.001 -22"><span class='ocrx_word' id='word_1_170' title='bbox 225 3908 374 3956; x_wconf 80' lang='lat' dir='ltr'><strong>vous</strong></span> <span class='ocrx_word' id='word_1_171' title='bbox 426 3888 749 3973; x_wconf 87' lang='lat' dir='ltr'><strong>rescripre</strong></span> <span class='ocrx_word' id='word_1_172' title='bbox 811 3890 876 3954; x_wconf 89' lang='lat' dir='ltr'><strong>la</strong></span> <span class='ocrx_word' id='word_1_173' title='bbox 928 3898 1231 3972; x_wconf 79' lang='lat' dir='ltr'><strong>presente</strong></span> <span class='ocrx_word' id='word_1_174' title='bbox 1285 3888 1560 3955; x_wconf 83' lang='grc'><strong>66666111</strong></span> <span class='ocrx_word' id='word_1_175' title='bbox 1600 3887 1667 3953; x_wconf 84' lang='lat' dir='ltr'><strong>la</strong></span> <span class='ocrx_word' id='word_1_176' title='bbox 1707 3884 1921 3953; x_wconf 90' lang='lat' dir='ltr'><strong>bonne</strong></span> <span class='ocrx_word' id='word_1_177' title='bbox 1965 3886 2160 3952; x_wconf 87' lang='lat' dir='ltr'><strong>affec-</strong></span> 
     </span>
     <span class='ocr_line' id='line_1_30' title="bbox 226 3972 2158 4059; baseline -0.001 -21"><span class='ocrx_word' id='word_1_178' title='bbox 226 3973 350 4040; x_wconf 86' lang='lat' dir='ltr'><strong>tion</strong></span> <span class='ocrx_word' id='word_1_179' title='bbox 445 3997 531 4041; x_wconf 88' lang='lat' dir='ltr'><strong>ue</strong></span> <span class='ocrx_word' id='word_1_180' title='bbox 587 3994 754 4042; x_wconf 83' lang='lat' dir='ltr'><strong>vous</strong></span> <span class='ocrx_word' id='word_1_181' title='bbox 810 3986 1030 4057; x_wconf 70' lang='lat' dir='ltr'><strong>portes</strong></span> <span class='ocrx_word' id='word_1_182' title='bbox 1075 3995 1114 4039; x_wconf 87' lang='grc'><strong>6</strong></span> <span class='ocrx_word' id='word_1_183' title='bbox 1171 3973 1397 4059; x_wconf 88' lang='grc'><strong>1631166</strong></span> <span class='ocrx_word' id='word_1_184' title='bbox 1451 3972 1534 4039; x_wconf 92' lang='grc'><strong>(16</strong></span> <span class='ocrx_word' id='word_1_185' title='bbox 1576 3973 1751 4039; x_wconf 90' lang='lat' dir='ltr'><strong>Dieu</strong></span> <span class='ocrx_word' id='word_1_186' title='bbox 1810 3982 1876 4038; x_wconf 89' lang='lat' dir='ltr'><strong>et</strong></span> <span class='ocrx_word' id='word_1_187' title='bbox 1920 3992 1959 4037; x_wconf 87' lang='lat' dir='ltr'><strong>a</strong></span> <span class='ocrx_word' id='word_1_188' title='bbox 2002 3992 2158 4057; x_wconf 80' lang='lat' dir='ltr'><strong>moy</strong></span> 
     </span>
    </p>

    <p class='ocr_par' dir='ltr' id='par_1_11' title="bbox 224 4056 2160 4487">
     <span class='ocr_line' id='line_1_31' title="bbox 371 4056 2158 4141; baseline -0.002 -14"><span class='ocrx_word' id='word_1_189' title='bbox 371 4062 385 4077; x_wconf 83' lang='lat'>‘</span> <span class='ocrx_word' id='word_1_190' title='bbox 441 4070 676 4127; x_wconf 88' lang='lat' dir='ltr'><strong>ement.</strong></span> <span class='ocrx_word' id='word_1_191' title='bbox 759 4059 1103 4126; x_wconf 79' lang='lat' dir='ltr'><strong>Monsieur</strong></span> <span class='ocrx_word' id='word_1_192' title='bbox 1160 4080 1327 4126; x_wconf 85' lang='lat' dir='ltr'><strong>vous</strong></span> <span class='ocrx_word' id='word_1_193' title='bbox 1392 4059 1592 4127; x_wconf 74' lang='lat' dir='ltr'><strong>devea</strong></span> <span class='ocrx_word' id='word_1_194' title='bbox 1657 4056 1969 4125; x_wconf 89' lang='lat' dir='ltr'><strong>entendre</strong></span> <span class='ocrx_word' id='word_1_195' title='bbox 2033 4079 2158 4141; x_wconf 89' lang='lat' dir='ltr'><strong>que</strong></span> 
     </span>
     <span class='ocr_line' id='line_1_32' title="bbox 225 4143 2160 4230; baseline -0.001 -19"><span class='ocrx_word' id='word_1_196' title='bbox 225 4156 428 4211; x_wconf 86' lang='lat' dir='ltr'><strong>estant</strong></span> <span class='ocrx_word' id='word_1_197' title='bbox 480 4148 697 4212; x_wconf 78' lang='lat' dir='ltr'><strong>arrivs</strong></span> <span class='ocrx_word' id='word_1_198' title='bbox 753 4169 794 4212; x_wconf 89' lang='lat' dir='ltr'><strong>a</strong></span> <span class='ocrx_word' id='word_1_199' title='bbox 834 4146 1025 4212; x_wconf 89' lang='lat' dir='ltr'><strong>Paris</strong></span> <span class='ocrx_word' id='word_1_200' title='bbox 1070 4167 1233 4212; x_wconf 89' lang='lat' dir='ltr'><strong>nous</strong></span> <span class='ocrx_word' id='word_1_201' title='bbox 1276 4144 1714 4211; x_wconf 87' lang='lat' dir='ltr'><strong>entendismes</strong></span> <span class='ocrx_word' id='word_1_202' title='bbox 1756 4164 1880 4229; x_wconf 89' lang='lat' dir='ltr'><strong>que</strong></span> <span class='ocrx_word' id='word_1_203' title='bbox 1933 4143 2160 4230; x_wconf 84' lang='lat' dir='ltr'><strong>leglise</strong></span> 
     </span>
     <span class='ocr_line' id='line_1_33' title="bbox 225 4229 2159 4316; baseline 0.001 -23"><span class='ocrx_word' id='word_1_204' title='bbox 225 4229 540 4298; x_wconf 83' lang='lat' dir='ltr'><strong>d&#39;Anvers</strong></span> <span class='ocrx_word' id='word_1_205' title='bbox 595 4235 791 4299; x_wconf 87' lang='lat' dir='ltr'><strong>estoit</strong></span> <span class='ocrx_word' id='word_1_206' title='bbox 844 4251 1199 4315; x_wconf 84' lang='lat' dir='ltr'><strong>pourveue:</strong></span> <span class='ocrx_word' id='word_1_207' title='bbox 1268 4252 1441 4316; x_wconf 82' lang='lat' dir='ltr'>quoy</span> <span class='ocrx_word' id='word_1_208' title='bbox 1485 4245 1735 4316; x_wconf 77' lang='lat' dir='ltr'><strong>voyant</strong></span> <span class='ocrx_word' id='word_1_209' title='bbox 1792 4230 2020 4316; x_wconf 82' lang='lat' dir='ltr'><strong>leglise</strong></span> <span class='ocrx_word' id='word_1_210' title='bbox 2078 4229 2159 4295; x_wconf 92' lang='lat' dir='ltr'><strong>de</strong></span> 
     </span>
     <span class='ocr_line' id='line_1_34' title="bbox 224 4314 2159 4403; baseline 0.001 -23"><span class='ocrx_word' id='word_1_211' title='bbox 224 4314 402 4384; x_wconf 86' lang='lat' dir='ltr'><strong>Paris</strong></span> <span class='ocrx_word' id='word_1_212' title='bbox 444 4339 771 4403; x_wconf 75' lang='lat' dir='ltr'><strong>menvoya</strong></span> <span class='ocrx_word' id='word_1_213' title='bbox 811 4339 853 4383; x_wconf 88' lang='lat' dir='ltr'><strong>a</strong></span> <span class='ocrx_word' id='word_1_214' title='bbox 894 4318 1145 4402; x_wconf 77' lang='lat' dir='ltr'><strong>Troyes</strong></span> <span class='ocrx_word' id='word_1_215' title='bbox 1189 4338 1273 4382; x_wconf 91' lang='lat' dir='ltr'><strong>ou</strong></span> <span class='ocrx_word' id='word_1_216' title='bbox 1320 4319 1389 4402; x_wconf 86' lang='lat' dir='ltr'><strong>je</strong></span> <span class='ocrx_word' id='word_1_217' title='bbox 1443 4318 1576 4383; x_wconf 89' lang='grc'><strong>6616</strong></span> <span class='ocrx_word' id='word_1_218' title='bbox 1620 4338 1660 4381; x_wconf 89' lang='grc'><strong>6</strong></span> <span class='ocrx_word' id='word_1_219' title='bbox 1701 4326 1984 4401; x_wconf 90' lang='lat' dir='ltr'><strong>present.</strong></span> <span class='ocrx_word' id='word_1_220' title='bbox 2057 4316 2159 4381; x_wconf 90' lang='lat' dir='ltr'><strong>Le</strong></span> 
     </span>
     <span class='ocr_line' id='line_1_35' title="bbox 224 4402 2159 4487; baseline 0 -21"><span class='ocrx_word' id='word_1_221' title='bbox 224 4404 483 4470; x_wconf 85' lang='lat' dir='ltr'><strong>nombre</strong></span> <span class='ocrx_word' id='word_1_222' title='bbox 516 4402 600 4469; x_wconf 90' lang='lat' dir='ltr'><strong>de</strong></span> <span class='ocrx_word' id='word_1_223' title='bbox 633 4405 825 4470; x_wconf 87' lang='lat' dir='ltr'><strong>cenlx</strong></span> <span class='ocrx_word' id='word_1_224' title='bbox 859 4405 969 4487; x_wconf 89' lang='lat' dir='ltr'><strong>qui</strong></span> <span class='ocrx_word' id='word_1_225' title='bbox 1013 4405 1378 4486; x_wconf 83' lang='lat' dir='ltr'><strong>invoquent</strong></span> <span class='ocrx_word' id='word_1_226' title='bbox 1419 4403 1480 4469; x_wconf 92' lang='lat' dir='ltr'><strong>le</strong></span> <span class='ocrx_word' id='word_1_227' title='bbox 1524 4422 1677 4467; x_wconf 87' lang='lat' dir='ltr'><strong>nom</strong></span> <span class='ocrx_word' id='word_1_228' title='bbox 1720 4403 1807 4469; x_wconf 97' lang='lat' dir='ltr'><strong>du</strong></span> <span class='ocrx_word' id='word_1_229' title='bbox 1831 4402 2159 4487; x_wconf 84' lang='grc'><strong>86136661</strong></span> 
     </span>
    </p>
   </div>
   <div class='ocr_carea' id='block_1_11' title="bbox 222 4589 620 4606">
    <p class='ocr_par' dir='ltr' id='par_1_12' title="bbox 222 4589 620 4606">
     <span class='ocr_line' id='line_1_36' title="bbox 222 4589 620 4606; baseline 0 1511"><span class='ocrx_word' id='word_1_230' title='bbox 222 4589 620 4606; x_wconf 95' lang='lat' dir='ltr'><strong> </strong></span> 
     </span>
    </p>
   </div>
   <div class='ocr_carea' id='block_1_12' title="bbox 225 4694 2159 5387">
    <p class='ocr_par' dir='ltr' id='par_1_13' title="bbox 225 4694 2159 5247">
     <span class='ocr_line' id='line_1_37' title="bbox 417 4694 2156 4768; baseline -0.001 -18"><span class='ocrx_word' id='word_1_231' title='bbox 417 4694 476 4764; x_wconf 82' lang='grc'><strong>3)</strong></span> <span class='ocrx_word' id='word_1_232' title='bbox 510 4695 734 4753; x_wconf 61' lang='lat' dir='ltr'><strong>Ructat</strong></span> <span class='ocrx_word' id='word_1_233' title='bbox 785 4695 873 4749; x_wconf 81' lang='lat' dir='ltr'><strong>VI.</strong></span> <span class='ocrx_word' id='word_1_234' title='bbox 925 4696 1059 4751; x_wconf 72' lang='lat'>491.-</span> <span class='ocrx_word' id='word_1_235' title='bbox 1114 4696 1162 4751; x_wconf 88' lang='lat'><strong>11</strong></span> <span class='ocrx_word' id='word_1_236' title='bbox 1207 4715 1243 4768; x_wconf 79' lang='lat' dir='ltr'>y</span> <span class='ocrx_word' id='word_1_237' title='bbox 1289 4701 1384 4750; x_wconf 89' lang='grc'><strong>661</strong></span> <span class='ocrx_word' id='word_1_238' title='bbox 1432 4696 1693 4766; x_wconf 85' lang='grc'><strong>66616666</strong></span> <span class='ocrx_word' id='word_1_239' title='bbox 1739 4695 2038 4764; x_wconf 71' lang='grc'><strong>66])11611166</strong></span> <span class='ocrx_word' id='word_1_240' title='bbox 2082 4695 2156 4749; x_wconf 86' lang='grc'><strong>(16</strong></span> 
     </span>
     <span class='ocr_line' id='line_1_38' title="bbox 227 4760 2159 4835; baseline 0.002 -21"><span class='ocrx_word' id='word_1_241' title='bbox 227 4760 409 4818; x_wconf 78' lang='lat' dir='ltr'><strong>Valais</strong></span> <span class='ocrx_word' id='word_1_242' title='bbox 441 4766 534 4835; x_wconf 89' lang='grc'><strong>661</strong></span> <span class='ocrx_word' id='word_1_243' title='bbox 569 4765 790 4819; x_wconf 77' lang='lat' dir='ltr'><strong>avoient</strong></span> <span class='ocrx_word' id='word_1_244' title='bbox 815 4766 886 4818; x_wconf 91' lang='grc'><strong>(16</strong></span> <span class='ocrx_word' id='word_1_245' title='bbox 914 4765 1149 4835; x_wconf 87' lang='lat' dir='ltr'><strong>l&#39;emploi</strong></span> <span class='ocrx_word' id='word_1_246' title='bbox 1185 4764 1219 4819; x_wconf 78' lang='grc'><strong>6</strong></span> <span class='ocrx_word' id='word_1_247' title='bbox 1232 4764 1408 4835; x_wconf 63' lang='lat' dir='ltr'><strong>Lyom</strong></span> <span class='ocrx_word' id='word_1_248' title='bbox 1444 4764 1514 4818; x_wconf 81' lang='grc'><strong>66</strong></span> <span class='ocrx_word' id='word_1_249' title='bbox 1546 4765 1627 4818; x_wconf 85' lang='grc'><strong>166</strong></span> <span class='ocrx_word' id='word_1_250' title='bbox 1661 4763 1922 4818; x_wconf 75' lang='lat' dir='ltr'><strong>reformes</strong></span> <span class='ocrx_word' id='word_1_251' title='bbox 1949 4764 2159 4818; x_wconf 80' lang='grc'><strong>61616111</strong></span> 
     </span>
     <span class='ocr_line' id='line_1_39' title="bbox 226 4831 2155 4905; baseline 0.001 -20"><span class='ocrx_word' id='word_1_252' title='bbox 226 4831 360 4886; x_wconf 68' lang='lat' dir='ltr'><strong>alors</strong></span> <span class='ocrx_word' id='word_1_253' title='bbox 390 4834 469 4888; x_wconf 84' lang='lat' dir='ltr'><strong>les</strong></span> <span class='ocrx_word' id='word_1_254' title='bbox 502 4839 745 4901; x_wconf 77' lang='grc'><strong>61611166,</strong></span> <span class='ocrx_word' id='word_1_255' title='bbox 819 4836 878 4888; x_wconf 89' lang='grc'><strong>61</strong></span> <span class='ocrx_word' id='word_1_256' title='bbox 910 4835 1095 4888; x_wconf 83' lang='lat' dir='ltr'><strong>furent</strong></span> <span class='ocrx_word' id='word_1_257' title='bbox 1128 4833 1354 4905; x_wconf 79' lang='grc'><strong>6661366</strong></span> <span class='ocrx_word' id='word_1_258' title='bbox 1387 4850 1490 4904; x_wconf 83' lang='lat' dir='ltr'><strong>par</strong></span> <span class='ocrx_word' id='word_1_259' title='bbox 1533 4835 1612 4888; x_wconf 87' lang='lat' dir='ltr'><strong>les</strong></span> <span class='ocrx_word' id='word_1_260' title='bbox 1646 4832 2053 4888; x_wconf 68' lang='lat' dir='ltr'><strong>commendante</strong></span> <span class='ocrx_word' id='word_1_261' title='bbox 2085 4832 2155 4886; x_wconf 88' lang='lat' dir='ltr'><strong>de</strong></span> 
     </span>
     <span class='ocr_line' id='line_1_40' title="bbox 225 4899 2158 4973; baseline 0.001 -20"><span class='ocrx_word' id='word_1_262' title='bbox 225 4899 338 4953; x_wconf 83' lang='lat' dir='ltr'><strong>leur</strong></span> <span class='ocrx_word' id='word_1_263' title='bbox 388 4919 645 4972; x_wconf 83' lang='lat' dir='ltr'><strong>procurer</strong></span> <span class='ocrx_word' id='word_1_264' title='bbox 689 4920 795 4972; x_wconf 86' lang='grc'><strong>666</strong></span> <span class='ocrx_word' id='word_1_265' title='bbox 819 4920 952 4973; x_wconf 89' lang='grc'><strong>6666</strong></span> <span class='ocrx_word' id='word_1_266' title='bbox 999 4904 1281 4973; x_wconf 87' lang='grc'><strong>666613666</strong></span> <span class='ocrx_word' id='word_1_267' title='bbox 1326 4903 1394 4955; x_wconf 88' lang='grc'><strong>(16</strong></span> <span class='ocrx_word' id='word_1_268' title='bbox 1443 4901 1670 4957; x_wconf 87' lang='grc'><strong>8616666.</strong></span> <span class='ocrx_word' id='word_1_269' title='bbox 1767 4901 1844 4955; x_wconf 89' lang='lat' dir='ltr'><strong>Ils</strong></span> <span class='ocrx_word' id='word_1_270' title='bbox 1894 4901 2077 4955; x_wconf 78' lang='lat' dir='ltr'><strong>furent</strong></span> <span class='ocrx_word' id='word_1_271' title='bbox 2119 4900 2158 4955; x_wconf 65' lang='grc'><strong>6</strong></span> 
     </span>
     <span class='ocr_line' id='line_1_41' title="bbox 225 4967 2155 5042; baseline 0 -20"><span class='ocrx_word' id='word_1_272' title='bbox 225 4967 398 5025; x_wconf 85' lang='lat' dir='ltr'><strong>Berne</strong></span> <span class='ocrx_word' id='word_1_273' title='bbox 433 4979 488 5026; x_wconf 84' lang='lat' dir='ltr'><strong>et</strong></span> <span class='ocrx_word' id='word_1_274' title='bbox 520 4973 770 5042; x_wconf 77' lang='lat' dir='ltr'><strong>prierent</strong></span> <span class='ocrx_word' id='word_1_275' title='bbox 801 4972 914 5027; x_wconf 90' lang='lat' dir='ltr'><strong>LL.</strong></span> <span class='ocrx_word' id='word_1_276' title='bbox 951 4973 1066 5026; x_wconf 70' lang='lat' dir='ltr'><strong>En.</strong></span> <span class='ocrx_word' id='word_1_277' title='bbox 1113 4972 1182 5025; x_wconf 88' lang='grc'><strong>(16</strong></span> <span class='ocrx_word' id='word_1_278' title='bbox 1217 4971 1335 5025; x_wconf 88' lang='grc'><strong>1661</strong></span> <span class='ocrx_word' id='word_1_279' title='bbox 1380 4971 1637 5026; x_wconf 81' lang='lat' dir='ltr'><strong>accordsr</strong></span> <span class='ocrx_word' id='word_1_280' title='bbox 1683 4972 1735 5024; x_wconf 90' lang='grc'><strong>16</strong></span> <span class='ocrx_word' id='word_1_281' title='bbox 1780 4986 2008 5040; x_wconf 77' lang='lat' dir='ltr'><strong>passage</strong></span> <span class='ocrx_word' id='word_1_282' title='bbox 2055 4986 2155 5038; x_wconf 80' lang='lat' dir='ltr'><strong>par</strong></span> 
     </span>
     <span class='ocr_line' id='line_1_42' title="bbox 227 5036 1695 5107; baseline 0.001 -16"><span class='ocrx_word' id='word_1_283' title='bbox 227 5036 684 5107; x_wconf 79' lang='grc'><strong>16616161166,66</strong></span> <span class='ocrx_word' id='word_1_284' title='bbox 757 5039 1426 5096; x_wconf 71' lang='lat' dir='ltr'><strong>uileurfutaccordele</strong></span> <span class='ocrx_word' id='word_1_285' title='bbox 1461 5039 1695 5094; x_wconf 82' lang='lat' dir='ltr'><strong>3.Juin.</strong></span> 
     </span>
     <span class='ocr_line' id='line_1_43' title="bbox 228 5104 2156 5178; baseline 0.001 -18"><span class='ocrx_word' id='word_1_286' title='bbox 228 5104 402 5164; x_wconf 71' lang='lat'><strong>8⁷05.</strong></span> <span class='ocrx_word' id='word_1_287' title='bbox 417 5108 473 5178; x_wconf 93' lang='lat'><strong>1)</strong></span> <span class='ocrx_word' id='word_1_288' title='bbox 508 5108 595 5173; x_wconf 80' lang='lat' dir='ltr'><strong>Of.</strong></span> <span class='ocrx_word' id='word_1_289' title='bbox 631 5109 707 5164; x_wconf 87' lang='lat' dir='ltr'><strong>N.</strong></span> <span class='ocrx_word' id='word_1_290' title='bbox 978 5108 1232 5166; x_wconf 75' lang='lat' dir='ltr'><strong>Gravelle</strong></span> <span class='ocrx_word' id='word_1_291' title='bbox 1257 5109 1458 5178; x_wconf 64' lang='lat' dir='ltr'><strong>parcet</strong></span> <span class='ocrx_word' id='word_1_292' title='bbox 1492 5110 1652 5163; x_wconf 69' lang='lat' dir='ltr'><strong>avoir</strong></span> <span class='ocrx_word' id='word_1_293' title='bbox 1686 5105 1767 5163; x_wconf 61' lang='lat'><strong>226</strong></span> <span class='ocrx_word' id='word_1_294' title='bbox 1953 5105 2086 5162; x_wconf 68' lang='lat' dir='ltr'><strong>iord</strong></span> <span class='ocrx_word' id='word_1_295' title='bbox 2118 5108 2156 5162; x_wconf 83' lang='grc' dir='ltr'><strong>ἀ</strong></span> 
     </span>
     <span class='ocr_line' id='line_1_44' title="bbox 228 5174 2158 5247; baseline 0 -19"><span class='ocrx_word' id='word_1_296' title='bbox 228 5174 415 5243; x_wconf 65' lang='lat' dir='ltr'><strong>nqueo</strong></span> <span class='ocrx_word' id='word_1_297' title='bbox 446 5178 512 5233; x_wconf 73' lang='lat' dir='ltr'><strong>de</strong></span> <span class='ocrx_word' id='word_1_298' title='bbox 544 5177 742 5233; x_wconf 71' lang='lat' dir='ltr'><strong>Drm</strong></span> <span class='ocrx_word' id='word_1_299' title='bbox 776 5177 849 5234; x_wconf 69' lang='grc' dir='ltr'><strong>οὐ</strong></span> <span class='ocrx_word' id='word_1_300' title='bbox 879 5179 925 5234; x_wconf 66' lang='lat' dir='ltr'><strong>2·oe</strong></span> <span class='ocrx_word' id='word_1_301' title='bbox 954 5179 1091 5235; x_wconf 78' lang='lat' dir='ltr'><strong>e&#39;tait</strong></span> <span class='ocrx_word' id='word_1_302' title='bbox 1123 5175 1207 5233; x_wconf 66' lang='grc' dir='ltr'><strong>κέ.</strong></span> <span class='ocrx_word' id='word_1_303' title='bbox 1253 5178 1431 5247; x_wconf 64' lang='lat' dir='ltr'><strong>Apu-es</strong></span> <span class='ocrx_word' id='word_1_304' title='bbox 1464 5176 1522 5233; x_wconf 77' lang='lat' dir='ltr'><strong>la</strong></span> <span class='ocrx_word' id='word_1_305' title='bbox 1551 5176 1610 5231; x_wconf 79' lang='lat' dir='ltr'><strong>S.</strong></span> <span class='ocrx_word' id='word_1_306' title='bbox 1646 5176 1702 5231; x_wconf 91' lang='lat' dir='ltr'><strong><em>B</em></strong></span> <span class='ocrx_word' id='word_1_307' title='bbox 1873 5190 1991 5246; x_wconf 63' lang='lat' dir='ltr'><strong>my</strong></span> <span class='ocrx_word' id='word_1_308' title='bbox 2023 5174 2069 5231; x_wconf 66' lang='grc' dir='ltr'>ἃ</span> <span class='ocrx_word' id='word_1_309' title='bbox 2102 5190 2158 5228; x_wconf 73' lang='lat' dir='ltr'><strong>se</strong></span> 
     </span>
    </p>

    <p class='ocr_par' dir='ltr' id='par_1_14' title="bbox 392 5244 2153 5317">
     <span class='ocr_line' id='line_1_45' title="bbox 392 5244 2153 5317; baseline -0.003 -14"><span class='ocrx_word' id='word_1_310' title='bbox 392 5246 403 5260; x_wconf 84' lang='lat'><em>⁰</em></span> <span class='ocrx_word' id='word_1_311' title='bbox 466 5250 503 5303; x_wconf 84' lang='grc' dir='ltr'>ὰ</span> <span class='ocrx_word' id='word_1_312' title='bbox 547 5247 801 5303; x_wconf 70' lang='lat' dir='ltr'><strong>Lanam</strong></span> <span class='ocrx_word' id='word_1_313' title='bbox 844 5248 1063 5317; x_wconf 73' lang='lat' dir='ltr'><strong>(Bullet.</strong></span> <span class='ocrx_word' id='word_1_314' title='bbox 1112 5247 1182 5302; x_wconf 91' lang='lat'><strong>11.</strong></span> <span class='ocrx_word' id='word_1_315' title='bbox 1228 5245 1343 5313; x_wconf 75' lang='lat'><strong>25).</strong></span> <span class='ocrx_word' id='word_1_316' title='bbox 1441 5244 1743 5312; x_wconf 70' lang='lat' dir='ltr'><strong>Recordon,</strong></span> <span class='ocrx_word' id='word_1_317' title='bbox 1796 5245 1842 5299; x_wconf 77' lang='lat' dir='ltr'><strong>le</strong></span> <span class='ocrx_word' id='word_1_318' title='bbox 1890 5244 2039 5299; x_wconf 82' lang='lat' dir='ltr'><strong>Prot.</strong></span> <span class='ocrx_word' id='word_1_319' title='bbox 2089 5260 2153 5298; x_wconf 80' lang='lat' dir='ltr'><strong>en</strong></span> 
     </span>
    </p>

    <p class='ocr_par' dir='ltr' id='par_1_15' title="bbox 605 5312 2064 5387">
     <span class='ocr_line' id='line_1_46' title="bbox 605 5312 2064 5387; baseline -0.003 -17"><span class='ocrx_word' id='word_1_320' title='bbox 605 5317 668 5370; x_wconf 90' lang='lat' dir='ltr'><strong>P.</strong></span> <span class='ocrx_word' id='word_1_321' title='bbox 709 5315 844 5371; x_wconf 84' lang='grc'><strong>1863</strong></span> <span class='ocrx_word' id='word_1_322' title='bbox 877 5334 931 5387; x_wconf 82' lang='lat' dir='ltr'><strong>p.</strong></span> <span class='ocrx_word' id='word_1_323' title='bbox 968 5316 1037 5371; x_wconf 79' lang='lat'><strong>89</strong></span> <span class='ocrx_word' id='word_1_324' title='bbox 1070 5315 1313 5386; x_wconf 69' lang='lat' dir='ltr'><strong>Pappolle</strong></span> <span class='ocrx_word' id='word_1_325' title='bbox 1346 5314 1403 5370; x_wconf 86' lang='lat' dir='ltr'><strong>J.</strong></span> <span class='ocrx_word' id='word_1_326' title='bbox 1442 5314 1699 5369; x_wconf 60' lang='lat' dir='ltr'><strong>Rau-elle</strong></span> <span class='ocrx_word' id='word_1_327' title='bbox 1730 5314 1814 5369; x_wconf 76' lang='lat' dir='ltr'><strong>dit</strong></span> <span class='ocrx_word' id='word_1_328' title='bbox 1850 5312 2064 5384; x_wconf 66' lang='lat' dir='ltr'><strong>Dupo&#39;n.</strong></span> 
     </span>
    </p>
   </div>
   <div class='ocr_carea' id='block_1_13' title="bbox 2021 380 2413 447">
    <p class='ocr_par' dir='ltr' id='par_1_16' title="bbox 2021 380 2413 447">
     <span class='ocr_line' id='line_1_47' title="bbox 2021 380 2413 447; baseline 0.003 -1"><span class='ocrx_word' id='word_1_329' title='bbox 2021 384 2181 446; x_wconf 84' lang='lat'><strong>1562</strong></span> <span class='ocrx_word' id='word_1_330' title='bbox 2232 380 2413 447; x_wconf 79' lang='lat' dir='ltr'><strong>MAL</strong></span> 
     </span>
    </p>
   </div>
   <div class='ocr_carea' id='block_1_14' title="bbox 2197 590 2226 5361">
    <p class='ocr_par' dir='ltr' id='par_1_17' title="bbox 2197 590 2226 5361">
     <span class='ocr_line' id='line_1_48' title="bbox 2197 590 2226 5361; baseline 0 0"><span class='ocrx_word' id='word_1_331' title='bbox 2197 590 2226 5361; x_wconf 95' lang='lat' dir='ltr'><strong> </strong></span> 
     </span>
    </p>
   </div>
   <div class='ocr_carea' id='block_1_15' title="bbox 4077 388 4202 449">
    <p class='ocr_par' dir='ltr' id='par_1_18' title="bbox 4077 388 4202 449">
     <span class='ocr_line' id='line_1_49' title="bbox 4077 388 4202 449; baseline 0 0"><span class='ocrx_word' id='word_1_332' title='bbox 4077 388 4202 449; x_wconf 82' lang='lat'><strong>426</strong></span> 
     </span>
    </p>
   </div>
   <div class='ocr_carea' id='block_1_16' title="bbox 2257 568 4205 2287">
    <p class='ocr_par' dir='ltr' id='par_1_19' title="bbox 2257 568 4205 2287">
     <span class='ocr_line' id='line_1_50' title="bbox 2260 568 4205 659; baseline 0.003 -25"><span class='ocrx_word' id='word_1_333' title='bbox 2260 578 2363 635; x_wconf 87' lang='lat' dir='ltr'><strong>est</strong></span> <span class='ocrx_word' id='word_1_334' title='bbox 2403 569 2462 636; x_wconf 93' lang='lat' dir='ltr'><strong>si</strong></span> <span class='ocrx_word' id='word_1_335' title='bbox 2507 568 2719 655; x_wconf 83' lang='lat' dir='ltr'><strong>grand</strong></span> <span class='ocrx_word' id='word_1_336' title='bbox 2762 589 2844 636; x_wconf 90' lang='lat' dir='ltr'><strong>en</strong></span> <span class='ocrx_word' id='word_1_337' title='bbox 2890 570 3098 656; x_wconf 83' lang='lat' dir='ltr'><strong>ycelle</strong></span> <span class='ocrx_word' id='word_1_338' title='bbox 3140 591 3266 656; x_wconf 88' lang='lat' dir='ltr'><strong>que</strong></span> <span class='ocrx_word' id='word_1_339' title='bbox 3309 574 3378 657; x_wconf 85' lang='lat' dir='ltr'><strong>je</strong></span> <span class='ocrx_word' id='word_1_340' title='bbox 3420 577 3535 658; x_wconf 80' lang='lat' dir='ltr'><strong>n&#39;y</strong></span> <span class='ocrx_word' id='word_1_341' title='bbox 3576 573 3727 659; x_wconf 85' lang='lat' dir='ltr'><strong>puis</strong></span> <span class='ocrx_word' id='word_1_342' title='bbox 3771 582 4205 640; x_wconf 87' lang='lat' dir='ltr'><strong>aucunement</strong></span> 
     </span>
     <span class='ocr_line' id='line_1_51' title="bbox 2258 653 4204 742; baseline 0.003 -23"><span class='ocrx_word' id='word_1_343' title='bbox 2258 653 2533 721; x_wconf 83' lang='lat' dir='ltr'><strong>fournir.</strong></span> <span class='ocrx_word' id='word_1_344' title='bbox 2607 654 2741 721; x_wconf 90' lang='lat' dir='ltr'><strong>Par</strong></span> <span class='ocrx_word' id='word_1_345' title='bbox 2775 657 2941 722; x_wconf 90' lang='lat' dir='ltr'><strong>ainsi</strong></span> <span class='ocrx_word' id='word_1_346' title='bbox 2973 659 3043 741; x_wconf 88' lang='lat' dir='ltr'><strong>je</strong></span> <span class='ocrx_word' id='word_1_347' title='bbox 3078 677 3243 724; x_wconf 86' lang='lat' dir='ltr'><strong>vous</strong></span> <span class='ocrx_word' id='word_1_348' title='bbox 3278 658 3418 742; x_wconf 87' lang='lat' dir='ltr'><strong>prie</strong></span> <span class='ocrx_word' id='word_1_349' title='bbox 3458 666 3593 724; x_wconf 87' lang='lat' dir='ltr'><strong>tres</strong></span> <span class='ocrx_word' id='word_1_350' title='bbox 3629 658 4204 726; x_wconf 84' lang='lat' dir='ltr'><strong>affectueusement</strong></span> 
     </span>
     <span class='ocr_line' id='line_1_52' title="bbox 2259 761 4203 843; baseline 0.003 -38"><span class='ocrx_word' id='word_1_351' title='bbox 2259 761 2385 825; x_wconf 89' lang='lat' dir='ltr'><strong>que</strong></span> <span class='ocrx_word' id='word_1_352' title='bbox 2428 761 2597 806; x_wconf 82' lang='lat' dir='ltr'><strong>vous</strong></span> <span class='ocrx_word' id='word_1_353' title='bbox 2653 761 2846 825; x_wconf 77' lang='lat' dir='ltr'><strong>scyez</strong></span> <span class='ocrx_word' id='word_1_354' title='bbox 2889 763 3127 843; x_wconf 66' lang='lat' dir='ltr'><strong>moyen</strong></span> <span class='ocrx_word' id='word_1_355' title='bbox 3171 763 3299 827; x_wconf 91' lang='lat' dir='ltr'><strong>que</strong></span> <span class='ocrx_word' id='word_1_356' title='bbox 3341 763 3428 809; x_wconf 91' lang='lat' dir='ltr'><strong>on</strong></span> <span class='ocrx_word' id='word_1_357' title='bbox 3471 764 3708 809; x_wconf 84' lang='lat' dir='ltr'><strong>menvo</strong></span> <span class='ocrx_word' id='word_1_358' title='bbox 3753 766 3790 810; x_wconf 88' lang='grc'><strong>6</strong></span> <span class='ocrx_word' id='word_1_359' title='bbox 4029 765 4203 810; x_wconf 87' lang='lat' dir='ltr'><strong>eom-</strong></span> 
     </span>
     <span class='ocr_line' id='line_1_53' title="bbox 2257 827 4199 915; baseline 0.003 -25"><span class='ocrx_word' id='word_1_360' title='bbox 2257 846 2520 912; x_wconf 64' lang='grc'><strong>663666</strong></span> <span class='ocrx_word' id='word_1_361' title='bbox 2588 847 2754 910; x_wconf 91' lang='lat' dir='ltr'><strong>pour</strong></span> <span class='ocrx_word' id='word_1_362' title='bbox 2816 827 3151 895; x_wconf 80' lang='lat' dir='ltr'><strong>travaffler</strong></span> <span class='ocrx_word' id='word_1_363' title='bbox 3211 850 3293 894; x_wconf 93' lang='lat' dir='ltr'><strong>en</strong></span> <span class='ocrx_word' id='word_1_364' title='bbox 3358 829 3644 895; x_wconf 84' lang='lat' dir='ltr'><strong>l&#39;oeuvre</strong></span> <span class='ocrx_word' id='word_1_365' title='bbox 3743 852 3785 895; x_wconf 97' lang='lat' dir='ltr'><strong>u</strong></span> <span class='ocrx_word' id='word_1_366' title='bbox 3845 829 4199 915; x_wconf 69' lang='lat' dir='ltr'><strong>seigneur:</strong></span> 
     </span>
     <span class='ocr_line' id='line_1_54' title="bbox 2258 915 4203 1000; baseline 0.003 -23"><span class='ocrx_word' id='word_1_367' title='bbox 2258 934 2386 978; x_wconf 75' lang='lat' dir='ltr'><strong>veu</strong></span> <span class='ocrx_word' id='word_1_368' title='bbox 2452 933 2733 980; x_wconf 89' lang='lat' dir='ltr'><strong>mesmes</strong></span> <span class='ocrx_word' id='word_1_369' title='bbox 2800 935 2925 998; x_wconf 88' lang='lat' dir='ltr'><strong>que</strong></span> <span class='ocrx_word' id='word_1_370' title='bbox 2981 917 3051 999; x_wconf 92' lang='grc'><strong>36</strong></span> <span class='ocrx_word' id='word_1_371' title='bbox 3116 915 3253 980; x_wconf 87' lang='grc'><strong>6616</strong></span> <span class='ocrx_word' id='word_1_372' title='bbox 3319 915 3728 983; x_wconf 85' lang='lat' dir='ltr'><strong>maintenant</strong></span> <span class='ocrx_word' id='word_1_373' title='bbox 3793 917 3970 1000; x_wconf 78' lang='lat' dir='ltr'><strong>saisy</strong></span> <span class='ocrx_word' id='word_1_374' title='bbox 4028 915 4203 982; x_wconf 90' lang='lat' dir='ltr'><strong>dune</strong></span> 
     </span>
     <span class='ocr_line' id='line_1_55' title="bbox 2259 998 4203 1086; baseline 0.003 -23"><span class='ocrx_word' id='word_1_375' title='bbox 2259 999 2462 1063; x_wconf 86' lang='lat' dir='ltr'><strong>fievre</strong></span> <span class='ocrx_word' id='word_1_376' title='bbox 2503 998 2702 1065; x_wconf 88' lang='lat' dir='ltr'><strong>tierce</strong></span> <span class='ocrx_word' id='word_1_377' title='bbox 2736 998 3014 1082; x_wconf 74' lang='lat' dir='ltr'><strong>laquelle</strong></span> <span class='ocrx_word' id='word_1_378' title='bbox 3057 1021 3204 1066; x_wconf 88' lang='lat' dir='ltr'><strong>sera</strong></span> <span class='ocrx_word' id='word_1_379' title='bbox 3247 1008 3395 1066; x_wconf 89' lang='lat' dir='ltr'><strong>tant</strong></span> <span class='ocrx_word' id='word_1_380' title='bbox 3437 1016 3501 1066; x_wconf 88' lang='lat' dir='ltr'><strong>et</strong></span> <span class='ocrx_word' id='word_1_381' title='bbox 3544 1001 3597 1067; x_wconf 88' lang='grc'><strong>61</strong></span> <span class='ocrx_word' id='word_1_382' title='bbox 3640 1022 3763 1084; x_wconf 91' lang='lat' dir='ltr'><strong>peu</strong></span> <span class='ocrx_word' id='word_1_383' title='bbox 3800 1002 4040 1086; x_wconf 83' lang='lat' dir='ltr'><strong>longus</strong></span> <span class='ocrx_word' id='word_1_384' title='bbox 4075 1022 4203 1086; x_wconf 85' lang='lat' dir='ltr'><strong>que</strong></span> 
     </span>
     <span class='ocr_line' id='line_1_56' title="bbox 2258 1083 4204 1171; baseline 0.003 -24"><span class='ocrx_word' id='word_1_385' title='bbox 2258 1083 2467 1169; x_wconf 88' lang='lat' dir='ltr'><strong>plaira</strong></span> <span class='ocrx_word' id='word_1_386' title='bbox 2526 1105 2566 1148; x_wconf 91' lang='grc'><strong>6</strong></span> <span class='ocrx_word' id='word_1_387' title='bbox 2605 1083 2801 1151; x_wconf 88' lang='lat' dir='ltr'><strong>Dieu.</strong></span> <span class='ocrx_word' id='word_1_388' title='bbox 2895 1085 2996 1151; x_wconf 88' lang='lat' dir='ltr'><strong>Le</strong></span> <span class='ocrx_word' id='word_1_389' title='bbox 3049 1086 3393 1170; x_wconf 85' lang='lat' dir='ltr'><strong>Royaume</strong></span> <span class='ocrx_word' id='word_1_390' title='bbox 3456 1086 3535 1152; x_wconf 88' lang='lat' dir='ltr'><strong>de</strong></span> <span class='ocrx_word' id='word_1_391' title='bbox 3604 1096 3819 1153; x_wconf 88' lang='lat' dir='ltr'><strong>nostre</strong></span> <span class='ocrx_word' id='word_1_392' title='bbox 3876 1085 4204 1171; x_wconf 87' lang='grc'><strong>86136661</strong></span> 
     </span>
     <span class='ocr_line' id='line_1_57' title="bbox 2259 1168 4201 1258; baseline 0.002 -24"><span class='ocrx_word' id='word_1_393' title='bbox 2259 1170 2437 1235; x_wconf 91' lang='lat' dir='ltr'><strong>florit</strong></span> <span class='ocrx_word' id='word_1_394' title='bbox 2495 1171 2604 1254; x_wconf 81' lang='lat' dir='ltr'><strong>icy</strong></span> <span class='ocrx_word' id='word_1_395' title='bbox 2646 1168 2821 1237; x_wconf 89' lang='lat' dir='ltr'><strong>Dieu</strong></span> <span class='ocrx_word' id='word_1_396' title='bbox 2865 1191 3107 1256; x_wconf 74' lang='lat' dir='ltr'><strong>mercy.</strong></span> <span class='ocrx_word' id='word_1_397' title='bbox 3179 1172 3228 1239; x_wconf 85' lang='lat' dir='ltr'><strong>J</strong></span> <span class='ocrx_word' id='word_1_398' title='bbox 3227 1194 3263 1238; x_wconf 93' lang='lat' dir='ltr'><strong>e</strong></span> <span class='ocrx_word' id='word_1_399' title='bbox 3320 1172 3532 1239; x_wconf 78' lang='lat' dir='ltr'><strong>desire</strong></span> <span class='ocrx_word' id='word_1_400' title='bbox 3575 1172 3803 1239; x_wconf 87' lang='lat' dir='ltr'><strong>davcir</strong></span> <span class='ocrx_word' id='word_1_401' title='bbox 3860 1174 3922 1238; x_wconf 92' lang='grc'><strong>16</strong></span> <span class='ocrx_word' id='word_1_402' title='bbox 3966 1193 4201 1258; x_wconf 77' lang='lat' dir='ltr'><strong>moyen</strong></span> 
     </span>
     <span class='ocr_line' id='line_1_58' title="bbox 2261 1254 4202 1344; baseline 0.002 -24"><span class='ocrx_word' id='word_1_403' title='bbox 2261 1254 2342 1320; x_wconf 90' lang='grc'><strong>(16</strong></span> <span class='ocrx_word' id='word_1_404' title='bbox 2384 1255 2695 1339; x_wconf 90' lang='lat' dir='ltr'><strong>prescher</strong></span> <span class='ocrx_word' id='word_1_405' title='bbox 2730 1255 3258 1341; x_wconf 89' lang='lat' dir='ltr'><strong>publicquement</strong></span> <span class='ocrx_word' id='word_1_406' title='bbox 3300 1279 3384 1324; x_wconf 91' lang='lat' dir='ltr'><strong>en</strong></span> <span class='ocrx_word' id='word_1_407' title='bbox 3417 1258 3725 1343; x_wconf 80' lang='lat' dir='ltr'><strong>quelques</strong></span> <span class='ocrx_word' id='word_1_408' title='bbox 3760 1258 4032 1344; x_wconf 78' lang='lat' dir='ltr'><strong>villages</strong></span> <span class='ocrx_word' id='word_1_409' title='bbox 4077 1261 4202 1323; x_wconf 90' lang='lat' dir='ltr'><strong>cir-</strong></span> 
     </span>
     <span class='ocr_line' id='line_1_59' title="bbox 2259 1342 4203 1430; baseline 0.001 -22"><span class='ocrx_word' id='word_1_410' title='bbox 2259 1342 2632 1408; x_wconf 85' lang='lat' dir='ltr'><strong>convoisins</strong></span> <span class='ocrx_word' id='word_1_411' title='bbox 2678 1360 2928 1409; x_wconf 92' lang='lat' dir='ltr'><strong>comme</strong></span> <span class='ocrx_word' id='word_1_412' title='bbox 2975 1344 3110 1429; x_wconf 82' lang='lat' dir='ltr'><strong>j&#39;ay</strong></span> <span class='ocrx_word' id='word_1_413' title='bbox 3153 1364 3236 1409; x_wconf 90' lang='lat' dir='ltr'><strong>eu</strong></span> <span class='ocrx_word' id='word_1_414' title='bbox 3292 1345 3555 1429; x_wconf 84' lang='lat' dir='ltr'><strong>iusques</strong></span> <span class='ocrx_word' id='word_1_415' title='bbox 3609 1344 3732 1430; x_wconf 79' lang='lat' dir='ltr'><strong>icy.</strong></span> <span class='ocrx_word' id='word_1_416' title='bbox 3804 1344 3904 1410; x_wconf 87' lang='lat' dir='ltr'><strong>Le</strong></span> <span class='ocrx_word' id='word_1_417' title='bbox 3959 1344 4066 1409; x_wconf 80' lang='lat' dir='ltr'><strong>filz</strong></span> <span class='ocrx_word' id='word_1_418' title='bbox 4122 1345 4203 1410; x_wconf 92' lang='lat' dir='ltr'><strong>de</strong></span> 
     </span>
     <span class='ocr_line' id='line_1_60' title="bbox 2259 1426 4203 1516; baseline 0.002 -23"><span class='ocrx_word' id='word_1_419' title='bbox 2259 1426 2434 1493; x_wconf 91' lang='lat' dir='ltr'><strong>Dieu</strong></span> <span class='ocrx_word' id='word_1_420' title='bbox 2492 1426 2733 1494; x_wconf 83' lang='lat' dir='ltr'><strong>veuille</strong></span> <span class='ocrx_word' id='word_1_421' title='bbox 2790 1427 3027 1513; x_wconf 79' lang='lat' dir='ltr'><strong>garder</strong></span> <span class='ocrx_word' id='word_1_422' title='bbox 3088 1450 3202 1495; x_wconf 87' lang='lat' dir='ltr'><strong>son</strong></span> <span class='ocrx_word' id='word_1_423' title='bbox 3258 1429 3459 1513; x_wconf 86' lang='lat' dir='ltr'><strong>eglise</strong></span> <span class='ocrx_word' id='word_1_424' title='bbox 3504 1440 3727 1496; x_wconf 85' lang='lat' dir='ltr'><strong>contre</strong></span> <span class='ocrx_word' id='word_1_425' title='bbox 3783 1431 3848 1496; x_wconf 89' lang='lat' dir='ltr'><strong>la</strong></span> <span class='ocrx_word' id='word_1_426' title='bbox 3890 1452 4045 1516; x_wconf 84' lang='grc'><strong>1636</strong></span> <span class='ocrx_word' id='word_1_427' title='bbox 4090 1429 4203 1497; x_wconf 89' lang='grc'><strong>(166</strong></span> 
     </span>
     <span class='ocr_line' id='line_1_61' title="bbox 2261 1513 4203 1600; baseline 0.002 -21"><span class='ocrx_word' id='word_1_428' title='bbox 2261 1513 2626 1579; x_wconf 82' lang='grc'><strong>1116666666.</strong></span> <span class='ocrx_word' id='word_1_429' title='bbox 2711 1514 2801 1580; x_wconf 85' lang='lat' dir='ltr'><strong>Et</strong></span> <span class='ocrx_word' id='word_1_430' title='bbox 2855 1515 3030 1581; x_wconf 90' lang='lat' dir='ltr'><strong>aussi</strong></span> <span class='ocrx_word' id='word_1_431' title='bbox 3086 1514 3153 1580; x_wconf 88' lang='grc'><strong>16</strong></span> <span class='ocrx_word' id='word_1_432' title='bbox 3210 1516 3457 1581; x_wconf 78' lang='lat' dir='ltr'><strong>saincte</strong></span> <span class='ocrx_word' id='word_1_433' title='bbox 3505 1517 3628 1582; x_wconf 84' lang='lat' dir='ltr'><strong>cite</strong></span> <span class='ocrx_word' id='word_1_434' title='bbox 3682 1537 3762 1581; x_wconf 93' lang='lat' dir='ltr'><strong>en</strong></span> <span class='ocrx_word' id='word_1_435' title='bbox 3818 1515 4099 1600; x_wconf 80' lang='lat' dir='ltr'><strong>laquelle</strong></span> <span class='ocrx_word' id='word_1_436' title='bbox 4144 1516 4203 1582; x_wconf 90' lang='lat' dir='ltr'><strong>le</strong></span> 
     </span>
     <span class='ocr_line' id='line_1_62' title="bbox 2262 1596 4200 1686; baseline 0.001 -21"><span class='ocrx_word' id='word_1_437' title='bbox 2262 1596 2589 1684; x_wconf 86' lang='grc'><strong>86136661</strong></span> <span class='ocrx_word' id='word_1_438' title='bbox 2664 1620 2827 1666; x_wconf 89' lang='grc'><strong>6666</strong></span> <span class='ocrx_word' id='word_1_439' title='bbox 2885 1620 2925 1664; x_wconf 88' lang='grc'><strong>6</strong></span> <span class='ocrx_word' id='word_1_440' title='bbox 2980 1600 3208 1666; x_wconf 80' lang='lat' dir='ltr'><strong>voullu</strong></span> <span class='ocrx_word' id='word_1_441' title='bbox 3258 1603 3575 1686; x_wconf 84' lang='lat' dir='ltr'><strong>jnstruire</strong></span> <span class='ocrx_word' id='word_1_442' title='bbox 3635 1622 3883 1667; x_wconf 86' lang='lat' dir='ltr'><strong>comme</strong></span> <span class='ocrx_word' id='word_1_443' title='bbox 3942 1622 4026 1668; x_wconf 90' lang='lat' dir='ltr'><strong>en</strong></span> <span class='ocrx_word' id='word_1_444' title='bbox 4086 1624 4200 1668; x_wconf 91' lang='lat' dir='ltr'><strong>son</strong></span> 
     </span>
     <span class='ocr_line' id='line_1_63' title="bbox 2261 1684 4203 1771; baseline 0.002 -20"><span class='ocrx_word' id='word_1_445' title='bbox 2261 1684 2544 1751; x_wconf 89' lang='lat' dir='ltr'><strong>escholle</strong></span> <span class='ocrx_word' id='word_1_446' title='bbox 2588 1707 2626 1749; x_wconf 88' lang='lat' dir='ltr'><strong>a</strong></span> <span class='ocrx_word' id='word_1_447' title='bbox 2669 1685 2736 1750; x_wconf 87' lang='grc'><strong>16</strong></span> <span class='ocrx_word' id='word_1_448' title='bbox 2776 1687 3235 1771; x_wconf 83' lang='grc'><strong>663661666666</strong></span> <span class='ocrx_word' id='word_1_449' title='bbox 3293 1686 3374 1752; x_wconf 90' lang='grc'><strong>(16</strong></span> <span class='ocrx_word' id='word_1_450' title='bbox 3430 1708 3545 1754; x_wconf 91' lang='lat' dir='ltr'><strong>son</strong></span> <span class='ocrx_word' id='word_1_451' title='bbox 3608 1688 3821 1754; x_wconf 89' lang='lat' dir='ltr'><strong>sainct</strong></span> <span class='ocrx_word' id='word_1_452' title='bbox 3872 1708 4046 1753; x_wconf 88' lang='lat' dir='ltr'><strong>nom.</strong></span> <span class='ocrx_word' id='word_1_453' title='bbox 4119 1687 4168 1754; x_wconf 85' lang='lat' dir='ltr'><strong>J</strong></span> <span class='ocrx_word' id='word_1_454' title='bbox 4167 1708 4203 1754; x_wconf 93' lang='lat' dir='ltr'><strong>e</strong></span> 
     </span>
     <span class='ocr_line' id='line_1_64' title="bbox 2260 1769 4205 1856; baseline 0.002 -20"><span class='ocrx_word' id='word_1_455' title='bbox 2260 1790 2368 1836; x_wconf 91' lang='lat' dir='ltr'><strong>me</strong></span> <span class='ocrx_word' id='word_1_456' title='bbox 2411 1769 2871 1839; x_wconf 85' lang='lat' dir='ltr'><strong>recommande</strong></span> <span class='ocrx_word' id='word_1_457' title='bbox 2915 1792 2955 1836; x_wconf 90' lang='lat' dir='ltr'><strong>a</strong></span> <span class='ocrx_word' id='word_1_458' title='bbox 2998 1792 3115 1839; x_wconf 82' lang='lat' dir='ltr'><strong>vos</strong></span> <span class='ocrx_word' id='word_1_459' title='bbox 3158 1771 3402 1838; x_wconf 89' lang='lat' dir='ltr'><strong>bonnes</strong></span> <span class='ocrx_word' id='word_1_460' title='bbox 3455 1773 3700 1855; x_wconf 89' lang='lat' dir='ltr'><strong>prieres</strong></span> <span class='ocrx_word' id='word_1_461' title='bbox 3744 1772 4035 1839; x_wconf 87' lang='lat' dir='ltr'><strong>desirant</strong></span> <span class='ocrx_word' id='word_1_462' title='bbox 4078 1794 4205 1856; x_wconf 88' lang='lat' dir='ltr'><strong>que</strong></span> 
     </span>
     <span class='ocr_line' id='line_1_65' title="bbox 2261 1853 4204 1943; baseline 0.002 -22"><span class='ocrx_word' id='word_1_463' title='bbox 2261 1856 2325 1921; x_wconf 92' lang='grc'><strong>16</strong></span> <span class='ocrx_word' id='word_1_464' title='bbox 2369 1853 2700 1941; x_wconf 85' lang='grc'><strong>86136661</strong></span> <span class='ocrx_word' id='word_1_465' title='bbox 2755 1878 2862 1924; x_wconf 87' lang='grc'><strong>166</strong></span> <span class='ocrx_word' id='word_1_466' title='bbox 2917 1856 3059 1924; x_wconf 82' lang='lat' dir='ltr'><strong>face</strong></span> <span class='ocrx_word' id='word_1_467' title='bbox 3116 1858 3182 1923; x_wconf 89' lang='lat' dir='ltr'><strong>la</strong></span> <span class='ocrx_word' id='word_1_468' title='bbox 3237 1878 3428 1943; x_wconf 85' lang='lat' dir='ltr'><strong>grace</strong></span> <span class='ocrx_word' id='word_1_469' title='bbox 3487 1857 3566 1924; x_wconf 93' lang='lat' dir='ltr'><strong>de</strong></span> <span class='ocrx_word' id='word_1_470' title='bbox 3624 1860 4064 1943; x_wconf 80' lang='lat' dir='ltr'><strong>recognoistre</strong></span> <span class='ocrx_word' id='word_1_471' title='bbox 4122 1880 4204 1925; x_wconf 90' lang='lat' dir='ltr'><strong>en</strong></span> 
     </span>
     <span class='ocr_line' id='line_1_66' title="bbox 2261 1942 4205 2028; baseline 0.001 -21"><span class='ocrx_word' id='word_1_472' title='bbox 2261 1950 2443 2007; x_wconf 87' lang='lat' dir='ltr'><strong>toute</strong></span> <span class='ocrx_word' id='word_1_473' title='bbox 2488 1942 2790 2009; x_wconf 83' lang='lat' dir='ltr'><strong>humilite</strong></span> <span class='ocrx_word' id='word_1_474' title='bbox 2833 1943 2929 2010; x_wconf 91' lang='lat' dir='ltr'><strong>les</strong></span> <span class='ocrx_word' id='word_1_475' title='bbox 2972 1944 3158 2009; x_wconf 89' lang='lat' dir='ltr'><strong>biens</strong></span> <span class='ocrx_word' id='word_1_476' title='bbox 3202 1943 3359 2028; x_wconf 89' lang='lat' dir='ltr'><strong>qu&#39;il</strong></span> <span class='ocrx_word' id='word_1_477' title='bbox 3401 1965 3510 2010; x_wconf 86' lang='lat' dir='ltr'><strong>ma</strong></span> <span class='ocrx_word' id='word_1_478' title='bbox 3569 1944 3721 2009; x_wconf 87' lang='lat' dir='ltr'><strong>faict</strong></span> <span class='ocrx_word' id='word_1_479' title='bbox 3767 1965 3885 2028; x_wconf 90' lang='lat' dir='ltr'><strong>par</strong></span> <span class='ocrx_word' id='word_1_480' title='bbox 3930 1966 4093 2012; x_wconf 88' lang='lat' dir='ltr'><strong>vous</strong></span> <span class='ocrx_word' id='word_1_481' title='bbox 4137 1954 4205 2011; x_wconf 90' lang='lat' dir='ltr'><strong>et</strong></span> 
     </span>
     <span class='ocr_line' id='line_1_67' title="bbox 2260 2027 4204 2180; baseline 0.001 -87"><span class='ocrx_word' id='word_1_482' title='bbox 2260 2050 2382 2178; x_wconf 73' lang='lat' dir='ltr'><strong>plar</strong></span> <span class='ocrx_word' id='word_1_483' title='bbox 2424 2028 2766 2179; x_wconf 48' lang='lat' dir='ltr'><strong>Monsieur</strong></span> <span class='ocrx_word' id='word_1_484' title='bbox 2810 2029 2890 2095; x_wconf 92' lang='lat' dir='ltr'><strong>de</strong></span> <span class='ocrx_word' id='word_1_485' title='bbox 2937 2027 3235 2111; x_wconf 70' lang='lat' dir='ltr'><strong>Spe-wille</strong></span> <span class='ocrx_word' id='word_1_486' title='bbox 3277 2051 3316 2095; x_wconf 88' lang='lat' dir='ltr'><strong>a</strong></span> <span class='ocrx_word' id='word_1_487' title='bbox 3330 2029 3425 2180; x_wconf 81' lang='lat' dir='ltr'><strong>dla</strong></span> <span class='ocrx_word' id='word_1_488' title='bbox 3468 2030 3685 2096; x_wconf 90' lang='lat' dir='ltr'><strong>bonne</strong></span> <span class='ocrx_word' id='word_1_489' title='bbox 3728 2051 3920 2115; x_wconf 86' lang='grc'><strong>31666</strong></span> <span class='ocrx_word' id='word_1_490' title='bbox 3966 2030 4204 2113; x_wconf 87' lang='lat' dir='ltr'><strong>duquel</strong></span> 
     </span>
     <span class='ocr_line' id='line_1_68' title="bbox 2260 2134 3465 2182; baseline 0.002 -4"><span class='ocrx_word' id='word_1_491' title='bbox 2260 2136 2283 2178; x_wconf 87' lang='lat'>1</span> <span class='ocrx_word' id='word_1_492' title='bbox 2355 2134 2517 2179; x_wconf 86' lang='lat' dir='ltr'><strong>vous</strong></span> <span class='ocrx_word' id='word_1_493' title='bbox 2628 2136 2762 2181; x_wconf 89' lang='grc'><strong>6166</strong></span> <span class='ocrx_word' id='word_1_494' title='bbox 2804 2136 2910 2181; x_wconf 89' lang='lat' dir='ltr'><strong>me</strong></span> <span class='ocrx_word' id='word_1_495' title='bbox 2954 2134 3328 2182; x_wconf 88' lang='lat' dir='ltr'><strong>recomman</strong></span> <span class='ocrx_word' id='word_1_496' title='bbox 3374 2137 3465 2181; x_wconf 88' lang='lat' dir='ltr'><strong>er.</strong></span> 
     </span>
     <span class='ocr_line' id='line_1_69' title="bbox 2432 2136 3484 2287; baseline 0 -21"><span class='ocrx_word' id='word_1_497' title='bbox 2432 2201 2538 2266; x_wconf 91' lang='lat' dir='ltr'><strong>De</strong></span> <span class='ocrx_word' id='word_1_498' title='bbox 2556 2136 2820 2285; x_wconf 56' lang='lat' dir='ltr'><strong>1&#39;‘l&#39;royes</strong></span> <span class='ocrx_word' id='word_1_499' title='bbox 2864 2222 2937 2267; x_wconf 90' lang='grc'><strong>66</strong></span> <span class='ocrx_word' id='word_1_500' title='bbox 2978 2205 3144 2286; x_wconf 83' lang='lat' dir='ltr'>xxj1</span> <span class='ocrx_word' id='word_1_501' title='bbox 3187 2200 3268 2265; x_wconf 94' lang='lat' dir='ltr'><strong>de</strong></span> <span class='ocrx_word' id='word_1_502' title='bbox 3311 2223 3484 2287; x_wconf 80' lang='lat' dir='ltr'><strong>may.</strong></span> 
     </span>
    </p>
   </div>
   <div class='ocr_carea' id='block_1_17' title="bbox 3122 2340 4122 2578">
    <p class='ocr_par' dir='ltr' id='par_1_20' title="bbox 3122 2340 4122 2578">
     <span class='ocr_line' id='line_1_70' title="bbox 3122 2340 4122 2508; baseline 0.001 -20"><span class='ocrx_word' id='word_1_503' title='bbox 3122 2426 3362 2491; x_wconf 87' lang='lat' dir='ltr'><strong>Vostre</strong></span> <span class='ocrx_word' id='word_1_504' title='bbox 3406 2340 3810 2491; x_wconf 53' lang='lat' dir='ltr'><strong>trgfluffile</strong></span> <span class='ocrx_word' id='word_1_505' title='bbox 3855 2425 4122 2508; x_wconf 89' lang='lat' dir='ltr'><strong>disciple</strong></span> 
     </span>
     <span class='ocr_line' id='line_1_71' title="bbox 3300 2510 3899 2578; baseline -0.003 0"><span class='ocrx_word' id='word_1_506' title='bbox 3300 2511 3349 2578; x_wconf 87' lang='lat' dir='ltr'><strong>J</strong></span> <span class='ocrx_word' id='word_1_507' title='bbox 3349 2510 3522 2576; x_wconf 86' lang='grc'><strong>61166</strong></span> <span class='ocrx_word' id='word_1_508' title='bbox 3567 2510 3899 2577; x_wconf 80' lang='lat' dir='ltr'><strong>Gravelle.</strong></span> 
     </span>
    </p>
   </div>
   <div class='ocr_carea' id='block_1_18' title="bbox 2656 3036 3815 3263">
    <p class='ocr_par' dir='ltr' id='par_1_21' title="bbox 2656 3036 3815 3263">
     <span class='ocr_line' id='line_1_72' title="bbox 3144 3036 3341 3110; baseline 0.01 -2"><span class='ocrx_word' id='word_1_509' title='bbox 3144 3036 3341 3110; x_wconf 70' lang='lat'><strong>879⁶.</strong></span> 
     </span>
     <span class='ocr_line' id='line_1_73' title="bbox 2656 3192 3815 3263; baseline 0.001 -3"><span class='ocrx_word' id='word_1_510' title='bbox 2656 3192 3324 3263; x_wconf 81' lang='lat' dir='ltr'>BULLINGERUS</span> <span class='ocrx_word' id='word_1_511' title='bbox 3379 3193 3815 3263; x_wconf 84' lang='lat' dir='ltr'>GALVINO.</span> 
     </span>
    </p>
   </div>
   <div class='ocr_carea' id='block_1_19' title="bbox 2260 3366 4209 3622">
    <p class='ocr_par' dir='ltr' id='par_1_22' title="bbox 2260 3366 4209 3622">
     <span class='ocr_line' id='line_1_74' title="bbox 2435 3366 4209 3451; baseline 0.002 -18"><span class='ocrx_word' id='word_1_512' title='bbox 2435 3366 2597 3451; x_wconf 73' lang='lat' dir='ltr'><strong>Ipsa</strong></span> <span class='ocrx_word' id='word_1_513' title='bbox 2659 3367 2985 3433; x_wconf 71' lang='lat' dir='ltr'><strong>literarum</strong></span> <span class='ocrx_word' id='word_1_514' title='bbox 3048 3367 3254 3433; x_wconf 73' lang='lat' dir='ltr'><strong>maior</strong></span> <span class='ocrx_word' id='word_1_515' title='bbox 3313 3366 3672 3451; x_wconf 59' lang='lat' dir='ltr'><strong>frequentia</strong></span> <span class='ocrx_word' id='word_1_516' title='bbox 3749 3370 4209 3451; x_wconf 55' lang='lat' dir='ltr'><strong>impatientiam</strong></span> 
     </span>
     <span class='ocr_line' id='line_1_75' title="bbox 2260 3454 4207 3537; baseline 0.002 -18"><span class='ocrx_word' id='word_1_517' title='bbox 2260 3454 2508 3521; x_wconf 72' lang='lat' dir='ltr'><strong>autoris</strong></span> <span class='ocrx_word' id='word_1_518' title='bbox 2537 3454 3018 3535; x_wconf 66' lang='lat' dir='ltr'><strong>protestantium</strong></span> <span class='ocrx_word' id='word_1_519' title='bbox 3059 3454 3597 3537; x_wconf 70' lang='lat' dir='ltr'><strong>teryiversationes</strong></span> <span class='ocrx_word' id='word_1_520' title='bbox 3637 3455 3911 3522; x_wconf 68' lang='lat' dir='ltr'><strong>notantis</strong></span> <span class='ocrx_word' id='word_1_521' title='bbox 3952 3460 4008 3520; x_wconf 75' lang='lat' dir='ltr'><strong>d</strong></span> <span class='ocrx_word' id='word_1_522' title='bbox 4048 3476 4207 3523; x_wconf 73' lang='lat' dir='ltr'><strong>nova</strong></span> 
     </span>
     <span class='ocr_line' id='line_1_76' title="bbox 2261 3538 3092 3622; baseline -0.002 -16"><span class='ocrx_word' id='word_1_523' title='bbox 2261 3539 2567 3606; x_wconf 75' lang='lat' dir='ltr'><strong>audiendi</strong></span> <span class='ocrx_word' id='word_1_524' title='bbox 2609 3538 2825 3621; x_wconf 70' lang='grc' dir='ltr'><strong>6(ῳίἀὶ</strong></span> <span class='ocrx_word' id='word_1_525' title='bbox 2864 3538 3092 3622; x_wconf 73' lang='lat' dir='ltr'><strong>prodit.</strong></span> 
     </span>
    </p>
   </div>
   <div class='ocr_carea' id='block_1_20' title="bbox 2257 3709 4197 3849">
    <p class='ocr_par' dir='ltr' id='par_1_23' title="bbox 2257 3709 4197 3849">
     <span class='ocr_line' id='line_1_77' title="bbox 2257 3709 4197 3833; baseline 0 -69"><span class='ocrx_word' id='word_1_526' title='bbox 2257 3711 2368 3781; x_wconf 76' lang='lat' dir='ltr'><strong>(Ex</strong></span> <span class='ocrx_word' id='word_1_527' title='bbox 2414 3709 2753 3833; x_wconf 61' lang='lat' dir='ltr'><strong>¹⁵th⁰</strong></span> <span class='ocrx_word' id='word_1_528' title='bbox 2788 3709 2934 3778; x_wconf 85' lang='lat' dir='ltr'><strong>quod</strong></span> <span class='ocrx_word' id='word_1_529' title='bbox 2970 3714 3152 3791; x_wconf 79' lang='lat' dir='ltr'><strong>exstat</strong></span> <span class='ocrx_word' id='word_1_530' title='bbox 3186 3711 3299 3791; x_wconf 47' lang='lat' dir='ltr'><strong>ubi·</strong></span> <span class='ocrx_word' id='word_1_531' title='bbox 3315 3717 3383 3790; x_wconf 39' lang='lat' dir='ltr'><strong>et·</strong></span> <span class='ocrx_word' id='word_1_532' title='bbox 3407 3711 3796 3794; x_wconf 64' lang='lat' dir='ltr'><strong>praecedentes</strong></span> <span class='ocrx_word' id='word_1_533' title='bbox 3831 3710 4070 3765; x_wconf 81' lang='lat' dir='ltr'><strong>eiusdem</strong></span> <span class='ocrx_word' id='word_1_534' title='bbox 4104 3711 4197 3764; x_wconf 83' lang='lat' dir='ltr'><strong>fol.</strong></span> 
     </span>
     <span class='ocr_line' id='line_1_78' title="bbox 2699 3778 3881 3849; baseline -0.001 -16"><span class='ocrx_word' id='word_1_535' title='bbox 2699 3820 2714 3848; x_wconf 85' lang='lat'>‚</span> <span class='ocrx_word' id='word_1_536' title='bbox 2747 3778 2888 3833; x_wconf 86' lang='lat' dir='ltr'><strong>unde</strong></span> <span class='ocrx_word' id='word_1_537' title='bbox 2924 3786 3089 3833; x_wconf 87' lang='grc'><strong>611661</strong></span> <span class='ocrx_word' id='word_1_538' title='bbox 3124 3779 3414 3849; x_wconf 62' lang='grc'><strong>(1666119611</strong></span> <span class='ocrx_word' id='word_1_539' title='bbox 3448 3779 3703 3834; x_wconf 84' lang='grc'><strong>8111116166</strong></span> <span class='ocrx_word' id='word_1_540' title='bbox 3740 3781 3775 3832; x_wconf 91' lang='lat' dir='ltr'><strong>l.</strong></span> <span class='ocrx_word' id='word_1_541' title='bbox 3813 3779 3881 3844; x_wconf 93' lang='grc'><strong>1.)</strong></span> 
     </span>
    </p>
   </div>
   <div class='ocr_carea' id='block_1_21' title="bbox 2259 3949 4203 4105">
    <p class='ocr_par' dir='ltr' id='par_1_24' title="bbox 2259 3949 4203 4105">
     <span class='ocr_line' id='line_1_79' title="bbox 2431 3949 4202 4019; baseline -0.002 0"><span class='ocrx_word' id='word_1_542' title='bbox 2431 3950 2812 4019; x_wconf 78' lang='lat' dir='ltr'><strong>Clarissimo</strong></span> <span class='ocrx_word' id='word_1_543' title='bbox 2855 3949 2938 4015; x_wconf 93' lang='lat' dir='ltr'><strong>D.</strong></span> <span class='ocrx_word' id='word_1_544' title='bbox 2976 3951 3213 4016; x_wconf 88' lang='lat' dir='ltr'><strong>Ioanni</strong></span> <span class='ocrx_word' id='word_1_545' title='bbox 3257 3950 3534 4019; x_wconf 84' lang='lat' dir='ltr'><strong>Oalvino</strong></span> <span class='ocrx_word' id='word_1_546' title='bbox 3558 3950 3967 4017; x_wconf 81' lang='lat' dir='ltr'><strong>Genevensis</strong></span> <span class='ocrx_word' id='word_1_547' title='bbox 4000 3950 4202 4016; x_wconf 88' lang='lat' dir='ltr'><strong>eccle·</strong></span> 
     </span>
     <span class='ocr_line' id='line_1_80' title="bbox 2259 4034 4203 4105; baseline 0 -2"><span class='ocrx_word' id='word_1_548' title='bbox 2259 4038 2396 4105; x_wconf 86' lang='lat' dir='ltr'><strong>siae</strong></span> <span class='ocrx_word' id='word_1_549' title='bbox 2428 4036 2606 4102; x_wconf 88' lang='lat' dir='ltr'><strong>fideli</strong></span> <span class='ocrx_word' id='word_1_550' title='bbox 2637 4037 2939 4102; x_wconf 89' lang='lat' dir='ltr'><strong>ministro</strong></span> <span class='ocrx_word' id='word_1_551' title='bbox 2975 4037 3235 4103; x_wconf 92' lang='lat' dir='ltr'><strong>domino</strong></span> <span class='ocrx_word' id='word_1_552' title='bbox 3274 4034 3541 4102; x_wconf 84' lang='lat' dir='ltr'><strong>colendo</strong></span> <span class='ocrx_word' id='word_1_553' title='bbox 3575 4044 3643 4100; x_wconf 92' lang='lat' dir='ltr'><strong>et</strong></span> <span class='ocrx_word' id='word_1_554' title='bbox 3662 4036 3847 4100; x_wconf 85' lang='lat' dir='ltr'><strong>fratri</strong></span> <span class='ocrx_word' id='word_1_555' title='bbox 3870 4037 4203 4103; x_wconf 73' lang='lat' dir='ltr'><strong>carissime</strong></span> 
     </span>
    </p>
   </div>
   <div class='ocr_carea' id='block_1_22' title="bbox 2258 4145 4029 4274">
    <p class='ocr_par' dir='ltr' id='par_1_25' title="bbox 2258 4145 4029 4274">
     <span class='ocr_line' id='line_1_81' title="bbox 2258 4145 2395 4190; baseline -0.007 0"><span class='ocrx_word' id='word_1_556' title='bbox 2258 4145 2395 4190; x_wconf 89' lang='lat' dir='ltr'><strong>suc.</strong></span> 
     </span>
     <span class='ocr_line' id='line_1_82' title="bbox 3812 4207 4029 4274; baseline -0.009 0"><span class='ocrx_word' id='word_1_557' title='bbox 3812 4207 4029 4274; x_wconf 80' lang='lat' dir='ltr'><strong>Genff.</strong></span> 
     </span>
    </p>
   </div>
   <div class='ocr_carea' id='block_1_23' title="bbox 2253 4378 4205 5153">
    <p class='ocr_par' dir='ltr' id='par_1_26' title="bbox 2253 4378 4205 5153">
     <span class='ocr_line' id='line_1_83' title="bbox 2429 4378 4203 4463; baseline -0.001 -16"><span class='ocrx_word' id='word_1_558' title='bbox 2429 4380 2500 4448; x_wconf 92' lang='grc'><strong>8.</strong></span> <span class='ocrx_word' id='word_1_559' title='bbox 2570 4383 2651 4447; x_wconf 92' lang='lat' dir='ltr'><strong>D.</strong></span> <span class='ocrx_word' id='word_1_560' title='bbox 2721 4382 3076 4463; x_wconf 89' lang='lat' dir='ltr'><strong>Postquam</strong></span> <span class='ocrx_word' id='word_1_561' title='bbox 3138 4380 3280 4444; x_wconf 90' lang='lat' dir='ltr'><strong>heri</strong></span> <span class='ocrx_word' id='word_1_562' title='bbox 3325 4378 3406 4444; x_wconf 85' lang='lat' dir='ltr'><strong>ad</strong></span> <span class='ocrx_word' id='word_1_563' title='bbox 3467 4388 3530 4444; x_wconf 92' lang='lat' dir='ltr'><strong>te</strong></span> <span class='ocrx_word' id='word_1_564' title='bbox 3590 4378 3917 4445; x_wconf 85' lang='lat' dir='ltr'><strong>dedissem</strong></span> <span class='ocrx_word' id='word_1_565' title='bbox 3977 4381 4203 4446; x_wconf 83' lang='lat' dir='ltr'><strong>literas</strong></span> 
     </span>
     <span class='ocr_line' id='line_1_84' title="bbox 2257 4464 4202 4551; baseline 0.001 -20"><span class='ocrx_word' id='word_1_566' title='bbox 2257 4487 2375 4550; x_wconf 90' lang='lat' dir='ltr'><strong>per</strong></span> <span class='ocrx_word' id='word_1_567' title='bbox 2431 4466 2845 4533; x_wconf 81' lang='lat' dir='ltr'><strong>tabellionem</strong></span> <span class='ocrx_word' id='word_1_568' title='bbox 2900 4465 3013 4551; x_wconf 89' lang='lat' dir='ltr'><strong>qui</strong></span> <span class='ocrx_word' id='word_1_569' title='bbox 3056 4464 3345 4530; x_wconf 89' lang='lat' dir='ltr'><strong>Bernam</strong></span> <span class='ocrx_word' id='word_1_570' title='bbox 3396 4464 3764 4543; x_wconf 85' lang='lat' dir='ltr'><strong>festinabat,</strong></span> <span class='ocrx_word' id='word_1_571' title='bbox 3835 4465 4027 4531; x_wconf 87' lang='lat' dir='ltr'><strong>hodie</strong></span> <span class='ocrx_word' id='word_1_572' title='bbox 4086 4486 4202 4550; x_wconf 89' lang='lat' dir='ltr'><strong>per</strong></span> 
     </span>
     <span class='ocr_line' id='line_1_85' title="bbox 2261 4550 4204 4637; baseline -0.001 -18"><span class='ocrx_word' id='word_1_573' title='bbox 2261 4551 2648 4637; x_wconf 69' lang='lat' dir='ltr'><strong>Goiynetium</strong></span> <span class='ocrx_word' id='word_1_574' title='bbox 2690 4552 2879 4618; x_wconf 86' lang='lat' dir='ltr'><strong>binae</strong></span> <span class='ocrx_word' id='word_1_575' title='bbox 2922 4562 3075 4616; x_wconf 89' lang='lat' dir='ltr'><strong>tuae</strong></span> <span class='ocrx_word' id='word_1_576' title='bbox 3101 4555 3151 4627; x_wconf 88' lang='lat'><strong>¹)</strong></span> <span class='ocrx_word' id='word_1_577' title='bbox 3196 4551 3564 4615; x_wconf 88' lang='lat' dir='ltr'><strong>mittuntur.</strong></span> <span class='ocrx_word' id='word_1_578' title='bbox 3646 4550 4055 4618; x_wconf 73' lang='lat' dir='ltr'><strong>Terruerunt</strong></span> <span class='ocrx_word' id='word_1_579' title='bbox 4097 4573 4204 4618; x_wconf 91' lang='lat' dir='ltr'><strong>me</strong></span> 
     </span>
     <span class='ocr_line' id='line_1_86' title="bbox 2256 4636 4205 4721; baseline 0 -17"><span class='ocrx_word' id='word_1_580' title='bbox 2256 4638 2562 4705; x_wconf 86' lang='lat' dir='ltr'><strong>nonnihil</strong></span> <span class='ocrx_word' id='word_1_581' title='bbox 2602 4638 2770 4717; x_wconf 88' lang='lat' dir='ltr'><strong>illae,</strong></span> <span class='ocrx_word' id='word_1_582' title='bbox 2812 4638 3099 4703; x_wconf 82' lang='lat' dir='ltr'><strong>maxime</strong></span> <span class='ocrx_word' id='word_1_583' title='bbox 3133 4636 3304 4720; x_wconf 80' lang='lat' dir='ltr'><strong>qnod</strong></span> <span class='ocrx_word' id='word_1_584' title='bbox 3339 4647 3636 4702; x_wconf 87' lang='lat' dir='ltr'><strong>recentes</strong></span> <span class='ocrx_word' id='word_1_585' title='bbox 3673 4646 3908 4718; x_wconf 89' lang='lat' dir='ltr'><strong>essent,</strong></span> <span class='ocrx_word' id='word_1_586' title='bbox 3951 4639 4205 4721; x_wconf 86' lang='lat' dir='ltr'><strong>priores</strong></span> 
     </span>
     <span class='ocr_line' id='line_1_87' title="bbox 2262 4718 4204 4809; baseline 0.001 -21"><span class='ocrx_word' id='word_1_587' title='bbox 2262 4729 2358 4790; x_wconf 89' lang='grc'><strong>19.</strong></span> <span class='ocrx_word' id='word_1_588' title='bbox 2375 4725 2557 4803; x_wconf 82' lang='grc' dir='ltr'><strong>Μ611,</strong></span> <span class='ocrx_word' id='word_1_589' title='bbox 2580 4726 2967 4807; x_wconf 86' lang='lat' dir='ltr'><strong>posteriores</strong></span> <span class='ocrx_word' id='word_1_590' title='bbox 2989 4721 3181 4788; x_wconf 86' lang='lat' dir='ltr'><strong>datae</strong></span> <span class='ocrx_word' id='word_1_591' title='bbox 3203 4725 3306 4787; x_wconf 84' lang='lat'><strong>23.</strong></span> <span class='ocrx_word' id='word_1_592' title='bbox 3327 4722 3508 4788; x_wconf 81' lang='lat' dir='ltr'><strong>Maii.</strong></span> <span class='ocrx_word' id='word_1_593' title='bbox 3566 4718 3846 4806; x_wconf 82' lang='lat' dir='ltr'><strong>Semper</strong></span> <span class='ocrx_word' id='word_1_594' title='bbox 3867 4745 3988 4809; x_wconf 88' lang='grc'><strong>636</strong></span> <span class='ocrx_word' id='word_1_595' title='bbox 4010 4725 4204 4790; x_wconf 89' lang='lat' dir='ltr'><strong>timui</strong></span> 
     </span>
     <span class='ocr_line' id='line_1_88' title="bbox 2255 4808 4201 4893; baseline 0 -17"><span class='ocrx_word' id='word_1_596' title='bbox 2255 4830 2506 4876; x_wconf 88' lang='lat' dir='ltr'><strong>moram</strong></span> <span class='ocrx_word' id='word_1_597' title='bbox 2549 4809 2730 4874; x_wconf 90' lang='lat' dir='ltr'><strong>illam</strong></span> <span class='ocrx_word' id='word_1_598' title='bbox 2772 4809 3172 4893; x_wconf 86' lang='lat' dir='ltr'><strong>pertinacem</strong></span> <span class='ocrx_word' id='word_1_599' title='bbox 3217 4809 3458 4875; x_wconf 89' lang='lat' dir='ltr'><strong>nostris</strong></span> <span class='ocrx_word' id='word_1_600' title='bbox 3500 4808 3639 4874; x_wconf 85' lang='lat' dir='ltr'><strong>fore</strong></span> <span class='ocrx_word' id='word_1_601' title='bbox 3682 4811 3966 4875; x_wconf 87' lang='lat' dir='ltr'><strong>noxiam.</strong></span> <span class='ocrx_word' id='word_1_602' title='bbox 4044 4809 4201 4876; x_wconf 88' lang='lat' dir='ltr'><strong>Vidi</strong></span> 
     </span>
     <span class='ocr_line' id='line_1_89' title="bbox 2255 4892 4201 4978; baseline -0.001 -16"><span class='ocrx_word' id='word_1_603' title='bbox 2255 4903 2322 4962; x_wconf 89' lang='grc'><strong>61</strong></span> <span class='ocrx_word' id='word_1_604' title='bbox 2363 4903 2678 4977; x_wconf 83' lang='lat' dir='ltr'><strong>expertus</strong></span> <span class='ocrx_word' id='word_1_605' title='bbox 2721 4916 2868 4960; x_wconf 87' lang='lat' dir='ltr'><strong>sum</strong></span> <span class='ocrx_word' id='word_1_606' title='bbox 2913 4892 3070 4978; x_wconf 86' lang='lat' dir='ltr'><strong>quid</strong></span> <span class='ocrx_word' id='word_1_607' title='bbox 3112 4894 3302 4960; x_wconf 86' lang='lat' dir='ltr'><strong>nobis</strong></span> <span class='ocrx_word' id='word_1_608' title='bbox 3343 4907 3498 4963; x_wconf 89' lang='lat' dir='ltr'><strong>ante</strong></span> <span class='ocrx_word' id='word_1_609' title='bbox 3544 4897 3644 4960; x_wconf 82' lang='lat'><strong>30.</strong></span> <span class='ocrx_word' id='word_1_610' title='bbox 3690 4914 3898 4962; x_wconf 89' lang='lat' dir='ltr'><strong>annos</strong></span> <span class='ocrx_word' id='word_1_611' title='bbox 3940 4896 4010 4961; x_wconf 88' lang='lat' dir='ltr'><strong>in</strong></span> <span class='ocrx_word' id='word_1_612' title='bbox 4034 4895 4201 4962; x_wconf 86' lang='lat' dir='ltr'><strong>bello</strong></span> 
     </span>
     <span class='ocr_line' id='line_1_90' title="bbox 2254 4979 4200 5065; baseline -0.001 -19"><span class='ocrx_word' id='word_1_613' title='bbox 2254 4990 2480 5047; x_wconf 88' lang='lat' dir='ltr'><strong>nostro</strong></span> <span class='ocrx_word' id='word_1_614' title='bbox 2523 4979 2950 5047; x_wconf 82' lang='lat' dir='ltr'><strong>vehementer</strong></span> <span class='ocrx_word' id='word_1_615' title='bbox 2993 4982 3308 5061; x_wconf 85' lang='lat' dir='ltr'><strong>nocuerit,</strong></span> <span class='ocrx_word' id='word_1_616' title='bbox 3351 4990 3419 5046; x_wconf 89' lang='lat' dir='ltr'><strong>et</strong></span> <span class='ocrx_word' id='word_1_617' title='bbox 3460 4980 3615 5065; x_wconf 90' lang='lat' dir='ltr'><strong>quid</strong></span> <span class='ocrx_word' id='word_1_618' title='bbox 3660 4989 4095 5065; x_wconf 86' lang='lat' dir='ltr'><strong>protestantes</strong></span> <span class='ocrx_word' id='word_1_619' title='bbox 4127 4983 4200 5045; x_wconf 88' lang='lat' dir='ltr'><strong>in</strong></span> 
     </span>
     <span class='ocr_line' id='line_1_91' title="bbox 2253 5064 4198 5153; baseline -0.002 -20"><span class='ocrx_word' id='word_1_620' title='bbox 2253 5066 2423 5133; x_wconf 92' lang='lat' dir='ltr'><strong>bello</strong></span> <span class='ocrx_word' id='word_1_621' title='bbox 2511 5068 2881 5153; x_wconf 84' lang='lat' dir='ltr'><strong>germanico</strong></span> <span class='ocrx_word' id='word_1_622' title='bbox 2966 5064 3340 5150; x_wconf 89' lang='lat' dir='ltr'><strong>perdiderit.</strong></span> <span class='ocrx_word' id='word_1_623' title='bbox 3450 5064 3585 5135; x_wconf 80' lang='lat' dir='ltr'><strong>Sed</strong></span> <span class='ocrx_word' id='word_1_624' title='bbox 3664 5088 3777 5135; x_wconf 92' lang='lat' dir='ltr'><strong>oro</strong></span> <span class='ocrx_word' id='word_1_625' title='bbox 3842 5068 4198 5133; x_wconf 90' lang='lat' dir='ltr'><strong>Dominum</strong></span> 
     </span>
    </p>
   </div>
   <div class='ocr_carea' id='block_1_24' title="bbox 2254 5225 2613 5238">
    <p class='ocr_par' dir='ltr' id='par_1_27' title="bbox 2254 5225 2613 5238">
     <span class='ocr_line' id='line_1_92' title="bbox 2254 5225 2613 5238; baseline 0 879"><span class='ocrx_word' id='word_1_626' title='bbox 2254 5225 2613 5238; x_wconf 95' lang='lat' dir='ltr'><strong> </strong></span> 
     </span>
    </p>
   </div>
   <div class='ocr_carea' id='block_1_25' title="bbox 2258 5306 3289 5377">
    <p class='ocr_par' dir='ltr' id='par_1_28' title="bbox 2258 5306 3289 5377">
     <span class='ocr_line' id='line_1_93' title="bbox 2258 5306 3289 5377; baseline -0.003 -12"><span class='ocrx_word' id='word_1_627' title='bbox 2258 5308 2443 5365; x_wconf 76' lang='lat'><strong>8790.</strong></span> <span class='ocrx_word' id='word_1_628' title='bbox 2465 5309 2523 5377; x_wconf 91' lang='lat'><strong>1)</strong></span> <span class='ocrx_word' id='word_1_629' title='bbox 2555 5311 2714 5364; x_wconf 72' lang='lat' dir='ltr'><strong>etiam</strong></span> <span class='ocrx_word' id='word_1_630' title='bbox 2752 5307 2853 5360; x_wconf 72' lang='lat' dir='ltr'><strong>hae</strong></span> <span class='ocrx_word' id='word_1_631' title='bbox 2889 5306 3289 5362; x_wconf 70' lang='lat' dir='ltr'><strong>desiderantur.</strong></span> 
     </span>
    </p>
   </div>
  </div>
 </body>
</html>
