4850 6117
242 410 343 475 433

241 596 460 719 gemm
515 592 869 647 describimus
913 608 981 648 ex
1029 592 1419 647 schediasmate
1474 594 1615 646 lectu
1668 591 1985 646 difficillimo
2019 588 2148 645 Cod.

307 679 410 718 πον.
429 660 544 730 109,
567 662 660 717 fol.
678 662 781 715 110
795 663 853 715 iu
884 663 1035 716 cuius
1066 662 1307 730 margine
1336 662 1387 716 le
1429 661 1564 715 'tura
1602 661 1712 730 119
1734 661 1856 716 ade
1872 661 1986 716 ceci
1998 661 2153 727 copie

241 735 346 788 nise
375 748 444 785 au
477 736 569 785 net
607 748 717 800 par
754 731 868 787 Mr.
903 730 970 785 de
1004 730 1305 786 lonviaier.
1423 730 1529 785 uod
1573 739 1755 784 tamen
1800 728 2151 799 apographon

239 803 409 856 frustra
478 801 822 856 uaesivimus.
874 799 1018 854 Nam
1061 801 1233 853 multo
1269 800 1540 853 recentius
1576 807 1663 853 est
1697 798 1842 869 quod
1877 803 2061 852 exstat
2093 799 2152 851 in

239 870 345 925 God.
379 815 522 934 1031»,
558 868 632 924 fol
667 867 751 923 89.
804 869 1067 937 Reperies
1140 885 1211 951 uo
1252 885 1320 922 ue
1347 868 1404 922 in
1424 867 1728 1003 ξοῗιοιᾶῐό
1737 867 1876 937 Epp.
1892 867 2149 921 Bernens.

1146 955 1220 991 im
1244 953 1392 991 erum
1478 954 1546 992 o.

634 954 685 1006 p.
724 935 857 990 1017
894 943 953 991 et
985 954 1072 1006 ap.

381 1106 447 1174 S.
493 1107 626 1173 His
671 1107 921 1187 diebus,
966 1130 1162 1192 quum
1210 1107 1377 1173 nihil
1440 1129 1525 1173 ex
1570 1105 1792 1172 Gallia
1831 1107 1962 1171 nisi
1999 1125 2152 1172 con-

236 1195 423 1261 fusum
465 1201 533 1260 et
577 1192 1029 1260 turbulentum
1073 1193 1485 1272 afferebatur,
1540 1213 1581 1258 a
1624 1191 1964 1258 scribendo
2006 1192 2152 1258 abs-

237 1280 394 1346 tinui.
479 1278 891 1364 Impediebat
949 1281 1124 1346 enim
1190 1279 1460 1345 tristitia
1516 1287 1584 1344 et
1645 1277 1872 1361 pudor.
1961 1277 2154 1343 Nunc

234 1366 559 1432 necessitas
610 1365 901 1450 postulat
953 1374 1027 1432 ut
1090 1366 1209 1432 tibi
1272 1363 1569 1431 scribam.
1656 1367 2026 1448 Antequam
2069 1362 2153 1427 ad

233 1452 628 1536 praecipuum
670 1460 867 1536 caput
900 1452 1109 1531 venio,
1162 1452 1449 1518 breviter
1482 1450 1602 1516 tibi
1637 1450 1935 1516 indicabo
1968 1469 2152 1533 prae-

234 1545 461 1603 sentem
503 1557 725 1603 rerum
769 1544 1033 1603 statum.
1124 1536 1323 1604 Certo
1379 1535 1667 1603 creditur
1710 1542 1968 1602 nostros
2012 1555 2153 1602 cas-

234 1630 643 1689 tramentatos
706 1644 846 1689 εεεε
913 1643 1047 1689 non
1112 1623 1337 1706 procul
1401 1623 1486 1686 ab
1530 1621 1845 1702 hostibus,
1911 1642 2040 1706 qua
2081 1622 2155 1686 in

231 1729 293 1774 re
330 1729 582 1775 summa
623 1710 933 1775 victoriae
977 1712 1190 1793 posita
1230 1717 1347 1774 εει.
1433 1707 1700 1775 Utinam
1743 1708 1954 1792 magis
2004 1727 2153 1791 per-

233 1802 643 1860 severassent.
743 1793 876 1860 Sed
986 1795 1366 1860 raeteritum
1433 1802 1689 1876 tempus
1756 1795 2153 1870 omittamus,

233 1879 401 1945 modo
442 1881 663 1945 valeat
702 1900 943 1963 prover
988 1883 1155 1946 ium:
1216 1888 1319 1945 sat
1361 1881 1486 1946 cito
1543 1880 1602 1944 si
1644 1890 1746 1946 sat
1787 1880 1967 1945 bene.
2040 1879 2155 1945 Pi-

232 1964 498 2031 cardiam
546 1974 773 2031 tenent
816 1966 1193 2033 adversarii.
1283 1965 1365 2030 In
1410 1965 1776 2049 Campania
1817 1965 1978 2030 Dux
2035 1964 2157 2030 Ni-

231 2053 535 2119 vernensis
556 2056 607 2129 ¹)
649 2061 916 2136 paratas
979 2052 1193 2119 adhuc
1249 2058 1428 2117 tenet
1453 2098 1803 2117 .......
1823 2055 1898 2131 ²).
1985 2050 2156 2116 Nor-

230 2135 478 2201 mandia
534 2158 800 2220 prorsus
853 2147 1076 2203 nostra
1133 2146 1234 2202 est
1253 2141 1305 2213 ⁸)
1357 2144 1427 2203 ει
1482 2137 1635 2202 inde
1689 2136 1989 2221 repulsus
2032 2136 2159 2201 fuit

239 2222 589 2300 Ommalias,
652 2224 862 2289 frater
911 2224 1251 2307 Guysiani‚
1308 2245 1441 2288 non
1487 2223 1629 2289 sine
1672 2243 1790 2289 suo
1825 2221 2155 2288 dedecore.

232 2307 521 2375 'fractum
575 2309 838 2392 Ligeris
901 2317 1203 2376 tenemus
1259 2330 1462 2392 usque
1531 2308 1613 2374 ad
1681 2308 2086 2394 Andegavos,
2102 2313 2158 2387 ι)

231 2393 328 2475 qui
364 2394 561 2459 etiam
609 2396 818 2461 nostri
861 2404 1070 2473 erant,
1128 2394 1242 2461 sed
1288 2393 1531 2459 deditio
1574 2395 1857 2477 turpiter
1900 2395 1981 2460 ab
2025 2394 2158 2460 illis

229 2477 384 2544 facta
444 2488 566 2560 est,
585 2484 639 2560 ε)
720 2502 924 2564 quum
991 2502 1125 2545 non
1191 2480 1385 2565 longe
1449 2480 1707 2546 abesset
1771 2479 2153 2546 subsidium.

231 2563 627 2650 Strategema
661 2577 883 2632 tamen
920 2567 999 2632 ab
1035 2566 1168 2633 illis
1202 2565 1450 2631 editum
1485 2566 1611 2630 fuit
1633 2563 1827 2631 laude
1863 2565 2156 2650 dignum,

231 2649 381 2732 quod
425 2650 656 2717 relicta
701 2651 862 2718 urbe
905 2673 1120 2718 arcem
1165 2653 1376 2718 hostis
1419 2653 1517 2718 sui
1553 2650 1999 2733 Monpenserii,
2045 2652 2157 2735 qui

229 2756 410 2819 nepos
450 2735 757 2803 Borbonii
815 2749 931 2816 est,
999 2743 1416 2821 occuparunt.
1505 2737 1610 2802 Ita
1651 2737 1894 2803 factum
1942 2743 2041 2802 εει
2083 2744 2159 2801 ut

231 2822 357 2886 urbi
413 2824 796 2907 pepercerit.
888 2824 1087 2909 Apud
1148 2824 1480 2908 Bituriges
1533 2832 1791 2907 reperta
1847 2830 1946 2888 est
1998 2824 2158 2889 satis

229 2905 379 2971 bona
454 2929 716 2974 summa
794 2911 1124 2994 pecuniae,
1205 2930 1370 2993 quae
1432 2918 1729 2975 nostrum
1796 2909 2157 2975 exercitum

230 2994 533 3058 sustineat
608 2997 749 3060 sine
825 2996 962 3060 ulla
1023 2995 1275 3062 iactura
1341 2997 1746 3079 privatorum
1791 2993 2153 3060 hominum.

227 3077 488 3145 Ducissa
556 3078 903 3147 Ferrariae
964 3082 1302 3147 Lutetiam
1369 3083 1567 3160 venit,
1647 3090 1721 3146 ut
1786 3080 2159 3147 ostenderet

228 3183 405 3245 quam
462 3165 677 3232 aliena
735 3167 821 3233 sit
876 3187 917 3231 a
980 3188 1100 3233 suo
1143 3187 1400 3252 genero.
1489 3166 1573 3231 In
1620 3166 1980 3250 Aquitania
2021 3166 2158 3232 bel-

228 3247 347 3314 lum
389 3252 617 3331 fervet,
665 3252 775 3318 ubi
818 3264 1037 3318 tamen
1082 3254 1295 3318 nostri
1338 3253 1533 3336 longe
1576 3261 1728 3317 sunt
1770 3252 2154 3335 superiores.
2267 3327 2292 3331 ἢ

227 3333 646 3422 Burdogalam
720 3346 1031 3422 putamus
1108 3338 1298 3405 hodie
1365 3339 1483 3404 sub
1551 3347 1777 3403 nostra
1839 3346 2160 3421 potestate

228 3439 371 3487 esse.
392 3428 446 3501 ⁰)
514 3422 738 3504 Quum
783 3424 1011 3490 urbem
1055 3424 1198 3492 dico
1240 3425 1533 3509 intelligo
1578 3424 1738 3489 duas
1776 3443 1957 3489 arces
1992 3445 2160 3508 quae

229 3507 361 3573 urbi
402 3509 751 3575 imminent
793 3532 833 3575 a
886 3511 1218 3577 lateribus.
1306 3509 1588 3576 'Pholoza
1608 3514 1667 3587 ⁷)
1711 3510 1906 3575 unius
1950 3510 2159 3575 homi-

228 3698 324 3707 ———.
359 3703 622 3710 ..---·-.

227 3816 405 3871 8802.
425 3820 482 3884 1)
519 3819 708 3873 Oomte
756 3818 909 3885 d’Eu,
957 3818 1518 3888 lienteriam-general.
1602 3817 1856 3886 Lanquet
1902 3817 1990 3871 ld.
2032 3818 2162 3872 Mai

227 3902 275 3949 p.
306 3885 441 3941 226.-
477 3888 769 3957 Equitatus
807 3888 1159 3941 Niverneusis
1196 3886 1467 3940 interfecit
1509 3884 1580 3938 60
1624 3891 1719 3939 aut
1754 3883 1822 3937 70
1857 3902 1923 3938 cx
1957 3887 2025 3939 iis
2060 3888 2159 3940 mi-

227 3953 403 4009 litibus
440 3958 532 4025 qui
568 3973 634 4010 ex
658 3957 888 4010 Metcnsi
912 3962 969 4010 et
985 3957 1323 4011 Trecassium
1359 3957 1493 4009 urbe
1528 3956 1683 4008 ibant
1701 3956 1995 4009 Aureliam.
2044 3954 2161 4011 Hoc·

228 4025 413 4078 accidit
446 4026 502 4077 in
539 4041 670 4095 agro
708 4025 1149 4079 Altissiodorensi
1187 4042 1294 4078 non
1333 4023 1518 4093 procul
1556 4041 1588 4076 a
1621 4023 1820 4091 Joigni.

418 4092 479 4159 2)
519 4094 728 4148 Nomen
763 4094 1139 4149 inextricabile
1175 4095 1226 4147 Δ
1337 4093 1508 4163 rapha
1539 4093 1812 4146 omittunt.

420 4161 480 4227 3)
518 4163 788 4228 Lama,
828 4162 942 4220 Gal.
988 4163 1108 4217 Iun.
1145 4179 1201 4230 p.
1228 4109 1363 4215 ggg:
1400 4162 1580 4215 Audio
1617 4163 1856 4215 revocari
1889 4165 1943 4214 in
1980 4167 2160 4216 castra

230 4229 524 4284 Aumalium
575 4232 668 4300 qui
722 4233 915 4285 missus
959 4238 1078 4285 erat
1133 4232 1253 4284 adv.
1301 4231 1722 4300 Rotomagenses
1774 4247 1819 4283 c.
1866 4229 1970 4282 600
2013 4233 2160 4299 equi·

225 4298 362 4351 tibus
396 4308 452 4352 et
484 4301 696 4368 aliquot
730 4302 1042 4354 cohortibus
1077 4301 1338 4368 peditum.
1427 4297 1538 4367 Qui
1569 4304 1749 4354 {amen
1782 4304 1844 4351 in
1883 4298 2157 4353 Norman-

229 4364 320 4419 dia
350 4384 395 4421 e.
433 4370 548 4423 suis
583 4370 757 4436 copiis
791 4370 1009 4429 mansit,
1053 4369 1151 4423 ubi
1182 4386 1220 4423 a
1258 4374 1418 4436 parte
1459 4367 1702 4422 Candaei
1743 4369 2029 4436 impen'um
2061 4369 2159 4423 ha-

225 4433 371 4489 bebat
405 4436 480 4489 D.
517 4437 584 4491 de
621 4437 945 4492 Morvillier.
1019 4438 1188 4502 (Hist.
1226 4438 1345 4493 eccl.
1383 4436 1449 4488 11.
1485 4435 1601 4491 610.
1639 4435 1780 4502 620.)

422 4505 481 4574 4)
513 4507 619 4575 Ap.
659 4506 985 4576 Andeyavos
1018 4506 1130 4561 iam
1167 4506 1326 4561 Maio
1356 4507 1575 4560 ineunte
1613 4505 1737 4560 Gar.
1772 4505 2024 4561 d'aetlbiac
2042 4505 2159 4628 §du

231 4570 453 4637 Picenis)
485 4592 532 4628 v.
570 4575 623 4629 d.
662 4592 732 4627 m.
769 4576 1077 4630 trucidatus
1106 4575 1319 4641 fuerat:
1364 4574 1413 4628 d.
1453 4574 1521 4628 13
1555 4576 1757 4627 mensis
1790 4573 2008 4628 advenit
2082 4591 2159 4629 ux

231 4639 597 4765 Montpensz'gr
625 4650 699 4764 ἦ
730 4644 1018 4766 εναᾱὲῑὲἰθεν
1062 4646 1269 4699 saeviit.
1368 4644 1542 4711 (Hist.
1589 4643 1708 4698 ecel.
1756 4642 1821 4696 11.
1871 4641 1989 4698 550.
2037 4643 2153 4697 554.

231 4707 477 4779 Lau-qut
579 4751 591 4763 .
691 4728 752 4766 ae
822 4753 837 4767 .
977 4754 989 4765 .

424 4779 484 4839 5)
520 4778 632 4836 Hie
665 4730 966 4837 mosenum
995 4716 1335 4850 {moyn-opha.
1421 4780 1635 4834 Scilicet
1673 4783 1772 4850 qai
1808 4782 2022 4861 primus
2056 4796 2153 4835 au·

228 4845 504 4903 theu-tieem
541 4856 669 4905 ante
700 4851 884 4906 oculos
915 4851 1146 4906 habebat
1178 4850 1245 4904 de
1278 4848 1499 4918 leyendo
1533 4848 1853 4917 desperavit.

428 4917 484 4978 6)
516 4919 627 4973 Hic
656 4919 891 4984 faniittr.
972 4918 1086 4974 Die
1129 4918 1215 4973 25.
1264 4917 1421 4972 Iunii
1467 4917 1677 4973 demum
1712 4918 1927 4971 castello
1973 4917 2154 4972 Trom-

227 4991 360 5049 pene
412 4987 548 5043 dicto
606 4990 785 5058 potiri
842 4988 1142 5055 voluerunt,
1205 4985 1302 5040 sed
1359 4987 1586 5041 eonessio
1633 4985 1948 5055 proditione
1994 4987 2157 5039 irrito

228 5050 789 5183 ffetqffiqotestantes
837 5057 1081 5127 plerique
1129 5057 1314 5110 urbem
1365 5055 1712 5124 reliquerant.
1805 5055 1978 5120 (Hi-et.
2033 5056 2156 5109 eccl.

433 5191 488 5255 7)
531 5193 782 5264 Lanquet
815 5195 848 5248 l.
900 5195 931 5247 l.
1017 5194 1081 5248 In
1138 5193 1372 5247 Tholosa
1426 5199 1557 5246 sunt
1612 5193 1833 5246 maximi
1877 5192 2152 5246 tumultus.

234 5256 416 5313 Nostri
453 5269 777 5332 occuparunt
809 5265 1014 5318 curiam
1048 5268 1106 5318 et
1139 5279 1260 5316 eam
1295 5262 1643 5315 muniverunt
1673 5260 1982 5317 bombardis
2015 5276 2156 5315 com·

233 5334 412 5382 meatu
447 5337 500 5384 et
533 5333 715 5385 milite.
737 5362 800 5371 —
824 5334 946 5388 Iam
980 5333 1200 5389 ineunte
1233 5329 1421 5401 Apo-ai
1452 5329 1711 5387 multus
1743 5330 1935 5397 exorti,
1959 5335 2159 5401 postea

432 5414 650 5473 aalma·
666 5433 852 5489 opera.
933 5418 1048 5475 νοτ.
1081 5416 1250 5472 xlx.

2015 404 2178 468 1562
2222 401 2405 472 [ΠΝ.

2213 1200 2219 1206 “
2254 1199 2694 1273 consumptae.
2761 1188 3017 1257 Domus
3061 1191 3357 1257 omnium
3403 1193 3658 1276 piorum
3747 1193 3760 1207 ‘

4068 405 4200 471 434

2251 589 2961 743 ffimpgrffiffimpoffis
2992 590 3444 742 dssffpffimiffit'
3493 590 4197 763 Hffioeziuimmnt
4105 614 4201 696 ‚⁰¹

2250 762 2532 848 ingressi
2597 769 2788 827 erant
2854 761 3108 829 nullum
3175 762 3535 829 omiserunt
3595 764 3905 831 saevitiae
3969 787 4196 851 genus.

2254 847 2485 931 Capite
2528 848 2813 914 truncati
2858 853 3015 913 sunt
3055 846 3256 913 iudex
3296 848 3479 914 urbis
3523 855 3592 915 et
3624 849 3872 933 aliquot
3904 850 4198 919 decurio-

2252 934 2658 1086 }{2035512‘1-20‘*
2678 933 3185 1084 vztzzzfflffi.
3222 933 3879 1103 οὲῗξιῗὲἐᾚῖῗί·
3930 936 4205 1106 ..3ρὲἓὲ

3545 1071 3562 1100 5

2255 1114 2520 1171 exortus
2563 1105 2786 1189 ignem
2831 1104 2956 1170 alio
3002 1105 3217 1170 vertit.
3286 1105 3393 1169 Ita
3428 1105 3661 1188 quadri
3751 1115 3943 1174 entae
3964 1106 4201 1174 domus

3884 1201 3990 1259 tae
4023 1200 4198 1259 sunt.

2256 1277 2610 1343 Horribilis
2674 1284 2819 1342 erat
2881 1278 3008 1342 ista
3070 1277 3367 1342 vastatio.
3459 1277 3822 1343 Oalliacum
3840 1215 3898 1350 ἓ)
3969 1279 4201 1345 urbem

2256 1363 2545 1429 vicinam
2588 1362 2859 1446 profecti
2900 1362 3040 1445 pios
3083 1382 3309 1427 omnes
3353 1363 3753 1448 iugularunt.
3832 1365 4017 1431 Haec
4060 1372 4205 1430 tru-

2254 1448 2494 1515 cidatio
2529 1447 2691 1515 alias
2725 1468 2952 1514 omnes
2995 1458 3277 1531 superat.
3345 1447 3599 1515 Verum
3640 1450 3805 1516 forte
3846 1451 3980 1517 iam
4002 1448 4199 1518 dede-

2255 1544 2418 1600 runt
2438 1555 2680 1618 poenas
2715 1555 2873 1599 suae
2909 1532 3393 1619 crudelitatis.⁹)
3447 1533 3694 1619 Oopiae
3716 1536 3893 1601 enim
3916 1535 4207 1621 undique

2257 1619 2707 1687 adventabant
2764 1620 2847 1685 ad
2901 1619 3201 1685 ferendas
3256 1621 3500 1686 nostris
3553 1621 3907 1705 suppetias.
3996 1620 4209 1704 Quid-

2257 1706 2414 1790 quid
2457 1705 2780 1784 acciderit,
2847 1728 2931 1772 ex
2987 1713 3255 1772 cruenta
3320 1706 3611 1785 victoria,
3673 1707 3937 1790 qualem
3979 1709 4201 1774 auimo

2256 1793 2565 1875 concipio,
2634 1812 2768 1858 non
2830 1792 3111 1857 multum
3174 1791 3399 1876 gaudii
3462 1792 3819 1877 proveniet.
3901 1794 3993 1860 Hi
4044 1802 4202 1861 sunt

2257 1878 2694 1946 cunctationis
2745 1872 3023 1944 nostrae'
3059 1877 3327 1944 fructus.
3416 1877 3501 1942 In
3556 1878 3909 1946 Provincia
3972 1901 4200 1947 sumus

2258 1964 2475 2030 adhuc
2515 1964 2855 2029 inferiores
2867 1968 2951 2043 ¹⁰)
3015 1962 3130 2029 sed
3172 1963 3414 2046 absque
3465 1964 3891 2032 incommodo.
3958 1964 4203 2051 Spera-

2258 2058 2369 2116 tur
2413 2060 2632 2115 tamen
2676 2050 2852 2114 intra
2893 2069 3134 2133 paucos
3199 2047 3337 2114 dies
3394 2050 3668 2116 mutatio
3708 2052 3781 2115 in
3824 2050 4077 2127 melius,
4136 2060 4203 2118 et

2258 2137 2390 2201 iam
2433 2135 2604 2201 laeta
2645 2134 2963 2218 quaedam
3007 2135 3423 2201 nunciantur.
3506 2135 3611 2201 Nu
3700 2159 3735 2202 r
3775 2137 3845 2202 in
3881 2135 4203 2209 Oabiluno

2259 2241 2461 2306 grave
2505 2220 2820 2286 damnum
2853 2222 3239 2304 accepimus.
3265 2225 3347 2296 ¹¹)
3413 2221 3546 2302 Qui
3593 2224 3606 2236 “
3663 2244 3745 2289 uc
3786 2224 4024 2289 missus
4065 2224 4206 2289 fue-

2259 2316 2368 2374 rat
2407 2307 2698 2391 spirabat
2738 2326 3062 2371 summam
3104 2307 3578 2386 fortitudinem,
3628 2328 3782 2374 mox
3824 2309 3967 2375 sine
4009 2329 4207 2376 causa

2259 2395 2610 2460 stationem
2652 2390 2955 2459 deseruit.
3037 2391 3211 2459 Urbs
3253 2413 3410 2459 vero
3454 2393 3567 2458 illa
3609 2394 3692 2459 ad
3736 2394 3947 2477 ripam
3991 2396 4207 2461 flumi-

2259 2479 2363 2631 giis
2405 2480 2534 2629 slilta
2575 2486 2696 2558 est,
2751 2478 2928 2543 unde
2985 2479 3192 2544 maior
3245 2498 3401 2563 pars
3455 2499 3753 2545 annonae
3797 2479 4206 2566 Lugdunum

2348 2586 2432 2631 ve
2479 2565 2633 2630 itur.

2432 2651 2772 2716 Hactenus
2852 2648 3220 2716 dubitatum
3300 2658 3403 2717 est
3477 2672 3562 2716 an
3642 2650 4030 2718 accersenda
4105 2673 4208 2719 es-

2262 2745 2408 2802 sent
2460 2745 2735 2802 externa
2789 2733 3054 2801 auxilia.
3142 2735 3288 2820 Ego
3349 2756 3607 2819 semper
3670 2745 3857 2803 autor
3897 2736 3994 2803 fui
4036 2757 4121 2803 ne
4166 2760 4208 2803 a

2261 2823 2449 2889 nobis
2493 2821 2757 2888 initium
2800 2822 2989 2887 fieret
3031 2822 3186 2904 quia
3226 2822 3472 2887 imitari
3510 2821 3661 2888 nolo
3703 2822 4018 2890 adversae
4051 2844 4205 2906 par-

2264 2910 2350 2974 tis
2418 2905 2913 2990 impudentiam,
3001 2927 3167 2991 quae
3245 2906 3494 2973 nullam
3560 2907 3876 2975 invidiam
3941 2909 4202 2995 refugit.

2262 2994 2457 3060 Nunc
2499 2993 2655 3076 quia
2703 2992 3006 3059 conducti
3048 3000 3208 3059 sunt
3247 2991 3329 3059 ab
3371 2994 3503 3060 illis
3546 2995 3794 3079 equites
3837 2994 4208 3080 sclopetarii

2263 3100 2349 3145 ex
2393 3077 2773 3159 Germania,
2796 3079 2884 3163 ¹²)
2926 3078 3102 3145 iusta
3159 3079 3286 3144 erit
3340 3079 3529 3159 nobis
3586 3080 3937 3147 excusatio.
4026 3081 4208 3146 Non-

2262 3164 2420 3233 dum
2486 3173 2706 3231 tamen
2774 3185 2878 3232 res
2942 3170 3202 3232 matura
3262 3163 3546 3246 videtur,
3631 3167 3763 3232 nisi
3825 3166 3926 3232 illi
3988 3166 4209 3251 copias

2255 3422 2359 3474 per
2393 3412 2514 3460 veto
2547 3404 2663 3460 dies
2697 3404 3012 3459 amicatus·
3047 3405 3248 3458 armis.-
3294 3404 3511 3459 tandem
3553 3408 3918 3472 protestantes
3949 3406 4027 3461 ad
4059 3405 4213 3461 dedi·

2262 3476 2458 3529 tionem
2506 3476 2695 3542 eoacti,
2748 3488 2920 3528 coena
2963 3480 3143 3527 santa
3196 3471 3281 3526 17.
3331 3472 3485 3527 Maii
3522 3473 3695 3528 solum
3736 3481 4010 3530 verteram
4053 3482 4104 3531 et
4145 3478 4209 3530 in

2259 3545 2422 3598 arbee
2454 3544 2670 3598 vicinae
2704 3556 2760 3597 se
2791 3548 3115 3611 receperant.
3196 3541 3604 3611 quadris-qemi
3644 3545 3878 3599 inermes
3919 3559 3958 3598 a
4001 3544 4208 3599 colonie

2260 3611 2539 3668 trucidati.
2623 3611 2900 3666 Postridie
2933 3610 3185 3665 Montlue
3217 3611 3402 3667 urbem
3435 3612 3683 3673 intravit,
3716 3612 3915 3683 templa
3944 3611 4198 3668 incendio

2260 3680 2453 3735 delevit
2486 3686 2536 3734 et
2570 3679 2934 3735 omnimodam
2978 3679 3267 3735 saevitiam
3309 3681 3562 3736 exercuit.
3638 3680 3810 3750 (Hier.
3862 3681 3983 3736 ecel.
4030 3680 4125 3734 111.
4163 3679 4196 3732 3

2261 3748 2506 3873 ᾔοῖαιάε
2550 3748 2702 3870 1?wa
2684 3748 2788 3870 6216
2809 3747 2894 3871 3121.
2931 3747 3027 3870 151}
3042 3745 3185 3883 838?-
3236 3746 3507 3803 Commeat
3540 3748 3608 3803 de
3644 3749 3879 3804 Meeeire
3910 3749 4097 3804 Blaise
4132 3748 4202 3803 de

2446 3834 2514 3873 “c
2600 3856 2616 3873 ο
2791 3858 2801 3869 -
2893 3852 2905 3867 e
3101 3858 3113 3870 ο

2467 3884 2527 3953 8)
2567 3884 2787 3941 Gaalae
2820 3901 2918 3940 sur
2954 3888 3001 3941 le
3042 3883 3211 3940 Tarn-
3285 3885 3496 3942 Eodem
3538 3885 3629 3939 die
3677 3884 3757 3939 17.
3798 3885 3951 3941 Maii
3981 3886 4202 3952 (Pente-

2260 3957 2466 4020 costae)
2501 3956 2918 4023 &exstantium
2951 3956 3419 4024 congregationem
3452 3954 3629 4010 subito
3668 3954 3820 4023 plebs
3861 3954 3996 4010 duee
4032 3955 4196 4011 σεο-ἆ.

2265 4023 2512 4080 Stroezio
2550 4023 2924 4092 Albiqeusium
2958 4024 3049 4093 epi
3241 4023 3441 4078 adorta
3473 4037 3516 4076 e.
3553 4021 3656 4077 150
3698 4023 4013 4087 immovit,
4058 4026 4201 4079 inter

2259 4093 2579 4219 ιςηοοέἷςτζ.
2617 4091 2694 4145 du
2729 4090 2923 4148 Perier-
2956 4109 3009 4148 v.
3048 4093 3104 4147 d.
3141 4108 3209 4146 m.
3284 4091 3456 4156 (Hier.
3501 4092 3619 4146 ecel.
3670 4092 3773 4145 ΙΙΙ.
3824 4089 3893 4145 68
3938 4091 4008 4145 de
4049 4092 4203 4148 Thou

2283 4202 2295 4216 .
2332 4180 2376 4218 c.
2518 4203 2530 4215 .

2468 4229 2531 4294 9)
2574 4229 3052 4285 montalbanenees
3097 4228 3368 4297 postridie
3403 4228 3739 4282 Pentecostes
3776 4227 4058 4283 Tolosanis
4102 4246 4200 4284 aa·

2260 4300 2456 4354 xi‘lium
2490 4298 2662 4353 latmi
2762 4297 3031 4363 odierant,
3077 4296 3173 4351 sed
3205 4297 3264 4351 in
3299 4297 3393 4352 via
3440 4296 3507 4351 de
3537 4297 3701 4351 rebus
3740 4301 3909 4364 gestis
3949 4299 4205 4354 certiores

2257 4369 2398 4435 faeti
2429 4368 2491 4421 in
2526 4369 2645 4422 vieo
2734 4367 2982 4421 abastein
3010 4367 3197 4433 plures
3229 4369 3459 4420 istorum
3493 4364 3812 4428 carnificem
3845 4365 4204 4435 deprehensam

2258 4436 2661 4503 interfecerunt.
2729 4434 2905 4505 (Hist.
2939 4435 3060 4488 ecel.
3095 4433 3189 4488 111.
3225 4432 3336 4501 70.)

2434 4504 2525 4571 10)
2559 4506 2832 4568 Lambert,
2866 4506 2991 4558 hist.
3027 4502 3081 4556 d.
3115 4517 3336 4572 queri-es
3361 4500 3429 4556 de
3462 4501 3557 4558 rel.
3591 4517 3659 4557 eu
3697 4501 3983 4559 Provenee.
4050 4504 4201 4562 Toul.

2261 4574 2397 4629 1870
2432 4574 2477 4628 Ι.
2510 4590 2567 4642 p.
2607 4572 2709 4626 140
2742 4590 2814 4627 ss.
2886 4573 3037 4627 Hist.
3072 4572 3195 4626 eccl.
3233 4571 3331 4624 111.
3364 4569 3468 4624 317
3504 4586 3576 4625 ss.
3686 4576 3697 4585 ’

2432 4641 2520 4703 11)
2558 4642 2705 4697 Hist.
2740 4641 2864 4697 ecel.
2899 4640 2993 4695 111.
3030 4638 3163 4694 407:
3195 4639 3340 4694 Ceux
3376 4639 3444 4693 de
3480 4640 3635 4711 Lyon
3669 4642 3913 4709 priereut
3947 4641 3999 4695 le
4017 4640 4099 4696 Sr.
4131 4641 4199 4695 de

2258 4713 2526 4765 Monbrun
2561 4727 2823 4780 nogueres
2861 4727 3000 4762 venu
3035 4709 3108 4762 du
3148 4708 3425 4778 Dauphine‘
3476 4725 3608 4765 avec
3641 4707 3747 4763 500
3780 4710 4199 4778 arquebouziers

2256 4782 2326 4834 de
2360 4796 2418 4832 se
2454 4780 2653 4832 rendre
2686 4780 2721 4832 a
2755 4779 2957 4833 Chalon
2992 4793 3129 4845 pout
3164 4779 3215 4833 le
3251 4777 3462 4847 garder.
3534 4776 3607 4831 Oe
3643 4777 3757 4847 quil
3792 4778 3869 4831 fit.
3940 4779 4079 4833 Mais
4114 4780 4199 4833 in·

2255 4851 2432 4971 νξειίά
2452 4865 2579 4969 para
2604 4847 2915 4969 'faavaiillneie
2948 4846 3225 4968 &cuba-lun
3284 4847 3471 4914 (apres
3533 4861 3640 4901 une
3696 4847 3862 4902 soriis
3910 4849 4198 4919 nanque'e)

2255 4937 2289 4971 a
2326 4935 2394 4971 an
2436 4934 2544 4970 oun
2700 4934 2734 4968 v
2799 4934 2829 4969 e
3021 4955 3032 4967 .
3069 4934 3123 4969 m
3180 4954 3194 4970 .

2428 4983 2521 5053 12)
2554 5000 2591 5038 a
2638 4983 3054 5053 Roqaendorfio,
3104 4984 3447 5053 Rhinqravio
3491 4991 3539 5038 ec
3578 4982 3892 5038 Froeliehio
3940 4986 4032 5050 (ex
4072 4984 4197 5038 Hel-

2253 5053 2436 5123 vetia).
2513 5052 2801 5108 Gondaeus
2836 5068 2899 5107 m.
2944 5053 3132 5121 Apo-ai
3174 5052 3252 5108 ad
3286 5051 3674 5121 Imperatorem
3723 5057 3774 5106 et
3810 5053 4091 5173 prinafee
4123 5052 4192 5105 le·

2250 5129 2410 5192 yatos
2459 5123 2606 5177 misit
2626 5163 2640 5184 .
2690 5122 2955 5189 petituros
3008 5127 3071 5176 ut
3120 5122 3337 5177 conseri
3408 5122 3419 5135 ‘
3511 5126 3799 5175 vetaretur.
3884 5119 3986 5186 (Μ
4005 5135 4074 5172 m.
4128 5120 4199 5173 de

2255 5189 2458 5247 Gonde'.
2492 5191 2594 5246 111.
2630 5189 2752 5245 305.
2784 5190 2903 5245 309.
2939 5189 3212 5245 Barthold
3244 5191 3278 5244 3
3351 5191 3390 5258 .)
3445 5189 3648 5246 Postea
3683 5188 3765 5244 16.
3799 5188 3958 5243 Iunii
3993 5187 4115 5267 φιν.
4155 5204 4196 5243 a

2258 5260 2468 5317 Delma
2516 5261 2849 5331 buryravius
2890 5259 3128 5315 eiusdem
3179 5260 3369 5316 literae
3412 5259 3490 5314 ad
3525 5259 3714 5329 prinei
3776 5274 3803 5311 e
3854 5258 4037 5312 attala
4087 5258 4207 5313 sibi

2257 5331 2371 5399 ipsi
2398 5329 2586 5386 eadem
2620 5327 2962 5387 concedenda
2992 5329 3260 5399 raquo-tis.
3330 5324 3525 5396 (Μέπι.
3563 5327 3663 5383 111.
3776 5326 3818 5380 l.
3850 5323 4011 5393 498.)-
