4850 6117
631 396 715 460 39
2134 391 2659 462 EPIS‘DOLAE
2699 394 3120 460 3562—3564
4520 397 4605 463 40

628 583 802 650 toris
842 582 1178 652 vobiscum
1219 602 1413 670 agere
1468 581 1725 662 vellem,
1783 579 2136 649 tacendum
2189 602 2325 648 non
2366 581 2570 648 fuisse

630 670 708 736 in
769 675 953 736 tanto
1015 675 1233 736 vestro
1427 669 1611 737 'culo.
1699 665 1778 736 Si
1838 667 2007 734 nihil
2069 667 2226 734 fidei
2288 667 2571 751 obtineo,

633 754 879 839 aliquid
921 762 1144 822 tamen
1187 761 1256 821 et
1334 755 1566 821 talicae
1607 775 1774 840 quae
1819 751 1991 838 apud
2036 774 2156 819 nos
2211 761 2313 820 est
2365 752 2569 820 eccle-

626 840 773 908 siae
836 841 1218 920 senioribus,
1273 847 1342 907 et
1404 840 1647 907 eximio
1705 839 1958 908 Christi
2015 860 2208 907 servo
2251 839 2336 905 D.
2384 838 2570 905 Petro

635 925 919 1012 Marbyn’
983 925 1266 993 tribuite.
1295 930 1353 1003 ⁴)
1465 925 1800 1011 Quidquid
1864 924 2228 992 statueritis
2287 926 2571 1026 ingenue

632 1012 843 1079 fateor
883 1012 1049 1079 mihi
1090 1032 1226 1078 non
1268 1032 1413 1079 esse
1467 1011 1902 1078 honorificum
1952 1011 2047 1077 ita
2096 1011 2377 1078 conferri
2419 1032 2570 1078 cum

635 1095 1029 1178 Blandrata,
1082 1105 1160 1163 ut
1214 1118 1255 1165 a
1308 1097 1495 1165 vobis
1549 1097 1794 1164 factum
1848 1104 1966 1164 est.
1991 1101 2045 1179 ⁸)
2148 1096 2386 1163 Valete
2439 1096 2570 1163 fra-

630 1189 771 1251 tres
834 1205 919 1249 ex
981 1183 1199 1249 animo
1264 1181 1486 1250 dilecti
1551 1190 1618 1250 et
1679 1181 1952 1250 colendi.
2048 1181 2377 1248 Dominus
2451 1202 2572 1249 vos

626 1269 872 1352 spiritu
947 1289 1064 1335 suo
1138 1268 1461 1351 gubernet
1474 1319 1490 1348 ,
1569 1269 1818 1335 virtute
1893 1268 2142 1336 invicta
2225 1269 2571 1346 sustineat,

632 1353 953 1439 donisque
994 1354 1296 1421 omnibus
1338 1355 1705 1439 locupletet.
1787 1356 2120 1436 Genevae,
2167 1359 2226 1420 9.
2265 1353 2571 1422 Octobris

1512 1986 1713 2058 3568.

962 2138 1431 2208 OALVINUS
1478 2140 1605 2208 DE
1649 2139 2242 2208 BLANDRATA.

980 2312 1104 2378 'um
1146 2312 1219 2377 in
1260 2330 1447 2377 usum
1485 2312 1855 2379 Polonorum
1890 2313 2318 2395 conscriptum,
2361 2319 2417 2380 et
2459 2335 2572 2398 ap-

618 2398 911 2482 pendicis
954 2397 1080 2464 zoco
1108 2398 1505 2481 praecedenti
1546 2399 1837 2481 epistolae
1876 2398 2291 2466 subiunctum.

628 2568 838 2636 (Etiam
874 2568 933 2622 in
965 2566 1159 2623 Codice
1194 2566 1477 2623 Turicensi
1509 2575 1567 2623 et
1597 2570 1653 2623 in
1684 2570 1933 2624 omnibus
1955 2570 2285 2625 editionibus
2318 2572 2568 2641 sequitur

984 2636 1228 2705 eandem,
1264 2636 1362 2691 sed
1556 2639 1568 2651 '
1639 2639 1652 2653 '
1686 2639 1846 2693 titulo
1880 2638 2220 2708 praemisso.)

747 2803 1222 2891 Oompendium
1260 2828 1485 2874 eorum
1529 2829 1695 2892 quae
1731 2809 1841 2875 hio
1882 2811 2017 2895 egit
2056 2809 2440 2876 Blandrata.

798 2977 1125 3063 Georgius
1187 2977 1552 3047 Blandrata
1606 2980 1896 3048 medicus
1937 2980 2107 3048 vixit
2149 2983 2319 3066 apud
2364 3005 2488 3050 nos
2511 2986 2561 3062 ¹)

625 3065 841 3148 quiete
883 3072 950 3129 et
973 3064 1228 3148 placide
1249 3064 1334 3131 ad
1365 3074 1641 3149 tempus,
1686 3074 1753 3132 et
1785 3066 2182 3135 christianae
2216 3068 2564 3137 docilitatis

626 3151 816 3233 signa
857 3148 1053 3217 dedit.
1141 3152 1252 3216 An
1295 3150 1601 3235 opinione
1643 3152 1948 3237 deceptus
1989 3153 2206 3234 fuerit,
2242 3155 2395 3238 quia
2429 3175 2561 3220 non

623 3235 870 3318 reperit
932 3234 1103 3319 quod
1167 3239 1490 3321 sperabat,
1553 3238 1897 3304 nescimus.
1984 3239 2323 3323 Exceptus
2387 3243 2562 3307 enim

620 3321 748 3387 fuit
790 3340 911 3405 pro
953 3329 1180 3388 nostra
1220 3322 1634 3407 simplicitate
1675 3334 1987 3408 tanquam
2029 3345 2207 3391 unus
2261 3348 2347 3391 ex
2401 3326 2561 3392 alio-

622 3426 774 3472 rum
815 3426 1107 3473 numero.
1195 3408 1329 3474 Coe
1373 3410 1428 3473 it
1469 3407 1705 3475 deinde
1744 3429 1863 3493 per
1906 3408 2214 3494 ambages
2255 3412 2327 3477 in
2370 3432 2564 3495 quae-

624 3493 906 3560 stionem
949 3493 1213 3559 trahere
1260 3494 1309 3560 fi
1354 3493 1415 3560 ei
1457 3504 1721 3561 nostrae
1780 3496 2127 3561 articulum
2186 3496 2268 3562 de
2311 3496 2565 3565 Christi

626 3577 867 3645 deitate
883 3629 901 3657 ,
980 3586 1048 3643 et
1122 3599 1244 3645 sua
1320 3581 1574 3646 somnia
1648 3580 1889 3665 sparsit
1955 3581 2326 3648 clanculum
2389 3584 2565 3668 apud

621 3663 976 3747 imperitos.
1075 3662 1210 3730 Sed
1274 3685 1402 3748 quo
1470 3665 1926 3749 impunitatem
1991 3667 2116 3733 sibi
2180 3669 2563 3752 acquireret,

548 3819 553 3824 ·
624 3749 1247 3902 ‘iimffifflffl
1303 3750 1604 3902 dm*-
1653 3752 2563 3907 ὃῗῆἕξῗξὲἳῗιέωῌῗω

931 3857 1000 3901 ια
1153 3886 1170 3915 ,
1229 3857 1311 3902 ex
1471 3858 1509 3902 e
1552 3860 1610 3903 r1
1750 3859 1843 3903 m1
2331 3863 2419 3907 na
2450 3862 2564 3907 um

626 3920 1130 4006 (Martinenyues
1184 3931 1421 3988 vocant
1474 3922 1662 4008 Itali)
1725 3924 1837 4007 qui
1895 3926 2018 3990 etsi
2070 3935 2259 3993 acuto
2303 3935 2448 3992 erat
2488 3947 2566 3993 ac

622 4008 980 4089 perspicaci
1021 4007 1301 4092 ingenio,
1345 4007 1571 4074 oderat
1611 4015 1832 4075 tamen
1875 4009 2142 4076 frivolas
2182 4013 2565 4095 speculatio-

624 4110 762 4157 nes.
848 4092 1083 4177 Itaque
1133 4094 1437 4177 quamvis
1477 4093 1841 4161 ,Blandrata
1896 4093 2120 4162 sedulo
2172 4099 2384 4166 officia
2424 4120 2563 4165 me-

625 4174 753 4241 dici
796 4176 1174 4246 obtruderet
1211 4178 1286 4243 in
1329 4178 1617 4245 curanda
1656 4179 1833 4248 illius
1874 4180 2255 4248 valetudine
2297 4192 2364 4249 et
2397 4205 2563 4250 uxo-

622 4262 737 4340 ris,
787 4261 1069 4330 hominis
1110 4271 1331 4330 tamen
1387 4265 1879 4349 importunitate
1932 4267 2219 4334 offensus
2263 4290 2417 4335 eum
2459 4292 2561 4336 re-

623 4346 956 4430 pudiabat.
1065 4347 1258 4429 Quod
1315 4349 1556 4417 clarius
1621 4353 1741 4418 sub
1795 4360 2073 4420 mortem
2131 4375 2317 4421 suam
2383 4363 2563 4439 pate-

623 4432 797 4499 fecit.
816 4434 875 4517 2)
981 4434 1231 4500 Eodem
1304 4437 1446 4520 ipse
1519 4445 1812 4522 tempore
1875 4440 2012 4506 suis
2074 4441 2564 4522 quaestionibus

621 4517 944 4603 fatigabat
988 4518 1348 4586 Gabinium:
1407 4543 1613 4607 eoque
1654 4524 1896 4608 magis,
1953 4524 2127 4608 quod
2168 4547 2368 4609 quum
2412 4526 2563 4595 sub-

623 4602 781 4669 inde
832 4604 1115 4705 fingeret
1169 4627 1239 4673 se
1288 4606 1618 4692 placatum
1660 4629 1823 4691 esse,
1877 4617 1943 4677 et
1984 4611 2420 4695 acquiesceret
2460 4635 2565 4680 re·

625 4709 906 4774 sponsis,
949 4690 1263 4775 postridie
1304 4693 1557 4761 redibat
1591 4695 1777 4779 quasi
1817 4717 2048 4779 novus,
2089 4718 2211 4764 nec
2233 4697 2569 4766 desinebat

832 4963 892 5086 ἓ)
930 4966 1005 5021 Ν.
1039 4962 1193 5021 2916.
1226 4964 1380 5024 3042.
1436 4968 1691 5033 &leonida
1737 4971 1906 5026 Verm.
1941 4968 2060 5025 230.
2113 4970 2343 5027 Heberle
2372 4987 2431 5041 p.
2449 4970 2569 5026 166.

626 5101 814 5183 asoa.
841 5033 896 5170 ιζ
926 5034 1288 5188 Ξοῗὲἕῗῗῗ
1312 5039 1471 5163 {Q
1501 5037 1996 5164 α’ἷνεῗιῖὧοοιιααοη
2042 5123 2100 5177 p.
2144 5108 2232 5173 so,
2275 5107 2428 5190 pm
2480 5109 2563 5165 ea.

622 5169 1077 5297 &1355-
1118 5173 1382 5234 Eumae-2
1417 5177 1527 5247 zap.
1566 5193 1639 5233 m.
1671 5177 1816 5244 Aua.
1851 5173 1985 5229 1567
2032 5177 2239 5247 empta
2279 5194 2343 5232 a·
2383 5177 2566 5235 φησι.

820 5240 887 5377 g)
928 5309 1077 5369 Obiit
1107 5327 1175 5368 ιιι.
1208 5313 1355 5384 Aua.
1389 5313 1526 5371 155⁷
1562 5315 1670 5382 (N.
1703 5311 1855 5370 2690.
1889 5311 2066 5384 2694).

2670 602 2748 648 ea
2788 581 2932 666 ipsa
2974 580 3056 648 de
3098 581 3334 666 quibus
3375 602 3569 666 saepe
3611 580 3905 649 audierat
3954 582 4287 650 sciscitari.
4373 582 4605 668 Itaque

2670 675 2927 735 coactus
2986 674 3089 733 est
3142 668 3205 734 ei
3261 666 3563 735 Calvinus
3614 668 3688 734 in
3748 667 3982 735 faciem
4025 667 4267 736 dicere:
4353 668 4605 735 Vultus

2669 759 2825 819 tuus
2885 752 3265 820 detestabile
3320 761 3690 821 monstrum
3748 754 3905 820 mihi
3959 753 4262 835 ostendit,
4319 754 4492 839 quod
4532 755 4605 821 in

2668 838 2864 906 corde
2902 839 3226 906 occultum
3267 839 3477 907 foves:
3522 859 3600 905 ac
3637 840 3897 924 saepius
3939 861 4088 906 eum
4123 861 4352 923 aspere
4384 840 4605 906 obiur-

2669 925 2870 1008 gavit,
2929 933 3003 990 ut
3043 926 3101 989 si
3143 925 3284 991 fieri
3326 934 3547 1009 posset
3589 925 3944 1011 corrigeret
3984 923 4328 1010 perfidiam
4376 933 4444 992 et
4486 925 4604 991 fal·

2668 1010 2869 1077 lacias
2949 1010 3257 1096 dolosque
3334 1018 3657 1078 tortuosos
3674 1062 3689 1092 ,
3777 1032 4052 1096 quorum
4129 1011 4391 1078 fastidio
4468 1018 4608 1078 erat

2670 1095 3140 1180 quodammodo
3199 1095 3506 1164 defossus.
3594 1096 3656 1162 N
3659 1115 3733 1162 ec
3796 1105 4018 1163 tamen
4083 1096 4333 1163 destitit
4396 1095 4608 1164 Blan-

2669 1182 2924 1249 dratam
2988 1182 3257 1248 comiter
3320 1182 3603 1249 salutare
3666 1190 3755 1248 et.
3797 1181 4175 1249 admitterre
4235 1180 4318 1249 ad
4359 1204 4607 1250 sermo-

2672 1289 2843 1333 nem.
2929 1267 3075 1333 Imo
3135 1268 3266 1333 huc
3308 1289 3513 1352 usque
3554 1267 4031 1352 obtemperavit
4070 1268 4350 1351 improbi
4393 1268 4607 1335 homi-

2672 1354 2777 1419 nis
2818 1354 3007 1433 votis,
3054 1365 3129 1419 ut
3168 1352 3352 1421 brevi
3394 1356 3635 1438 scripto
3653 1357 3707 1434 Β)
3742 1352 4127 1421 dissolveret
4159 1375 4388 1421 omnes
4425 1374 4607 1421 scru-

2672 1438 2864 1522 pulos
2938 1439 3176 1522 quibus
3251 1440 3540 1525 fingebat
3614 1438 3724 1506 ille
3798 1460 4082 1524 nequam
4147 1461 4218 1507 se
4281 1438 4603 1523 impediri.

2672 1524 2920 1590 Notare
2996 1534 3212 1591 autem
3291 1545 3526 1608 operae
3599 1527 3884 1608 pretium
3958 1532 4061 1591 est
4121 1546 4402 1609 pravum
4467 1527 4609 1593 eius

2673 1610 3036 1676 consilium.
3134 1610 3363 1694 Neque
3417 1612 3597 1676 enim
3652 1623 3782 1676 tam
3837 1612 4091 1694 optavit
4132 1610 4425 1694 expediri
4482 1612 4610 1678 sibi

2674 1694 3128 1776 dubitationes,
3191 1697 3261 1761 in
3314 1698 3548 1781 quibus
3612 1695 3867 1764 dicebat
3907 1717 3979 1763 se
4021 1697 4406 1781 perplexum
4449 1696 4610 1763 hae-

2675 1802 2841 1862 rere,
2892 1802 3089 1865 quam
3144 1781 3482 1848 contendit
3535 1802 3575 1848 a
3642 1780 3898 1849 Calvino
3952 1791 4028 1848 ut
4085 1781 4427 1848 damnaret
4467 1804 4609 1848 om-

2675 1868 2861 1933 nium
2914 1866 3190 1934 aliorum
3246 1869 3621 1934 sententias.
3723 1870 3822 1935 Ac
3879 1868 4141 1952 saepius
4193 1869 4469 1934 asseruit
4523 1867 4609 1934 ab

2674 1951 2977 2019 omnibus
3019 1953 3370 2019 Germanis
3412 1976 3484 2020 se
3526 1952 3803 2020 turbari:
3848 1954 4045 2020 unius
4087 1961 4309 2020 autem
4355 1952 4613 2021 Calvim‘

2676 2038 2972 2106 doctrina
3031 2060 3103 2104 se
3162 2037 3349 2104 reddi
3410 2038 3855 2122 tranquillum.
3963 2037 4186 2121 Quum
4250 2037 4610 2105 identidem

2674 2133 2940 2210 urgeret
2983 2135 3058 2191 ut
3096 2124 3404 2191 sedandis.
3436 2124 3798 2190 multorum
3842 2125 4253 2192 conscientiis
4303 2123 4610 2195 Calvinus

2674 2211 2973 2278 reiiceret
3034 2231 3453 2293 quaecunque
3516 2211 3597 2276 ab
3662 2209 3810 2276 aliis
3873 2221 4062 2277 erant
4121 2210 4413 2293 prodita,
4481 2210 4609 2278 sibi

2672 2296 2868 2363 fidem
2927 2317 3189 2361 omnem
3246 2294 3547 2361 detraxit.
3647 2296 3741 2361 Et
3796 2318 3881 2362 ex
3939 2316 4013 2362 eo
4062 2304 4354 2380 tempore
4413 2294 4610 2363 desiit

2677 2380 2978 2448 Calvinus
3042 2402 3188 2447 eum
3254 2381 3631 2447 admittere:
3696 2383 3848 2464 quia
3900 2388 4163 2447 tantum
4218 2381 4488 2449 dissidia
4539 2390 4609 2447 et

2673 2467 2895 2534 turbas
2937 2466 3307 2551 quaerebat.
3388 2466 3709 2550 Serpebat
3745 2467 3997 2533 interea
4038 2468 4220 2533 virus
4253 2468 4608 2552 impiorum

2673 2552 3053 2637 dogmatum
3097 2552 3274 2637 apud
3308 2553 3530 2619 Italos.
3547 2557 3605 2629 ⁴)
3681 2552 3914 2637 Itaque
3947 2553 4233 2619 seniores
4272 2551 4607 2620 Calvinum

2670 2650 2988 2722 rogarunt
3040 2648 3115 2704 ut
3171 2659 3438 2704 manum
3500 2637 3889 2704 auxiliarem
3945 2639 4325 2723 porrigeret.
4428 2639 4606 2705 Oon-

2670 2722 2844 2790 dicta
2894 2737 2994 2790 est
3044 2723 3210 2789 hora
3265 2725 3460 2809 plebi.
3536 2723 3730 2790 Missi
3788 2730 3943 2790 sunt
3986 2725 4114 2789 duo
4155 2746 4246 2790 ex
4287 2723 4605 2791 senatori-

2668 2809 2806 2877 bus.
2906 2809 3226 2876 Oalvinus
3284 2811 3484 2876 verba
3536 2810 3707 2876 fecit.
3807 2809 4132 2875 Hortatus
4188 2817 4289 2875 est
4336 2809 4605 2876 nomine

2668 2901 2933 2962 senatus
2989 2902 3065 2961 ut
3117 2895 3391 2979 quisque
3443 2895 3645 2962 libere
3715 2896 4032 2979 proferret
4096 2894 4255 2979 quid
4310 2894 4605 2961 sentiret.

2669 2983 2768 3047 Ac
2844 2989 3111 3048 senatus
3187 2982 3452 3046 nomine
3474 2981 3525 3066 ⁵)
3605 2981 3908 3064 promisit
3982 2980 4442 3066 impunitatem
4461 3031 4477 3058 ,
4547 2981 4604 3046 si

2666 3066 2821 3151 quid
2905 3088 3203 3151 erperam
3245 3077 3315 3132 et
3354 3065 3829 3133 inconsiderate
3863 3066 3967 3134 ela
4010 3088 4157 3133 sum
4190 3073 4378 3133 esset.
4454 3065 4604 3132 Illic

2665 3174 2800 3219 non
2883 3153 3161 3220 ubitavit
3201 3152 3567 3219 Blandrata
3606 3153 3882 3219 obiicere
4113 3153 4127 3166 ’
4267 3150 4439 3235 quod
4482 3150 4604 3219 fal-

2665 3238 2999 3304 sissimum
3042 3245 3201 3317 erat,
3245 3239 3618 3322 iactareque
3659 3236 3825 3303 illud
3868 3259 4008 3305 esse
4050 3237 4368 3321 scriptum
4401 3259 4606 3304 manu

2670 3322 2943 3394 calvini.
3034 3323 3316 3392 Ooactus
3352 3324 3640 3407 proferre
3673 3333 3777 3388 ter
3826 3323 4097 3389 ‘versari
4130 3323 4361 3407 coepit.
4441 3324 4607 3390 Per·

2663 3410 2964 3477 tinaciter
3039 3420 3264 3476 tamen
3338 3410 3619 3477 asseruit
3855 3410 3866 3422 ‘
3910 3429 4019 3475 am
4082 3410 4176 3474 ita
4248 3408 4606 3491 scripsisse,

2663 3494 2867 3563 donec
2907 3495 3137 3563 charta
3178 3496 3378 3562 allata
3418 3495 3545 3560 fuit
3583 3495 3655 3560 in
3714 3494 4051 3577 templum.
4134 3493 4609 3577 Deprehensus

2662 3582 2731 3647 in
2774 3583 3120 3648 manifesta
3152 3581 3482 3648 calumnia
3514 3581 3715 3647 miser
3750 3579 3860 3645 ille
3892 3600 4027 3646 non
4063 3587 4285 3646 tamen
4320 3580 4607 3660 erubuit,

2664 3688 2865 3752 quum
2908 3687 3136 3733 omnes
3176 3668 3348 3734 fuste
3402 3666 3675 3751 dignum
3732 3673 4092 3732 censerent.
4180 3665 4330 3733 Etsi
4382 3675 4609 3732 autem

2664 3775 2798 3820 non
2833 3753 3105 3837 protulit
3140 3754 3280 3836 ipse
3314 3751 3694 3819 horribilem
3730 3750 4223 3835 blasphemiam,
4258 3773 4426 3834 quae
4450 3772 4608 3818 mox

2664 3846 2992 3922 sequetur,
3037 3845 3243 3904 totam
3287 3847 3505 3905 tamen
3548 3837 3692 3903 eius
3734 3837 3993 3920 culpam
4037 3837 4329 3904 sustinet.
4410 3837 4610 3904 Dixit

2666 3926 2839 3992 enim
2874 3925 3145 3991 intimus
3178 3925 3318 3990 eius
3351 3922 3589 4024 sodalis
3631 3922 3920 3988 Ioannes
3941 3923 4192 3989 Paulus
4212 3923 4530 4023 Aloiatus,
4552 3922 4610 4011 ⁶)

2665 4007 4084 4179 guffiisadaggssarlirgeigffigmffigushiadthelis
4120 4007 4610 4178 gegatiiilsffbgluffl

2665 4191 3100 4249 statueremus
3135 4192 3272 4249 tres
3306 4201 3635 4265 personas.
3693 4177 4191 4246 &exsecrabile
4213 4178 4377 4245 illud
4399 4180 4608 4246 sacri-

2663 4268 2929 4353 legium,
2991 4277 3066 4333 ut
3119 4265 3407 4347 decebat,
3452 4266 3811 4346 exhorruit,
3855 4287 3974 4332 cur
4015 4265 4098 4332 ab
4142 4265 4283 4331 eius
4323 4263 4606 4331 familia·

2662 4357 2860 4420 ritate
2902 4374 3035 4420 non
3080 4352 3420 4420 discessit?
3467 4351 3605 4417 [mo
3639 4371 3791 4417 cum
3826 4372 3904 4417 eo
3940 4350 4136 4433 paulo
4173 4358 4319 4434 post
4351 4349 4604 4433 profec-

2664 4449 2773 4506 tus
2808 4448 2939 4507 est:
2979 4447 3047 4506 et
3079 4460 3158 4505 eo
3195 4439 3447 4516 comite,
3486 4435 3691 4503 sodali
3713 4444 3782 4501 et
3803 4436 3995 4516 socio,
4019 4437 4286 4503 molitus
4309 4446 4410 4502 est
4429 4437 4603 4503 scin-

2666 4526 2819 4593 dere
2862 4526 3182 4593 ecclesias.
3270 4523 3579 4609 Pepercit
3619 4531 3841 4587 tamen
3888 4520 4209 4603 Calvinae,
4253 4542 4328 4588 ac
4372 4520 4603 4606 depre-

2867 4831 2925 4900 3)
2964 4830 3145 4887 Gades·
3175 4831 3424 4900 praebet.-
3467 4831 3716 4901 scriptos,
3761 4828 3908 4901 qaod
3940 4833 4186 4885 nostram
4229 4828 4414 4893 facere
4445 4825 4599 4884 dubo·-

2665 4904 2860 4984 tasum.
2928 4899 3143 4956 Allado't
3175 4915 3362 4968 nempe
3395 4899 3473 4955 ad
3496 4898 3827 4969 opusculum
3863 4915 3900 4954 a
3931 4899 4091 4955 nobis
4136 4896 4250 4953 Vol.
4280 4895 4392 4951 IX.
4422 4912 4480 4968 p.
4498 4895 4598 4952 321

2665 4971 2929 5108 ammi)
2967 5038 3188 5093 Mortuo
3239 5036 3593 5104 Mar-timo
3638 5040 3919 5105 supererat
3960 5035 4290 5091 Lactantius
4338 5032 4601 5105 Βαριωνᾶ

2663 5107 2964 5164 ecclesiolae
2996 5107 3229 5162 Italicae
3262 5106 3409 5161 solas
3441 5107 3706 5169 mmet,
3740 5103 4198 5174 memoavimus
4225 5102 4446 5171 fastra
4475 5103 4598 5160 Ver·

2664 5176 2873 5232 maium
2906 5183 2957 5231 et
2990 5175 3270 5231 Ζαιισὴιιηι
3308 5174 3579 5258 Gpnevam
3614 5179 3871 5230 vocasset.

2866 5243 3915 5384 ssffffifssffiffffltfffflzm
3947 5309 4015 5364 11.
4048 5307 4167 5363 310.
