4850 6117
263 413 339 480 ιι
1987 416 2147 483 1561
2197 373 2527 483 coroa.
4169 420 4253 487 ss

260 599 548 670 (Exest-pta
578 599 851 671 quaedam
884 617 953 657 ex
987 617 1072 673 ep.
1109 600 1270 656 Locis
1306 600 1457 657 theol
1534 601 1626 658 'cis
1670 602 1731 657 P.
1766 600 1828 657 Μ
1979 603 1994 617 “
2067 604 2193 659 sub·

505 670 649 725 ieet·
681 670 766 725 ed.
809 667 959 728 1587.
994 687 1052 740 p.
1091 668 1244 727 1141.
1278 670 1364 724 ed.
1404 671 1428 723 1
1539 711 1555 736 ,
1589 671 1685 727 fol.
1718 669 1826 727 588
1859 689 1912 727 v.

417 927 769 1010 Accepisti.
847 927 1139 1012 quinque
1231 925 1645 995 adversarios
1725 929 2197 1015 colloquutores

258 1010 421 1099 apud
459 1013 823 1080 cardinales
865 1022 935 1080 et
974 1013 1309 1098 episcopos
1351 1034 1490 1079 non
1544 1021 1808 1100 tantum
1862 1031 2199 1099 suspectos

255 1119 391 1166 esse
409 1100 460 1179 ι)
504 1119 741 1164 verum
783 1120 906 1183 pro
959 1099 1306 1166 haereticis
1346 1099 1625 1179 habitos,
1668 1101 1840 1183 quod
1883 1102 1959 1166 in
2000 1122 2201 1168 causa

256 1185 762 1252 sacramentaria
827 1184 956 1250 visi
1033 1194 1190 1252 sunt
1252 1185 1558 1251 nonnihil
1622 1186 1810 1252 nobis
1874 1189 2197 1253 assentiri.

260 1268 472 1351 Quare
537 1270 898 1336 noluerunt
961 1270 1112 1337 illos
1167 1271 1448 1355 amplius
1507 1271 1847 1339 nobiscum
1901 1272 2194 1357 colloqui.

256 1354 398 1438 Qua
438 1355 521 1421 de
566 1375 764 1423 causa
805 1358 936 1422 iam
982 1378 1023 1422 a
1054 1356 1430 1440 quindecim
1466 1357 1697 1424 diebus
1710 1360 1770 1436 ²)
1807 1358 2199 1443 colloquium

256 1462 640 1525 suspensum
707 1451 828 1522 est,
893 1451 959 1508 et
1022 1443 1304 1508 multum
1363 1464 1595 1509 vereor
1647 1465 1733 1509 ne
1789 1445 1877 1510 sit
1929 1445 2223 1510 omnino<

260 1527 623 1612 abruptum.
667 1564 755 1577 —
798 1561 881 1574 —
925 1562 1010 1575 —
1055 1564 1139 1577 -
1215 1529 1471 1595 Verum
1527 1529 1804 1615 contigit
1859 1551 1994 1596 non
2054 1529 2199 1596 sine

255 1612 626 1680 admirando
709 1612 1161 1697 providentiae
1243 1613 1504 1681 divinae
1580 1614 1855 1682 artificio
1933 1625 2010 1681 ut
2073 1617 2200 1699 ipsi

263 1700 556 1783 episcopi,
622 1701 735 1784 qui
792 1720 985 1765 suum
1045 1707 1445 1767 conventum
1487 1699 1571 1766 ad
1613 1701 2038 1788 Poyssiacum
2082 1701 2200 1768 ha·

258 1783 503 1861 bebant‚
552 1784 808 1851 decima
849 1786 1043 1852 huius
1085 1787 1333 1853 mensis
1386 1787 1483 1852 ita
1542 1786 1715 1853 inter
1757 1808 1829 1854 se
1873 1788 2197 1854 dissense-

256 1871 400 1950 rint,
443 1879 521 1935 ut
566 1892 801 1955 parum
846 1870 1129 1937 abfuerit
1181 1874 1339 1957 quin
1394 1873 1476 1937 ad
1521 1892 1756 1940 manus
1800 1875 2122 1940 venerint.
2141 1878 2197 1953 ⁸)

255 1956 440 2023 Nunc
496 1977 657 2022 vero
708 1957 779 2022 in
830 1976 906 2022 eo
965 1959 1089 2023 toti
1142 1967 1298 2025 sunt
1362 1967 1441 2024 ut
1495 1978 1779 2025 canones
1836 1958 2121 2025 condant
2137 1962 2196 2037 ⁴)

261 2063 335 2108 ex
395 2043 634 2127 quibus
714 2043 963 2127 aliquot
1034 2044 1174 2109 vidi
1250 2045 1361 2129 qui
1422 2042 1584 2110 adeo
1647 2042 1805 2111 sunt
1868 2044 2067 2111 rudes
2131 2053 2198 2110 et

258 2129 464 2210 crassi,
506 2137 590 2194 ut
630 2128 784 2194 inde
827 2128 1017 2195 facile
1061 2150 1376 2214 agnoscas
1419 2150 1627 2214 papae
1680 2131 2010 2215 mancipia
2052 2129 2195 2195 nul-

258 2212 377 2278 lam
434 2215 748 2281 ecclesiae
802 2214 972 2281 velle
1026 2215 1577 2282 reformationem.
1680 2216 2000 2282 Retinent
2041 2217 2196 2282 mis-

261 2320 407 2378 sam,
443 2300 919 2367 confessionem
958 2302 1517 2382 sacramentalem,
1554 2303 1968 2368 autoritatem
1992 2322 2197 2386 papae

259 2399 631 2470 agnoscunt,
688 2386 923 2453 volunt
978 2387 1220 2452 habere
1273 2386 1614 2472 imagines,
1679 2388 2042 2472 approbant
2082 2408 2196 2470 pe-

259 2472 739 2556 regrinationes.
826 2472 1045 2538 Hodie
1082 2474 1414 2539 reversuri
1460 2483 1619 2539 sunt
1662 2473 1745 2539 ad
1790 2472 2028 2555 aulam,
2071 2494 2197 2557 quo

258 2557 471 2640 procul
512 2556 720 2627 dubio
763 2559 1202 2643 apportabunt
1243 2580 1376 2623 non
1420 2560 1723 2644 vulgaria
1764 2570 2073 2625 monstra.

414 2642 491 2710 Si
511 2664 670 2727 spes
692 2644 994 2727 colloquii
1017 2644 1141 2711 hae
1161 2644 1567 2711 hebdomada
1587 2644 2022 2729 praecidatur,
2047 2666 2195 2729 pro-

258 2728 424 2794 xima
455 2729 735 2795 ineunte
772 2731 1148 2796 missionem
1230 2739 1421 2796 etam.
1491 2731 1769 2797 Interim
1804 2752 1844 2796 a
1878 2731 2196 2814 colloquio

258 2813 486 2880 indicto
529 2836 747 2898 usque
799 2814 882 2881 ad
944 2817 1118 2882 hunc
1218 2817 1348 2881 iem
1390 2836 1522 2882 non
1566 2825 1784 2901 potest
1825 2817 1952 2883 dici
1998 2838 2194 2902 quam

258 2899 378 2966 sint
437 2911 672 2967 auctae
736 2922 1010 2967 numero
1072 2900 1366 2967 fidelium
1430 2902 1757 2969 ecclesiae.
1862 2901 1996 2969 Sed
2060 2922 2196 2968 non

259 2983 485 3069 absque
530 2987 766 3053 turbis.
857 2988 1031 3053 Nam
1079 2992 1155 3052 12
1202 2989 1403 3055 huius
1444 2988 1691 3054 mensis
1733 2989 1944 3054 nostri
1986 2988 2195 3054 Lute-

257 3070 402 3136 tiam
446 3073 703 3158 egressi
747 3081 902 3139 sunt
942 3080 1021 3139 ut
1062 3075 1441 3141 concionem
1484 3073 1792 3140 audirent
1832 3074 1903 3139 in
1947 3094 2196 3158 campo,

258 3156 773 3243 quandoquidem
851 3160 922 3224 in
999 3157 1162 3225 urbe
1239 3160 1561 3246 templum
1650 3182 1787 3226 non
1862 3158 2121 3226 habent.
2143 3163 2198 3238 ⁶)

257 3411 476 3472 fflssl
621 3456 635 3470 .
670 3414 877 3470 Bonam
915 3415 991 3470 N.
1027 3413 1181 3470 8546.
1219 3413 1376 3472 3548.

444 3485 479 3538 2
646 3485 792 3539 imus
832 3498 1118 3540 consessus
1161 3483 1350 3551 fuerat
1390 3501 1443 3541 a.
1481 3485 1534 3541 d.
1585 3486 1681 3541 VI.
1719 3484 1838 3541 Gal.
1875 3484 1984 3542 Oct.
2018 3484 2197 3554 (Hm.

257 3555 365 3610 mz.
397 3555 443 3611 1.
477 3551 618 3616 605)
654 3554 727 3622 cf.
764 3555 928 3608 etiam
957 3554 1380 3623 precedentem.

441 3621 503 3686 9)
543 3619 700 3677 Hm.
736 3622 858 3677 eccl.
888 3638 945 3691 p.
980 3621 1115 3677 609.·
1149 3622 1278 3677 Cest
1311 3623 1478 3676 escrit
1506 3621 1775 3691 (formula
1808 3620 1878 3677 de
1909 3638 2023 3692 qua
2045 3620 2200 3680 Besa

261 3688 330 3746 N.
371 3689 534 3759 8546)
595 3707 756 3760 apres
807 3691 963 3745 avoir
1014 3691 1133 3745 este
1190 3692 1438 3745 examine
1489 3708 1591 3761 par
1643 3691 1722 3745 les
1773 3691 2055 3756 doctam,
2105 3693 2199 3761 qui

260 3758 517 3816 n’svoient
554 3761 675 3814 rien
707 3759 914 3814 devant
957 3759 1038 3815 les
1072 3776 1218 3832 yeux
1250 3761 1410 3815 sinon
1444 3760 1499 3813 la
1531 3759 1701 3815 honte
1736 3766 1795 3814 et
1826 3761 1880 3814 le
1914 3760 2198 3831 dommage

262 3830 460 3900 esquels
492 3830 571 3883 ils
603 3829 912 3883 tumboient
943 3828 1028 3883 s’il
1062 3830 1423 3899 apparaissoit
1454 3833 1581 3883 tant
1613 3828 1722 3883 soit
1755 3844 1863 3911 peu
1886 3829 2043 3899 qu’ils
2077 3846 2199 3884 eus-

260 3906 371 3955 sent
417 3898 541 3953 erre'
554 3935 575 3967 ,
626 3897 713 3951 fut
761 3897 1078 3952 finalement
1126 3898 1324 3953 reiette
1374 3913 1584 3953 comme
1633 3903 1888 3968 captieux
1941 3904 1999 3953 et
2048 3899 2197 3969 plein

260 3965 557 4033 ammaon,
593 3967 645 4021 le
663 3965 697 4020 9
724 3966 884 4020 dudit
904 3966 1064 4034 mois,
1098 3970 1157 4020 et
1187 3983 1323 4021 ceux
1347 3968 1442 4037 qui
1475 3967 1734 4022 l'avoient
1767 3966 1996 4038 apperte
2018 3967 2199 4022 rurant

260 4040 406 4117 tenus
438 4053 585 4107 pour
617 4042 865 4105 suspects
899 4036 1034 4089 dont
1068 4036 1193 4105 puis
1227 4052 1389 4106 apres
1406 4037 1686 4108 Desponse
1708 4038 1812 4092 mit
1842 4037 2015 4107 grand
2036 4038 2197 4107 peine

261 4121 292 4158 s
319 4121 374 4160 se
442 4122 506 4159 ur
582 4122 627 4158 r.

403 4120 699 4240 pugem·
732 4170 838 4226 616
852 4194 867 4224 .·
901 4171 1012 4227 Les
1043 4174 1249 4242 prelata
1282 4172 1353 4227 de
1376 4173 1588 4244 Poissy,
1624 4189 1794 4245 syans
1826 4174 1880 4228 le
1913 4170 1998 4226 18.
2023 4172 2195 4228 d'Oct.

263 4244 508 4298 murcie
555 4247 615 4298 et
660 4240 898 4309 renvoye
941 4242 1090 4295 leurs
1137 4241 1411 4313 doeteurs,
1453 4243 1766 4297 finalement
1799 4258 1859 4295 se
1902 4242 2201 4296 retirerent

263 4326 411 4380 apres
445 4313 601 4366 avoir
633 4309 821 4365 dresse
866 4310 1014 4365 leurs
1049 4327 1249 4365 canons
1284 4312 1379 4381 qni
1413 4326 1484 4366 ne
1518 4311 1781 4365 touchant
1814 4326 1884 4363 en
1918 4311 2038 4364 rien
2072 4308 2110 4365 a
2142 4311 2198 4364 la

262 4377 493 4435 ‹locu-ine
526 4380 891 4448 chrestienne,
926 4381 1045 4434 ains
1078 4381 1380 4435 seulement
1412 4380 1773 4435 descouvrent
1790 4379 2054 4449 quelques
2074 4379 2199 4433 des-

264 4448 439 4504 ordres
482 4449 553 4505 de
596 4449 718 4503 leur
752 4449 914 4504 ordre
947 4449 1017 4502 de
1060 4450 1115 4502 la
1155 4448 1507 4504 refer-motion
1541 4448 1794 4519 desquels
1826 4447 1896 4501 ils
1929 4447 2041 4502 s'en
2074 4465 2138 4501 ra

264 4519 529 4585 portoient
572 4519 846 4573 tonsiours
891 4534 960 4571 au
995 4518 1049 4571 S.
1084 4519 1226 4572 Pere
1261 4522 1319 4571 et
1351 4535 1420 4571 au
1463 4518 1668 4572 concile
1702 4518 1772 4571 de
1808 4518 2029 4572 Trente.

263 4592 492 4655 §mur
538 4587 676 4643 ibid.
722 4584 1101 4710 ρ.Π61ῗ6-ῑ6ἓ,4
1153 4584 1221 4640 77
1272 4585 1547 4674 Oenones,
1608 4601 1746 4657 quos
1794 4585 1965 4640 latione
2011 4601 2198 4641 meos

266 4789 326 4872 12
356 4809 414 4847 se
446 4726 540 4848 fflt
550 4723 681 4874 June
714 4722 1013 4847 aszoffnfblBee
1046 4809 1176 4874 pres
1208 4720 1961 4874 8(.1ἷέιτῑίκξίξιοοῗίἒξόο1ξα)ιιιῗιε
1972 4722 2085 4874 hgin
2116 4724 2197 4845 {ag

260 4862 427 4928 jai-din
461 4863 656 4933 appele
688 4861 744 4915 la
768 4861 1033 4933 Cerisaye,
1070 4862 1220 4916 But.
1255 4862 1376 4917 eccl.
1402 4860 1448 4914 Ι.
1475 4860 1603 4929 166)
1635 4878 1730 4931 qui
1763 4866 1930 4916 estoit
1964 4863 2091 4916 b1en
2126 4862 2196 4916 de

266 4925 393 4983 6000
422 4946 753 5000 personnes;
784 4930 843 4986 la
874 4928 944 4984 οιὶ
973 4932 1091 4984 fust
1126 4931 1287 4985 faicte
1321 4947 1426 4984 une
1461 4929 1697 4984 Presche
1732 4929 1868 4984 dont
1900 4930 2056 4984 avint
2087 4947 2195 4985 une

262 4998 456 5120 gande
498 4998 733 5054 sedition
768 4997 802 5051 a
834 4998 1007 5053 Paris.
1078 4998 1187 5053 Oar
1226 5003 1430 5070 voyant
1474 5000 1529 5053 la
1562 4999 1852 5081 multitude
1898 4998 1947 5052 si
2127 4999 2195 5055 de

265 5068 697 5192 ..t-”2332
719 5069 794 5189 ¹1⁵.
807 5066 1463 5218 Ψξωωέῒῗὲοἶῖῗξῖῗῑ.
1506 5066 1827 5192 ιῖιῖἓῗῗὲιΐ
1854 5068 2194 5206 31ὶῖωὲἦὲἓὲ

264 5219 531 5328 ffipif'...
562 5206 827 5329 ῗέωωοι
869 5206 1392 5356 ιῖἓηξοοῖῗζᾙὲξ.
1408 5212 1913 5344 ΒῖῃὲῗἫΣΜ*
1817 5223 1921 5259 ⁰¹²¹
1947 5218 2029 5330 1⁵3.
2048 5223 2192 5330 ³022

268 5337 405 5409 Epp.
432 5343 500 5397 ΙΙ.
537 5342 637 5397 149
672 5358 743 5398 en
772 5344 929 5413 perh
959 5358 1157 5399 comme
1190 5337 1390 5398 &nom
1423 5343 1702 5407 autoire.)

2298 601 2596 670 Numero
2673 609 2862 669 erant
2939 605 3144 671 octies
3219 604 3412 671 mille.
3513 604 3738 689 Quum
3751 681 3771 689 ᾗ
3822 606 3889 672 id
3954 608 4254 692 papistae

2299 689 2781 774 cog-novissent,
2825 688 2975 757 illos
3030 691 3189 756 dum
3241 690 3540 758 redirent
3580 691 3664 758 ad
3708 692 3940 758 urbem
3999 696 4258 761 moeni-·

2298 775 2424 842 bus
2492 775 2930 854 excluserunt,
2995 776 3109 842 sed
3173 776 3438 855 frustra,
3501 778 3805 862 quoniam
3887 780 4119 847 urbem
4180 781 4253 847 vi

2300 867 2460 938 sunt
2518 861 2835 946 ingressi:
2902 883 3232 946 quumque
3291 862 3684 929 adversariis
3738 874 4000 931 nostros
4059 867 4253 933 inva-

2301 944 2611 1011 dentibus
2672 966 2897 1032 pugna
2959 949 3269 1031 utrinque
3333 948 3500 1014 inita
3554 949 3768 1028 fuerit,
3826 971 3909 1016 ex
3968 971 4014 1016 u
4163 972 4252 1018 ue

2299 1040 2487 1116 parte
2542 1033 2738 1099 multi
2793 1042 2952 1098 sunt
3007 1034 3341 1100 vulnerati
3398 1046 3467 1100 et
3522 1035 3769 1117 aliquot
3810 1036 4021 1103 occisi.
4176 1058 4252 1105 ec

2300 1138 2491 1184 secus
2543 1118 2622 1183 fit
2672 1139 2792 1203 per
2833 1118 2995 1185 alias
3046 1121 3235 1205 regni
3286 1128 3526 1204 partes.
3615 1119 3854 1201 Quare,
3909 1129 3985 1187 ut
4024 1123 4254 1190 existi-

2300 1212 2544 1282 matur,
2588 1205 2945 1270 necessitas
2989 1204 3338 1289 Reginam,
3393 1225 3696 1288 proceres
3738 1215 3807 1271 et
3847 1207 4252 1275 consiliarios

2301 1288 2527 1373 adiget
2581 1301 2658 1354 ut
2706 1290 2949 1356 nostris
2991 1290 3367 1357 facultatem
3411 1290 3670 1375 publice
3713 1291 4143 1360 conveniendi
4183 1301 4256 1360 et

2301 1373 2520 1457 aliqua
2586 1377 2832 1458 templa
2896 1376 3280 1460 largiantur.
3377 1375 3593 1443 Hodie
3646 1377 3719 1441 in
3774 1398 4013 1463 magno
4070 1387 4254 1445 metu

2303 1481 2562 1541 sumus,
2636 1465 2788 1545 quia
2849 1463 2922 1527 in
2987 1462 3188 1528 variis
3257 1461 3516 1528 Galliae
3579 1463 3959 1547 regionibus
4021 1464 4250 1533 fideles

2300 1551 2709 1630 occuparunt
2749 1547 2999 1632 templa
3040 1567 3177 1612 non
3211 1555 3583 1632 exspectata
3625 1549 3811 1634 regia
3842 1550 4170 1618 facultate.
4194 1551 4253 1636 ⁸)

2299 1629 2381 1697 Id
2422 1642 2645 1698 autem
2689 1634 2986 1717 Reginae
3042 1640 3110 1699 et
3166 1633 3538 1715 proceribus
3597 1635 3986 1719 gravissime
4028 1636 4257 1721 displi-

2300 1718 2455 1783 cuit.
2527 1718 2913 1789 Oardinales
2949 1727 3017 1784 et
3051 1719 3337 1804 episcopi
3372 1720 3634 1785 restitui
3669 1728 3919 1803 petunt.
3944 1723 4002 1800 ⁷)
4071 1719 4256 1788 Dum

2301 1804 2466 1870 haec
2509 1806 2719 1871 scribo
2753 1808 2887 1870 iam
2923 1815 3081 1871 sunt
3121 1805 3193 1869 in
3236 1804 3502 1871 consilio
3538 1806 3868 1890 principes
3903 1816 3979 1872 ut
4012 1806 4094 1873 de
4127 1807 4256 1876 hac

2298 1910 2373 1954 re
2415 1887 2788 1956 decernant.
2894 1889 3030 1957 Sed
3087 1891 3240 1975 quia
3295 1890 3366 1955 in
3410 1890 3929 1957 consiliariorum
3974 1913 4253 1959 numero

2299 1984 2463 2041 sunt
2515 1977 2716 2042 etiam
2772 1975 2977 2060 aliqui
3033 1975 3403 2044 cardinales
3445 1985 3513 2041 et
3555 1977 3862 2061 episcopi,
3911 1979 4117 2045 nostri
4169 1979 4253 2045 li-

2297 2060 2546 2127 bellum
2610 2062 2971 2146 supplicem
3024 2063 3323 2148 Reginae
3364 2063 3737 2129 obtulerant
3779 2073 4121 2146 precantes
4165 2086 4253 2130 ne

2299 2155 2530 2213 contra
2570 2148 2674 2213 ius
2717 2160 2785 2213 et
2825 2148 2926 2215 fas
2969 2148 3362 2213 concedatur
3403 2149 3789 2233 suffragium
3824 2150 3894 2213 in
3930 2149 4052 2216 hac
4088 2148 4252 2215 deli-

2297 2232 2634 2298 beratione
2674 2234 2758 2299 iis
2800 2235 2914 2318 qui
2958 2243 3112 2299 sunt
3154 2235 3342 2300 nobis
3399 2256 3479 2300 ex
3523 2235 3812 2318 professo
3855 2235 4052 2299 iurati
4096 2236 4251 2302 hos-

2297 2328 2419 2384 tes.
2530 2317 2879 2400 Quantum
2939 2339 3095 2386 vero
3158 2322 3366 2386 simus
3431 2320 3847 2403 impetraturi
3899 2340 4008 2386 me
4066 2320 4245 2386 latet.

2299 2402 2376 2470 Si
2419 2403 2632 2471 edicto
2688 2404 3034 2470 iubeantur
3087 2405 3314 2490 populi
3371 2405 3617 2489 templa
3667 2407 4033 2485 restituere,
4077 2404 4250 2473 sedi-

2299 2490 2513 2556 tiones
2554 2498 2622 2557 et
2655 2491 2885 2557 caedes
2927 2490 3260 2557 timendae
3303 2500 3479 2557 sunt.
3524 2525 4250 2541 ——————

2301 2611 3143 2625 ——————
3213 2577 3317 2642 De
3383 2576 3789 2644 confessione
3853 2578 4251 2663 Augustana

2299 2681 2545 2745 quaeso
2588 2684 2672 2727 ne
2717 2664 2999 2747 angaris,
3059 2663 3214 2745 quia
3255 2663 3673 2730 ecclesiastici
3717 2682 3863 2728 eam
3909 2684 4042 2728 non
4087 2661 4250 2729 reci-

2298 2749 2500 2832 pient.
2604 2747 2887 2813 Nostrae
2945 2749 3101 2814 item
3146 2748 3456 2814 ecclesiae
3499 2769 3646 2813 eam
3690 2770 3821 2814 non
3878 2747 4247 2828 admittent,

2299 2832 2473 2917 quod
2508 2854 2697 2898 suam
2740 2833 3040 2917 gallicam
3084 2835 3269 2917 sequi
3304 2834 3732 2901 decreverint.
3813 2832 4063 2900 Omnes
4099 2855 4251 2901 nos-

2301 2918 2391 2983 tri
2434 2919 2915 3003 colloquutores
2957 2940 3104 2985 eam
3146 2920 3399 2985 nolunt.
3492 2918 3795 2986 Calvinus
3836 2940 4092 3004 quoque
4135 2919 4251 2986 de-

2300 3003 2605 3071 hortatur
2668 3007 2953 3070 maxime
3017 3028 3099 3071 ne
3161 3003 3230 3070 id
3289 3007 3423 3071 fiat.
3522 3005 3798 3071 Nullum
3853 3025 4011 3091 ergo
4056 3004 4249 3072 video

2301 3090 2453 3156 inde
2496 3090 2860 3175 periculum
2895 3091 3255 3157 imminere.
3699 3111 3704 3120 ·

2471 3176 2642 3242 Heri
2682 3178 3087 3243 mutavimus
3128 3177 3505 3260 hospitium.
3520 3181 3581 3258 ⁸)
3661 3175 4034 3245 Cardinalis
4066 3178 4250 3245 enim

2307 3260 2728 3333 Gasuuoneus
2767 3282 3075 3328 reversus
3117 3277 3218 3329 est
3259 3263 3332 3327 in
3379 3262 3597 3328 aulam
3641 3262 4027 3346 (dissolutus
4071 3264 4251 3330 enim

2300 3355 2403 3413 est
2443 3347 2883 3433 praelatorum
2927 3354 3316 3426 conventus)
3360 3357 3426 3414 et
3459 3350 3725 3433 repetiit
3757 3348 4024 3415 domum
4060 3370 4252 3416 suam

2298 3435 2373 3499 in
2439 3455 2569 3520 qua
2632 3434 3039 3500 versabatur.
3139 3433 3364 3516 Quare
3422 3455 3648 3501 sumus
3706 3435 3893 3501 iussu
3949 3435 4250 3521 Reginae

2298 3519 2584 3606 ablegati
2621 3517 2704 3586 ad
2747 3520 3103 3604 hospitium
3147 3521 3467 3587 Ducissae
3507 3519 3966 3602 FerrariensiS,
3981 3524 4038 3599 ⁹)
4077 3519 4250 3605 quod

2299 3606 2496 3688 norit,
2550 3591 3100 3691 quemadmodum
3155 3613 3397 3672 testata
3451 3614 3568 3686 est,
3622 3606 3724 3672 illi
3775 3607 4058 3693 principi
4114 3626 4249 3673 non

2505 3894 2566 3962 6)
2604 3894 2862 3965 Loeuquet
2903 3895 2954 3950 9.
2997 3896 3112 3952 Oct.
3152 3895 3304 3965 Epp.
3338 3895 3408 3950 11.
3445 3894 3578 3950 144:
3627 3896 3839 3968 Ubique
3883 3896 3997 3949 fere
4041 3892 4249 3964 templa

2299 3962 2367 4018 ab
2420 3964 2747 4046 evangelicis
2797 3971 3146 4035 occupantur,
3200 3971 3264 4019 ut
3308 3964 3584 4033 Aureliae,
3637 3967 3872 4030 Alesiae,
3926 3960 4246 4030 Turom‘bus,

2297 4031 2596 4103 Andegavi,
2621 4032 2872 4102 Pictavii,
2893 4034 3176 4104 Rupellae‚
3198 4034 3429 4103 Meldae,
3454 4033 3719 4103 Lugduni,
3754 4035 3812 4088 in
3842 4031 4248 4114 Montepessulo

2299 4107 2358 4157 et
2401 4119 2462 4225 ffi
2507 4107 2628 4156 tota
2670 4101 2947 4158 Vasconis
2980 4143 2998 4160 .
3033 4143 3047 4157 .
3082 4143 3096 4156 .
3136 4103 3473 4159 Carcassonii
3519 4104 3683 4156 etiam
3729 4118 3885 4155 suum
3931 4116 4248 4171 episcopum

2295 4187 2403 4241 exp
2462 4174 2687 4308 Θιῆῃῖἄ.
2724 4238 2809 4294 26.
2852 4239 2970 4298 oct.
3002 4257 3061 4311 ρ.
3101 4238 3203 4294 151
3218 4259 3237 4293 .·
3269 4240 3573 4294 Edixerunt
3607 4239 3708 4292 snb
3742 4253 3921 4307 poena
3954 4237 4151 4309 capitis
4184 4241 4249 4291 ut

2297 4314 2565 4379 occupata
2614 4325 2648 4361 a
2698 4309 2904 4364 nostris
2954 4311 3161 4379 templa
3210 4310 3627 4364 restituerentur
3661 4346 3674 4359 .
3712 4347 3728 4363 .
3763 4346 3780 4363 .
3815 4347 3827 4359 .
3864 4306 4030 4361 Istius
4081 4305 4248 4360 edicti

2297 4394 2514 4432 causam
2561 4393 2681 4431 esse
2725 4380 2930 4447 dicunt,
2971 4378 3135 4433 videl.
3173 4379 3455 4448 episcopos
3498 4391 3565 4430 ea
3606 4375 3918 4430 conditione
3962 4375 4249 4444 pecuniam

2297 4446 2879 4571 {Jz’ffln‘sss‘zm
2853 4448 3036 4586 ᾧ
2948 4463 3048 4504 ⁸¹²⁸
3082 4446 3373 4569 ῗᾙῑὲέἓ
3396 4448 3814 4568 malui?
3846 4444 4254 4579 “monmp'ffiffi

2455 4534 2490 4569 n
2585 4556 2599 4582 ,
2765 4534 2802 4570 n
3807 4556 3821 4568 .

2297 4602 2385 4640 me
2419 4585 2621 4639 attinet
2653 4533 2767 4655 eg«)1
2780 4589 2913 4655 puto
2937 4532 3224 4653 utraldique
3256 4596 3473 4636 causam
3495 4598 3835 4649 concurrere,
3868 4581 3980 4637 vid.
3999 4588 4246 4636 contrac-

2297 4663 2416 4709 tum
2465 4654 2665 4708 factum
2728 4670 2775 4707 c.
2823 4670 2856 4709 e
2895 4654 3093 4722 iscopis
3144 4656 3202 4705 et
3250 4656 3455 4704 metum
3505 4652 3651 4721 regis
3702 4650 4001 4720 Hispanici.
4087 4649 4248 4706 Iden

2298 4723 2348 4777 9.
2392 4722 2508 4780 Oet.
2543 4739 2598 4792 p.
2635 4720 2755 4776 147.
3164 4720 3493 4773 remiserunt
3536 4721 3654 4785 regi
3696 4719 3932 4775 sedecim
3975 4720 4246 4774 milliones

2296 4793 2608 4846 francorum
2657 4790 2945 4846 solvendos
3003 4791 3063 4844 in
3113 4736 3377 4842 d'ecennio
3391 4828 3407 4855 ,
3468 4789 3556 4843 sin
3594 4789 3698 4842 ulis
3749 4789 3906 4843 annis
3957 4788 4135 4844 decies
4187 4792 4248 4841 et

2294 4861 2477 4915 sexies
2511 4866 2741 4914 centena
2772 4859 2960 4913 millia.
3027 4858 3229 4912 Misere
3271 4858 3499 4927 cupiunt
3584 4857 3822 4912 ‘scedere
3854 4855 4110 4912 Possiaco
4144 4854 4254 4910 sed

2295 4946 2432 5054 ἓιὲἷιᾰ
2450 4928 3020 5052 posninngmimpetrare
3053 4927 3263 4981 dimissi'
3171 4927 3183 4940 “
3248 4926 3443 4981 'onem
3512 4925 3598 4994 Gt.
3634 4926 3845 4994 Erash,
3845 4932 3901 4982 rt
3930 4924 3966 4981 1.
4001 4926 4036 4981 1.
4063 4940 4122 4996 p.
4155 4921 4250 5016 53..

2429 5014 2523 5053 an.
2590 5037 2604 5050 .
2744 5036 2757 5048 .

2497 5064 2559 5134 8)
2598 5064 2680 5129 Of.
2717 5063 2999 5135 Martyris
3040 5064 3195 5121 relat.
3242 5080 3332 5135 ap.
3368 5064 3675 5134 Houinyer.
3719 5063 3797 5118 H.
3835 5063 3908 5119 E.
3945 5063 4076 5118 VII.
4122 5060 4243 5115 715.

2296 5133 2553 5204 Longam
2595 5147 2652 5202 p.
2698 5131 2819 5186 140.
2889 5133 2934 5188 I
2965 5148 3023 5187 se
3076 5133 3368 5189 Vsu-miliae
3413 5134 3621 5203 accepit
3662 5133 3874 5187 salvam
3917 5132 4244 5188 conducam

2293 5203 2347 5259 d.
2365 5203 2451 5258 25.
2476 5201 2591 5259 Oct.
2616 5201 2830 5272 (Bm
2858 5201 2923 5256 11
3031 5201 3291 5274 Lanam
3323 5201 3408 5259 26.
3431 5199 3545 5259 Oct.
3575 5218 3635 5272 p.
3654 5200 3783 5256 152:
3822 5204 3966 5256 Ante
3999 5199 4242 5255 triduum

2290 5273 2369 5327 fui
2402 5288 2451 5327 c.
2485 5271 2634 5408 L91Jart
2699 5271 2875 5394 uda
2907 5271 3234 5344 impetrarat
3265 5272 3632 5327 dimissionem
3667 5287 3700 5324 a
3733 5270 3907 5341 Begm'
3907 5287 3958 5323 a.

2910 4721 3081 4790 iscopi
