4850 6117
620 401 745 461 387

622 583 838 670 Voyla
872 604 1226 668 pourqnoy‚
1263 583 1636 664 Messieurs,
1671 604 1839 652 nous
1863 604 2026 650 vous
2059 603 2268 650 avons
2311 605 2563 670 envoye

620 677 1108 755 expressement
1149 690 1222 736 ce
1265 669 1736 754 gentilhomme
1769 677 2033 754 present
2063 676 2331 754 [1611661-
2374 677 2442 737 66
2484 670 2563 736 (16

621 764 841 824 vostre
883 757 1108 821 nation
1147 756 1330 822 Pom·
1368 777 1534 823 vous
1582 757 1763 840 prier
1805 763 2036 823 autant
2069 755 2209 839 quil
2250 776 2420 823 nous
2463 763 2565 823 est

618 842 902 927 possible
948 840 1048 907 (16
1068 841 1261 907 1’6611·
1302 849 1369 906 66
1410 842 1563 909 bien
1605 841 1934 922 entendre,
1992 849 2059 908 et
2112 862 2228 908 sur
2279 862 2354 908 ce
2395 862 2563 908 nous

617 935 921 1013 ooti'oyer
939 947 1015 994 ce
1038 949 1162 1011 666
1197 949 1363 994 nous
1384 948 1549 995 vous
1577 927 1977 994 demandons
2013 936 2081 994 et
2100 949 2225 1012 que
2259 949 2424 994 nous
2461 948 2563 994 es-

619 1018 858 1099 pe'rons
902 1011 1155 1080 obtenir
1199 1011 1280 1079 de
1322 1034 1489 1081 vous
1532 1034 1784 1081 comme
1816 1017 1994 1098 juste
2037 1021 2104 1079 et
2144 1011 2561 1082 raisonnable

619 1109 687 1166 et
744 1119 994 1167 comme
1048 1108 1443 1166 concernant
1498 1121 1745 1166 mesme
1785 1106 2003 1166 vostre
2059 1106 2247 1179 estat,
2304 1099 2559 1167 Pource

618 1207 745 1270 que
778 1184 1117 1250 lambition
1153 1183 1234 1250 de
1269 1206 1386 1251 nos
1419 1206 1752 1270 ennemys‚
1788 1207 2039 1253 comme
2072 1206 2238 1251 nous
2273 1206 2558 1266 asseure‚

621 1293 747 1355 666
808 1290 883 1338 66
942 1278 1092 1337 nest
1141 1291 1259 1354 pas
1315 1291 1357 1336 a
1417 1291 1582 1339 nous
1645 1271 1823 1338 seulz
1886 1271 2061 1356 quilz
2126 1293 2208 1337 en
2276 1270 2555 1338 veulent.

616 1357 793 1424 Mais
846 1377 973 1440 que
1029 1355 1276 1440 plutost
1322 1356 1414 1442 jlz
1470 1364 1586 1423 ont
1640 1358 1969 1425 embrasse
2013 1363 2159 1423 tout
2213 1357 2275 1423 le
2317 1356 2559 1422 monde

618 1464 740 1527 par
795 1442 943 1507 leur
991 1442 1340 1519 insatiable
1399 1442 1698 1527 cupidite.
1784 1443 2142 1510 Messieurs
2207 1464 2329 1509 666
2395 1443 2560 1508 11666

620 1550 808 1616 amys
824 1579 841 1606 ,
920 1526 1101 1593 Nous
1175 1549 1341 1593 nous
1417 1528 1950 1596 recommandons
2017 1550 2057 1595 a
2119 1550 2238 1596 voz
2315 1531 2560 1595 bonnes

618 1615 869 1699 priores
925 1619 992 1678 et
1046 1612 1126 1679 de
1180 1621 1393 1680 tontes
1451 1636 1564 1681 voz
1621 1615 1890 1699 esglises
1944 1635 2135 1699 apres
2191 1617 2377 1682 avoir
2419 1615 2561 1699 prie

620 1699 683 1765 le
749 1697 1073 1783 Seigneur
1136 1701 1272 1784 quil
1337 1720 1500 1767 vous
1563 1702 1964 1766 maintienne
2029 1722 2107 1767 en
2177 1722 2250 1767 66
2313 1702 2560 1769 saincte

621 1785 839 1870 garde.
909 1784 1172 1869 Escript
1215 1806 1254 1851 a
1296 1785 1555 1852 orleans
1600 1806 1673 1853 ce
1715 1790 1803 1871 xj.
1852 1787 2061 1853 davril
2112 1790 2290 1853 1562.

1363 1923 1603 1989 Vostre
1647 1922 2019 1991 afecsionne
2061 1924 2188 1990 bon
2233 1945 2385 2008 amy

1551 2010 1731 2095 Loys
1774 2007 1854 2075 de
1897 2011 2206 2076 bourbon.

1386 2303 1779 2315 w

1491 2551 1686 2624 3772.

833 2708 1072 2774 BEZA
1117 2704 1599 2775 MINIS'PRJS
1645 2708 2341 2777 TURIOENSIBUS.

790 2880 1163 2948 Aocwratior
1195 2880 1484 2946 naa-ratio
1515 2899 1726 2946 rerum
1766 2882 1910 2947 inde
1951 2882 2029 2947 ab
2069 2882 2244 2948 exitu
2275 2881 2561 2965 colloquii

627 2964 1056 3035 Possiaomsis
1094 2964 1412 3032 inGallia
1448 2972 1766 3051 qestamm
1799 2987 1996 3050 usque
2028 2968 2319 3034 adsum
2349 2967 2560 3052 ipsius

621 3071 764 3118 cum
804 3054 1074 3119 exercitu
1120 3050 1459 3119 Condensis
1500 3054 1587 3120 ad
1619 3052 2005 3120 Aurelianos
2037 3055 2386 3120 adventum

619 3223 1042 3293 (Autographon
1076 3228 1292 3278 exstare
1326 3240 1435 3278 non
1470 3225 1704 3279 videtur.
1756 3226 2010 3296 Legimus
2045 3241 2168 3282 exx.
2191 3225 2561 3280 Neocomense

622 3294 682 3347 in
719 3292 853 3374 fasc.
887 3308 1009 3415 egp.
1045 3292 1242 3347 divers.
1275 3292 1345 3346 N.
1383 3291 1417 3345 7
1453 3298 1510 3348 et
1543 3294 1819 3376 Berneuse
1852 3294 1979 3349 Cod.
2017 3292 2134 3361 122,
2171 3295 2205 3348 f.
2242 3292 2323 3347 ⁷1.
2381 3293 2563 3349 Habet

729 3367 891 3415 661616
967 3362 1138 3414 116161.
1175 3361 1295 3416 Vol.
1334 3360 1451 3415 104.
1510 3362 1705 3417 Edidit
1738 3364 1907 3417 Baum
1945 3362 2010 3418 11.
2049 3364 2193 3432 App,
2228 3380 2281 3432 p.
2324 3361 2463 3428 178.)

800 3531 872 3598 S.
942 3530 1129 3613 Quae
1174 3531 1410 3599 abhinc
1450 3555 1696 3599 annum
1739 3535 1985 3600 fuerint
2029 3533 2417 3619 gallicarum
2461 3556 2566 3601 ec-

627 3620 970 3685 clesiarum
1015 3619 1435 3698 incrementa,
1499 3629 1565 3685 et
1620 3640 1814 3703 66616
1860 3619 2135 3686 feliciter
2183 3619 2305 3685 sub
2339 3620 2567 3704 regulo

627 3714 871 3783 nostro,
916 3725 1112 3787 quem
1155 3725 1494 3788 speramus
1537 3705 1817 3771 alterum
1858 3704 2102 3772 Iosiam
2144 3707 2302 3784 fore,
2337 3710 2389 3784 ¹)
2426 3727 2567 3773 coe-

625 3792 917 3876 perimus
960 3790 1300 3873 respirare,
1344 3792 1476 3856 iam
1519 3791 1771 3875 pridem
1814 3812 2202 3876 cognoscere
2246 3793 2566 3874 potuistis,

626 3879 863 3943 fratres
901 3877 973 3941 in
1008 3875 1296 3942 Domino
1331 3876 1669 3943 carissimi.
1748 3876 1930 3942 Huic
1962 3897 2157 3961 porro
2193 3877 2569 3963 progressui

625 3961 942 4029 Satanam
977 3960 1288 4029 invidisse
1323 3983 1398 4030 66
1435 3961 1708 4047 proinde
1742 3984 1919 4030 nunc
1963 3965 2168 4028 imum
2191 3964 2572 4030 Acheronta

624 4047 920 4114 fidelium
988 4068 1256 4113 suorum
1319 4049 1772 4115 ministrorum
1850 4069 2049 4131 opera
2124 4050 2568 4128 commovisse,

625 4134 895 4199 minime
937 4133 1178 4199 mirum
1221 4143 1337 4200 est.
1426 4133 1563 4200 Sed
1605 4143 1827 4199 tamen
1863 4155 2099 4219 operae
2131 4136 2415 4219 pretium
2453 4145 2570 4213 est,

627 4230 700 4284 ut
751 4241 892 4285 rem
947 4226 1153 4286 totam
1210 4221 1629 4305 cognoscatis.
1718 4220 1804 4285 In
1846 4222 1988 4304 ipso
2032 4220 2350 4304 colloquio
2406 4220 2571 4287 Pos-

628 4305 884 4370 siaceno
942 4307 1146 4387 (quod
1189 4306 1538 4391 praecipue
1582 4305 1983 4390 Locharinyii
2028 4305 2398 4373 cardinalis
2440 4326 2571 4371 non

627 4490 1672 4563 37⁷2.1)Haae⁸poeua·unaliquo
1712 4492 2247 4560 fundamentoma
2288 4494 2574 4558 faerita-

622 4560 792 4629 plane
841 4575 989 4615 vana
1042 4562 1195 4616 haud
1242 4561 1406 4626 facile
1456 4562 1680 4617 diam.
1766 4560 1959 4618 Etiam
2384 4562 2576 4622 ambit

633 4628 750 4684 Gal.
787 4627 952 4683 Febr.
991 4629 1083 4694 (Π.
1117 4628 1245 4694 204)
1264 4650 1279 4680 .·
1330 4630 1539 4700 Regina
1571 4632 1779 4686 6666166
1822 4648 1923 4685 666
1956 4631 2318 4701 administrat,
2365 4646 2571 4685 accom-

632 4697 824 4751 modat
856 4713 916 4750 se
949 4706 1063 4751 tem
1102 4699 1186 4751 ori
1220 4705 1277 4752 et
1310 4699 1551 4753 ostendit
1593 4717 1652 4754 se
1687 4700 1843 4754 nobis
1888 4699 2244 4754 addictiorem
2280 4716 2443 4769 quam
2477 4716 2572 4753 an-

630 4773 734 4819 tea.
806 4765 926 4819 Rex
965 4773 1021 4819 et
1076 4772 1252 4821 ratres
1287 4768 1541 4822 videntur
1573 4770 1730 4824 brevi
1778 4768 2060 4823 transituri
2095 4769 2164 4822 ad
2199 4774 2414 4823 nostras
2489 4785 2576 4822 ar-

631 4840 730 4887 tes.
803 4834 954 4887 Haec
1001 4834 1047 4886 si
1097 4851 1204 4888 non
1250 4836 1387 4889 fiunt
1433 4842 1609 4891 matre
1653 4839 1986 4908 impellente,
2032 4838 2173 4891 fiunt
2214 4838 2407 4893 saltem
2454 4854 2576 4919 ipsa

632 4920 740 4957 non
776 4902 1010 4967 nolente,
1051 4920 1177 4956 nam
1213 4904 1260 4956 si
1285 4905 1449 4958 vellet
1471 4912 1657 4973 posset
1691 4907 1971 4977 impedire.
2025 4906 2431 4962 Aurelianensis
2464 4923 2575 4960 iam

634 4972 768 5024 satis
802 4972 1045 5024 ostendit
1089 4988 1149 5025 se
1196 4987 1312 5025 esse
1348 4990 1382 5025 a
1416 4977 1616 5028 nostris
1664 4977 1926 5045 partibus,
1958 4976 2366 5044 Andegavensis
2410 4975 2575 5044 plane

633 5056 770 5109 puer
806 5056 979 5109 nuper
1022 5041 1186 5110 petiit
1220 5059 1252 5093 a
1287 5045 1462 5095 matre
1506 5059 1685 5098 coram
1731 5045 1978 5113 plurimis
2013 5061 2082 5098 ne
2126 5044 2382 5114 deinceps
2417 5043 2578 5097 daret

629 5110 686 5162 ei
737 5109 1016 5163 ministros
1068 5111 1161 5177 qni
1216 5124 1325 5162 non
1379 5118 1559 5165 essent
1604 5112 1919 5169 Lutherani.
1988 5112 2138 5167 Haec
2183 5114 2352 5168 verba
2396 5119 2575 5167 mater

633 5178 846 5246 excepit
880 5178 993 5231 risu
1029 5183 1125 5233 oto.
1181 5176 1360 5231 Nobis
1393 5177 1525 5233 haec
1557 5186 1607 5234 et
1640 5182 1845 5236 similia
1978 5197 2007 5235 e
2038 5181 2236 5238 ibidem
2257 5181 2575 5247 reseruntur

631 5248 769 5370 οαὲιᾶ·
799 5261 1043 5371 worse
1066 5245 1318 5301 videntur
1347 5247 1522 5311 fuisse
1554 5250 1651 5316 qui
1682 5250 1747 5303 de
1782 5196 2060 5308 indqu'ssria
2094 5251 2156 5305 ia
2188 5251 2381 5319 vulqus
2415 5264 2572 5318 spar-

625 5330 695 5385 90
763 5331 806 5368 n
901 5356 911 5367 .

2128 394 2650 463 EPISmLAE
2691 397 3112 462 3771—3772

4468 397 4575 463 388

2667 591 2804 650 tam
2859 591 3007 651 astu
3063 605 3260 667 quam
3310 583 3676 667 impudenti
3724 583 3995 652 audacia
4044 583 4425 668 dissipatum
4468 588 4578 667 est)

2666 676 3018 755 coeperunt
3059 670 3356 736 veritatis
3392 669 3628 749 hostes,
3676 670 3915 754 alioqui
3957 670 4132 735 inter
4174 689 4246 735 se
4286 670 4581 737 inimicis·

2665 756 2833 834 simi,
2890 754 3172 821 Herodis
3216 763 3284 821 et
3325 754 3529 821 Pilati
3570 754 3887 839 exemplo,
3951 776 4091 822 esse
4146 755 4490 822 concordes
4527 765 4583 822 et

2665 841 2746 907 de
2788 841 3224 926 crucifigendo
3259 839 3525 908 Christo
3570 840 3943 908 deliberare.
4032 840 4389 925 Quumque
4421 841 4585 906 vide-

2661 934 2814 993 rent
2855 929 3163 992 maiorem
3218 947 3361 994 esse
3415 927 3489 992 in
3530 927 3684 993 aula
3739 929 3999 1012 piorum
4041 946 4386 1011 procerum
4427 939 4586 993 anto-

2659 1014 2941 1092 ritatem,
2978 1032 3175 1096 quarn
3208 1020 3285 1079 ut
3318 1013 3545 1079 statim
3580 1012 3647 1078 id
3682 1020 3952 1096 possent
3982 1012 4296 1092 obtinere,
4337 1010 4419 1078 ad
4450 1033 4588 1079 suas

2662 1096 3137 1165 descenderunt
3172 1105 3365 1164 artes.
3436 1097 3669 1182 Itaque
3703 1098 3816 1164 alii
3838 1099 4017 1165 Loth
4099 1099 4113 1112 '
4215 1099 4229 1111 ‘
4382 1118 4588 1165 versus

2661 1183 2984 1264 abierunt,
3029 1183 3419 1262 Germanos,
3477 1184 3729 1251 obiecta
3769 1186 4161 1268 Augustana
4201 1184 4592 1251 confessione

2661 1278 2977 1354 tanquam
3011 1269 3216 1348 larva,
3255 1268 3359 1335 vel
3401 1270 3474 1334 in
3502 1278 3723 1353 partes
3758 1290 3912 1336 suas
3947 1270 4341 1354 pertractnri
4378 1270 4590 1353 (quum

2660 1355 2789 1439 ipsi
2840 1357 3096 1422 interea
3150 1355 3318 1421 nihil
3375 1355 3593 1421 minus
3649 1376 3847 1439 quam
3900 1356 4283 1440 religionem
4341 1358 4589 1438 curent)

2662 1442 2768 1509 vel
2828 1441 3169 1508 nobiscum
3231 1442 3657 1508 commissuri.
3769 1442 3902 1508 Alii
3967 1461 4121 1509 vero
4174 1440 4357 1507 domi
4414 1450 4479 1506 et
4530 1442 4592 1505 in

2661 1528 2821 1611 ipsis
2883 1528 3070 1611 regni
3135 1526 3577 1611 penetralibus
3592 1579 3609 1606 ,
3690 1549 3764 1594 ac
3826 1528 4209 1611 praesertim
4274 1527 4591 1606 Lutetiae,

2661 1614 3023 1697 pecuniam,
3067 1613 3326 1692 amicos,
3372 1614 3548 1680 vires
3585 1613 3863 1696 denique
3898 1613 4199 1681 omnibus
4233 1612 4451 1678 modis
4482 1612 4593 1677 sibi

2662 1707 3014 1782 coeperunt
3046 1718 3439 1782 comparare.
3510 1698 3738 1782 Neque
3781 1701 3959 1765 enim
3993 1697 4267 1765 dubium
4309 1708 4419 1764 est
4452 1699 4598 1781 quin

2661 1806 2810 1852 6616
2850 1785 3120 1851 66666116
3163 1783 3466 1851 6111611166
3509 1806 3651 1851 6666
3684 1785 4159 1852 coniunxerint.
4247 1783 4439 1851 Haec
4472 1805 4599 1848 om-

2662 1872 2772 1936 nia
2816 1869 3077 1936 difficile
3119 1891 3251 1936 non
3295 1870 3421 1936 fuit
3462 1870 3829 1955 perspicere
3847 1921 3863 1948 ,
3921 1879 4114 1954 atque
4159 1868 4321 1936 adeo
4381 1869 4599 1935 multis

2660 1955 2918 2023 indiciis
2940 1954 3461 2041 deprehendere:
3501 1956 3616 2021 sed
3651 1976 3881 2023 cavere
3914 1976 4047 2022 non
4081 1957 4260 2035 item,
4298 1957 4597 2040 quoniam

2658 2042 2708 2106 ii
2749 2062 3026 2126 quorum
3067 2042 3415 2126 praecipue
3457 2043 3771 2108 intererat
3815 2046 3918 2124 (ut
3960 2044 4164 2109 nostis
4207 2041 4379 2109 filios
4417 2040 4600 2107 huius

2659 2127 2902 2193 saeculi
2960 2125 3415 2211 prudentiores
3470 2149 3611 2194 esse
3665 2129 3819 2194 filiis
3875 2127 4085 2212 lucis),
4146 2146 4490 2212 nunquam
4530 2146 4599 2192 eo

2659 2222 3020 2298 potuerunt
3076 2212 3346 2291 adduci,
3399 2221 3474 2279 ut
3516 2215 3583 2279 in
3630 2212 4093 2299 cognoscendis
4141 2214 4336 2279 rebus
4396 2212 4598 2278 dubiis

2660 2320 2806 2365 eam
2851 2298 3258 2383 diligentiam
3313 2321 3441 2384 qua
3492 2320 3651 2383 opus
3696 2309 3838 2365 erat
3878 2298 4284 2366 adhiberent.
4377 2298 4600 2381 Itaque

2660 2383 3073 2470 promulgato
3126 2384 3364 2465 edicto,
3425 2406 3551 2468 quo
3597 2386 3781 2452 nobis
3825 2385 4296 2469 qualiscunque
4340 2385 4599 2451 libertas

2662 2469 3059 2548 conceditur,
3120 2479 3298 2538 tutos
3352 2491 3493 2537 sese
3545 2472 3683 2536 fore
3739 2479 3894 2536 sunt
3943 2470 4257 2536 arbitrati.
4351 2468 4600 2534 Deinde

2663 2557 2789 2622 hoc
2841 2558 3037 2622 etiam
3105 2557 3375 2624 accessit
3443 2557 3924 2623 incommodum
3987 2556 4157 2641 quod
4223 2557 4282 2623 is
4301 2559 4360 2635 ²)
4429 2558 4601 2621 cuius

2662 2644 3007 2709 autoritate
3071 2644 3306 2709 caeteri
3367 2642 3730 2709 necessario
3787 2642 4181 2721 nitebantur,
4245 2642 4603 2709 fascinatus

2660 2728 2950 2795 hostium
2982 2726 3527 2795 ludificationibus
3561 2738 3708 2813 post
3738 2728 4002 2815 longam
4027 2729 4605 2794 dissimulationem

2664 2814 2927 2880 tandem
2970 2815 3040 2879 in
3085 2835 3311 2880 eorum
3357 2824 3572 2881 castra
3613 2823 3884 2897 repente
3929 2815 4220 2893 transiit,
4276 2835 4488 2897 neque
4542 2812 4602 2877 id

2662 2901 2891 2967 fecisse
2933 2906 3276 2967 contentus
3318 2901 3504 2984 prius
3547 2899 3813 2981 destitit,
3873 2921 4068 2985 quam
4114 2902 4256 2984 pios
4353 2918 4603 2964 roceres

2669 3007 2751 3052 ex
2800 2985 2952 3052 aula
3000 2986 3278 3053 eiiceret.
3303 2990 3359 3067 ³)
3446 2984 3782 3070 Sequutus
3838 2996 3938 3053 est
3993 2983 4225 3052 deinde
4274 2921 4604 3051 AEndenww

2665 3071 2978 3156 principis
3022 3071 3305 3151 morbus,
3348 3073 3461 3156 661
3503 3079 3570 3138 66
3609 3074 3750 3156 ipse
3786 3093 3986 3155 quum
4021 3081 4290 3156 cuperet
4323 3068 4407 3137 ad
4445 3078 4603 3135 tem·

2665 3179 2788 3243 pus
2833 3156 3100 3222 domum
3142 3157 3460 3237 secedere,
3503 3179 3648 3225 ecce
3690 3179 3846 3223 mox
3889 3179 4030 3224 sese
4075 3167 4213 3224 tota
4247 3156 4603 3222 coniuratio

2665 3243 2985 3328 patefecit.
3095 3243 3160 3310 N
3160 3264 3267 3309 am
3327 3252 3634 3311 evocatus
3698 3243 3771 3308 in
3850 3245 4068 3309 aulam
4152 3242 4529 3317 Guisicmus,
4551 3245 4603 3318 ⁴)

2666 3330 2849 3413 quasi
2882 3336 3127 3396 mortes
3161 3338 3228 3395 et
3261 3330 3463 3395 exitia
3505 3350 3728 3397 secum
3771 3330 4060 3407 trahens,
4104 3330 4316 3413 primo
4360 3329 4607 3411 impetu

2667 3414 3086 3483 Vassiensem
3147 3414 3487 3482 ecclesiam
3511 3415 3563 3502 ⁸)
3621 3415 3893 3482 invadit.
3982 3416 4107 3480 Est
4165 3423 4390 3480 autem
4444 3412 4608 3477 Vas-

2667 3503 2911 3568 siorum
2958 3500 3339 3584 oppidulum
3380 3522 3513 3567 non
3547 3501 3777 3584 procul
3796 3502 3844 3568 J
3845 3501 4115 3568 oinvilla
4138 3499 4605 3567 Guisianorum

2665 3588 2896 3671 patria,
2930 3587 3066 3652 iam
3100 3586 3353 3670 pridem
3387 3587 3650 3671 pietatis
3685 3588 3755 3652 in
3789 3585 3923 3652 illis
3952 3585 4327 3672 regionibus
4349 3586 4607 3651 nomine

2667 3671 2861 3739 valde
2909 3671 3161 3738 celebre
3176 3724 3192 3752 ,
3254 3693 3327 3739 ac
3379 3671 3654 3756 proinde
3700 3672 4040 3740 Guisianis
4083 3672 4392 3737 invisum.
4485 3670 4606 3737 Hic

2670 3778 2825 3842 ergo
2883 3758 3171 3841 primum
3228 3779 3369 3825 sese
3438 3757 3669 3824 effudit
3722 3758 3983 3824 illorum
4044 3760 4357 3841 impetus,
4422 3756 4607 3840 idque

2670 3851 2853 3910 tanta
2894 3864 3047 3909 cum
3091 3843 3268 3909 rabie
3310 3853 3385 3909 ut
3427 3845 3543 3909 vix
3578 3844 3789 3910 ullum
3824 3865 4113 3928 unquam
4147 3842 4402 3908 editum
4436 3842 4607 3907 simi-

2667 3929 2750 3996 lis
2804 3927 3207 3996 crudelitatis
3274 3930 3360 3995 sit
3425 3931 3819 4014 exemplum,
3886 3930 4076 3995 sicuti
4142 3951 4224 3994 ex
4290 3949 4455 3994 vera
4518 3928 4605 3993 rei

2671 4023 2894 4100 gestae
2935 4014 3208 4081 historia
3250 4017 3667 4100 cognoscetis.
3738 4015 3958 4082 Huius
4003 4014 4409 4082 crudelitatis
4455 4036 4609 4081 666·

2672 4101 2841 4180 6166,
2886 4098 3124 4167 additis
3166 4100 3392 4179 minis,
3437 4121 3601 4185 6666
3643 4111 3906 4186 praeter
3947 4101 4231 4167 similem
4274 4100 4608 4166 saevitiam

2671 4187 2839 4252 nihil
2888 4185 3258 4271 spirabant,
3317 4188 3485 4253 sicut
3538 4187 3791 4254 animos
3844 4187 4134 4253 hostium
4174 4186 4464 4263 inflavit,
4523 4186 4607 4249 ita

2671 4272 2869 4338 etiam
2906 4280 3160 4339 nostros
3196 4274 3646 4359 expergefecit,
3685 4282 3759 4338 ut
3794 4272 3874 4339 de
3908 4271 4194 4338 remedio
4229 4271 4605 4357 cogitarent.

2672 4358 2948 4425 Evocati
2993 4368 3150 4425 sunt
3185 4359 3390 4443 igitur
3444 4358 3639 4425 vicini
3699 4359 3950 4425 nobiles
3967 4410 3981 4438 ‚
4042 4356 4393 4441 aderatque
4449 4357 4605 4421 forte

2670 4445 2744 4508 in
2799 4444 2959 4509 urbe
3021 4443 3392 4525 condensiS,
3449 4443 3714 4511 domum
3770 4465 4126 4529 properans
4194 4465 4341 4509 cum
4410 4462 4605 4507 uxore

2672 4538 3097 4614 praegnante.
3187 4528 3323 4611 Qui
3379 4530 3628 4597 frustra
3680 4532 3899 4596 omnia
3952 4538 4283 4613 expertus,
4330 4537 4404 4593 ut
4452 4527 4605 4593 Gui-

2672 4616 2899 4681 sianus
2956 4614 3084 4680 alio
3149 4614 3380 4681 itinere
3431 4616 3504 4680 in
3559 4616 3779 4682 aulam
3822 4617 4091 4682 inermis
4134 4618 4289 4694 iret,
4350 4615 4602 4680 tandem

2672 4721 2749 4766 66
2816 4712 2916 4767 666
2979 4698 3316 4778 6(1(166666,
3366 4711 3457 4781 66,
3523 4722 3650 4785 666
3708 4701 3812 4768 (116
3859 4713 3925 4768 66
3974 4709 4305 4768 1661116666
4368 4700 4479 4765 1116
4540 4700 4603 4762 in

2674 4785 2905 4853 urbem
2942 4793 3236 4852 armatus
3271 4786 3604 4870 ingressus
3638 4796 3755 4867 est,
3792 4787 4019 4854 eodem
4053 4788 4283 4871 etipse
4302 4795 4603 4860 armatus,

2674 4880 2893 4939 coacto
2949 4879 3220 4955 repente
3271 4872 3529 4938 circiter
3583 4882 4019 4940 trecentorum
4065 4873 4375 4939 nobilium
4418 4869 4605 4937 comi·

2882 5111 2937 5179 2)
2973 5109 3040 5166 N
3037 5125 3342 5166 everrentes
3373 5111 3461 5181 (N.
3496 5111 3678 5179 3748).

2881 5179 2942 5243 3)
2982 5177 3409 5247 Oasiillionaeos,
3444 5184 3680 5238 mammo
3715 5182 4095 5237 Adnuit-alium.

2881 5246 2941 5384 ἓξ
2976 5247 3055 5373 ig
3084 5246 3243 5373 ἓξὲξ]
3273 5318 3426 5374 3757.
