4850 6117
260 398 371 463 329

257 581 512 651 iuvabit.
594 579 847 646 Galliae
879 580 1176 666 probatio
1210 579 1475 665 deteget
1516 597 1743 644 eorum
1789 576 2190 665 hypocrisim

260 668 357 754 qui
390 667 468 732 ab
501 664 874 731 hominibus
909 664 1380 750 pependerunt.
1449 664 1592 731 Piis
1627 665 1889 731 animus
1923 671 2191 745 crescet,

260 776 324 822 ac
364 774 437 819 eo
477 751 692 836 magis
734 750 988 819 discent
1039 753 1106 817 in
1152 772 1360 818 unum
1404 750 1624 816 Deum
1669 750 2069 830 recumbere,
2115 770 2192 818 ac

258 837 438 907 simul
482 835 566 904 ad
607 858 830 921 preces
874 857 985 903 eos
1027 836 1401 904 sollicitabit
1442 837 1734 922 agitatio.

415 923 777 1009 Superiora
816 922 1116 1009 relegens
1150 921 1588 989 animadverti
1630 922 1837 989 fuisse
1876 923 2189 989 omissum

292 1008 417 1078 uod
459 1009 785 1094 attingere
831 1008 1267 1076 decreveram.
1355 1008 1503 1075 Iam
1546 1008 1803 1075 circiter
1848 1008 2189 1074 dimidium

255 1033 673 1163 {ebrum-ium
717 1116 982 1178 sparsus
1038 1096 1164 1161 fuit
1207 1116 1433 1162 rumor
1474 1095 1547 1160 in
1588 1094 1713 1162 hac
1756 1095 2019 1174 vicinia,
2075 1100 2191 1159 tuo

256 1181 506 1251 consilio
551 1180 902 1247 adductum
947 1181 1149 1249 fuisse
1193 1188 1495 1248 senatum
1530 1180 1960 1260 Beruensem,
1982 1181 2072 1258 25)
2114 1185 2192 1246 ut

256 1269 328 1334 de
368 1265 616 1354 synodo
660 1267 949 1352 cogendo
991 1268 1383 1334 sententiam
1427 1278 1732 1333 mutaret.
1804 1267 2040 1351 Itaque
2075 1265 2192 1350 qui

254 1355 373 1420 iam
416 1352 499 1419 ad
543 1353 671 1419 iter
703 1360 895 1418 erant
936 1355 1206 1419 accincti
1243 1373 1414 1419 novo
1453 1353 1666 1421 edicto
1701 1361 1967 1438 repente
2005 1351 2192 1417 vetiti

254 1448 399 1506 sunt
436 1437 669 1523 pedem
714 1459 997 1506 movere.
1087 1439 1409 1523 Equidem
1464 1439 1597 1506 scio
1640 1448 1705 1505 te
1748 1445 1928 1505 recto
1971 1439 2190 1503 animo

252 1527 488 1605 fecisse,
548 1524 663 1590 sed
721 1526 1125 1610 experientia
1181 1526 1367 1592 brevi
1423 1524 1675 1592 docebit
1716 1525 1986 1591 minime
2029 1522 2189 1589 utile

252 1612 438 1678 fixisse
493 1609 858 1688 consilium.
944 1612 1083 1678 Nec
1125 1622 1227 1677 cst
1269 1611 1443 1696 quod
1501 1632 1765 1696 operam
1808 1630 2021 1677 meam
2063 1609 2189 1674 im-

251 1697 473 1783 plores,
505 1696 680 1848 ⁴‹iluia
723 1695 1045 1765 denuncio
1090 1699 1310 1764 omnia
1352 1718 1495 1766 esse
1528 1697 1802 1781 perdita.
1873 1695 2189 1762 Pluribus

250 1805 319 1851 su
398 1803 504 1849 rse
552 1803 644 1849 eo.

320 1805 642 1953 peNuper
712 1868 797 1935 ad
863 1869 1184 1957 synodum
1251 1869 1762 1936 Neocomensem
1789 1870 1881 1949 ²⁶)
1946 1867 2190 1934 accitus

253 1955 589 2034 excusavi,
648 1976 734 2021 ne
798 1955 1174 2037 clamarent,
1239 1956 1354 2040 qui
1410 1955 1723 2022 simulant
1788 1975 2053 2040 operam
2117 1974 2191 2020 se

249 2062 449 2106 meam
498 2040 892 2120 desiderare,
936 2045 1115 2108 ultra
1155 2050 1367 2109 metas
1401 2062 1508 2108 me
1541 2040 1862 2127 progredi.
1934 2040 2188 2106 Iterum

248 2126 391 2195 illuc
438 2147 648 2193 vocor.
716 2125 895 2209 Quid
940 2128 1232 2198 facturus
1274 2129 1402 2194 sim
1441 2126 1680 2195 neseio.
1758 2126 1905 2193 Hoc
1948 2128 2080 2194 scio
2122 2133 2189 2190 te

248 2212 433 2277 nimis
477 2234 559 2279 ac
602 2213 797 2280 nimis
840 2214 977 2279 falli
1023 2213 1178 2280 dum
1225 2214 1565 2281 existimas
1617 2212 1765 2279 illos
1807 2234 2047 2296 cupere
2089 2230 2189 2278 ec—

248 2298 465 2365 clesiae
538 2298 701 2365 bene
767 2299 1159 2367 consultum.
1246 2300 1517 2367 Utinam
1545 2301 1640 2379 ²⁷)
1707 2298 1878 2365 ultra
1943 2297 2187 2365 Sauro·

246 2394 465 2461 mutas,
511 2385 775 2469 quando
819 2387 911 2451 ita
954 2386 1417 2454 contumeliose
1461 2386 1622 2452 mihi
1667 2385 1985 2451 illuditur.

1112 2951 1315 3025 8738.

724 3106 1097 3177 PONNAT
1132 3114 1181 3187 ¹)
1227 3112 1291 3175 A
1334 3106 1708 3176 CALVIN.

243 3276 735 3447 DQW
797 3281 873 3346 de
930 3286 1223 3363 meme
1267 3302 1438 3364 pour
1491 3281 1660 3347 deum
1712 3282 2039 3364 paroisses
2093 3283 2183 3348 du

474 3387 504 3430 ι
585 3414 601 3430 .

245 3535 621 3606 (Autem-ephe
654 3537 722 3591 de
756 3538 813 3591 la
844 3537 1232 3659 Bibliothegue
1267 3537 1336 3592 de
1368 3538 1603 3593 Geneve.
1642 3538 1766 3592 Vol.
1785 3535 1903 3605 109,
1936 3537 2029 3593 fol.
2065 3536 2184 3593 105.

338 3634 402 3644 —
437 3605 686 3659 Bulletin
721 3605 788 3660 de
825 3607 877 3660 la
895 3606 1107 3662 Societe
1165 3622 1195 3660 e
1229 3605 1393 3665 l’hist.
1411 3607 1487 3661 du
1503 3607 1656 3661 Prot.
1690 3606 1903 3662 XVIII.
1937 3604 2085 3674 531.)

402 3779 469 3844 A
515 3798 672 3843 mon
713 3781 1018 3864 seigneur
1057 3778 1390 3847 Monsieur
1433 3777 1677 3846 Calvin

1635 3887 1677 3931 a
1720 3865 2012 3932 Geneve.

406 4037 573 4104 Mon
616 4037 940 4122 seigneur,
992 4059 1112 4104 nos
1153 4038 1359 4104 freres
1403 4037 1483 4103 de
1524 4036 1783 4105 Clavan
1825 4046 1893 4104 et
1933 4037 2186 4103 Misen-

245 4142 361 4188 nar
409 4125 529 4206 qui
583 4135 737 4190 sont
791 4122 965 4190 deux
1021 4122 1305 4210 grandes
1358 4145 1551 4209 parro
1596 4123 1753 4192 ches
1809 4144 1941 4190 aux
1999 4144 2188 4190 mon·

246 4218 470 4294 tngnes
535 4210 817 4296 doysens
841 4209 899 4290 ²)
955 4232 1041 4276 en
1099 4230 1173 4277 ce
1228 4210 1369 4295 pais
1431 4208 1515 4276 de
1626 4209 1937 4294 aulphine
2001 4215 2190 4277 mont

408 4500 513 4569 25)
549 4508 799 4556 senatum
844 4502 1180 4558 Beruensem
1224 4500 1378 4556 Besa
1421 4503 1537 4557 loco
1582 4515 1684 4557 suo
1723 4502 1894 4557 novit
1931 4506 1984 4556 et
2016 4500 2069 4554 N
2103 4515 2191 4556 re-

248 4571 803 4705 ροσυιϊὲωϋαιτοωιπ
658 4572 907 4696 md.
941 4571 1019 4626 N.
1051 4568 1208 4625 8722.
1239 4568 1395 4623 3785.

412 4706 511 4776 27)
543 4708 703 4764 Haec
733 4707 1036 4766 concauam
1067 4707 1141 4763 ab
1171 4704 1360 4763 aliena
1390 4722 1577 4764 m

250 4773 428 4831 8⁷88.
453 4776 511 4841 1)
545 4778 610 4831 Β.
648 4777 866 4832 Ponnat
896 4793 958 4832 se
990 4781 1186 4831 trouve
1237 4792 1371 4831 avec
1401 4794 1476 4831 un
1509 4775 1738 4831 docteur
1771 4776 1832 4832 1³⁶.
1867 4775 1938 4831 de
1973 4777 2190 4832 Ponunt-

251 4852 307 4898 et
335 4845 401 4902 P.
434 4846 507 4901 Δ.
541 4847 774 4915 Ponuat,
818 4861 1027 4901 comme
1059 4862 1134 4900 un
1166 4819 1267 4900 des
1298 4850 1637 4917 protestante
1666 4846 1917 4901 uotsbles
1948 4845 2021 4900 de
2053 4844 2189 4901 Gre-

252 4913 426 4980 noble,
467 4932 539 4969 au
581 4916 810 4972 nombre
851 4915 947 4971 des
988 4915 1314 4985 signate-ires
1355 4915 1425 4969 de
1466 4915 1524 4970 la
1564 4916 1733 4970 lettre
1764 4912 1840 4968 du
1872 4914 1924 4969 2.
1959 4913 2192 4970 Fevrier

251 4981 578 5041 demandant
610 5002 686 5039 un
717 4984 918 5041 second
961 4992 1187 5054 pasteur
1231 4983 1268 5038 a
1300 4986 1420 5040 cote
1451 4982 1731 5055 d’Eynard
1764 4982 1986 5038 Pichon.
2053 4983 2190 5052 (Ar-

250 5052 404 5108 m
433 5052 480 5108 L
512 5051 778 5179 Ἥκω
810 5130 869 5186 et
888 5122 1126 5204 ‘Misoens
1143 5121 1299 5204 ⁵daus
1328 5120 1384 5175 la
1415 5120 1592 5176 vallee
1620 5120 1868 5176 d’Oisane
1894 5118 2022 5189 (⁸⁸⁶0.
2051 5117 2187 5174 m

251 5187 366 5315 23³...
394 5258 467 5316 α.
500 5197 806 5345 &²25⁹ae
830 5191 1239 5319 m..
1261 5187 2192 5343 1mzat'sw

2002 393 2162 458 1562
2206 388 2488 457 MART.

4107 396 4232 461 330

2288 575 2434 659 prie
2476 575 2560 643 de
2600 595 2769 644 vous
2823 578 3109 662 escripre
3166 600 3237 644 oe
3280 579 3443 663 petit
3484 586 3622 645 mot
3661 600 3832 665 pour
3875 601 4035 648 vous
4076 604 4231 668 sup-

2288 661 2461 746 plier
2501 682 2585 729 au
2619 683 2774 729 nom
2810 661 2893 728 de
2925 661 3104 729 Dieu
3138 663 3220 731 de
3260 663 3408 731 leur
3448 665 3705 752 volloyr
3744 666 3929 753 fayre
3971 690 4045 735 ce
4080 668 4232 736 bien

2288 768 2417 832 que
2462 746 2542 815 de
2583 749 2729 815 leur
2771 747 3005 834 voloyr
3048 749 3300 816 donner
3343 773 3477 838 ung
3518 751 3818 819 ministre
3874 754 3954 819 de
4009 753 4075 819 la
4114 775 4230 838 pa-

2288 833 2451 901 rolle
2494 835 2582 902 du
2625 831 2953 920 Seigneur
2991 855 3031 900 a
3073 858 3148 904 ce
3191 835 3364 920 quilz
3405 858 3538 904 nen
3590 840 3766 904 scint
3808 838 4122 907 destitues
4165 849 4233 907 et

2289 920 2585 1005 puissent
2628 928 2800 987 estre
2835 941 3099 1005 separes
3132 944 3214 988 en
3238 922 3528 988 doctrine
3571 931 3637 990 et
3671 945 3860 992 ovres
3881 924 3960 990 de
4004 926 4233 992 l’ente-

2290 1004 2497 1072 christ
2549 1028 2716 1092 pour
2768 1007 3134 1075 embrasser
3173 1008 3224 1075 J
3225 1030 3375 1075 esus
3420 1008 3647 1076 Christ
3701 1019 3767 1075 ct
3818 1032 3923 1077 ses
3966 1011 4232 1078 mande-

2288 1100 2507 1158 ments
2549 1114 2758 1178 voyre
2815 1115 2942 1160 eux
3000 1095 3401 1161 soubmettre
3466 1095 3664 1162 soubz
3723 1116 3841 1163 son
3897 1100 4014 1182 jou
4072 1116 4233 1165 aveo

2289 1183 2502 1245 toutte
2543 1178 2863 1246 humilite.

2461 1264 2625 1331 Mon
2659 1266 2968 1351 seigneur
3000 1265 3062 1330 le
3095 1265 3256 1332 zelle
3276 1288 3404 1350 que
3431 1269 3501 1352 je
3534 1267 3681 1333 leur
3715 1287 4001 1353 cognoys
4026 1269 4233 1353 joinct

2290 1370 2418 1434 que
2461 1349 2525 1415 la
2568 1371 2762 1418 cause
2804 1372 2887 1418 en
2927 1359 3030 1417 est
3071 1351 3153 1418 de
3195 1373 3310 1438 soy
3347 1352 3563 1438 digne,
3604 1353 3759 1421 faict
3801 1375 3927 1439 que
3960 1356 4031 1438 ,ie
4065 1375 4233 1422 vous

2289 1435 3096 1608 53mb³331033¹¹²ffi32fi55
3097 1438 3286 1590 ³123..ss
3319 1448 3624 1607 1:5330'3120
3656 1460 3806 1592 123¹ss
3809 1462 3841 1506 ⁸
3858 1440 4234 1594 3312&ss

2287 1608 2603 1675 favoriser
2645 1631 2730 1674 en
2771 1617 2909 1676 cest
2950 1608 3211 1674 endroit
3252 1630 3502 1676 comme
3536 1614 3606 1695 je
3648 1631 3839 1696 croys
3873 1632 3999 1696 que
4040 1611 4231 1679 feres.

2461 1694 2931 1779 Monseigneur
2993 1693 3271 1779 puisque
3334 1695 3384 1763 J
3384 1716 3534 1764 esus
3597 1696 3827 1763 Christ
3890 1720 3960 1764 se
4037 1710 4234 1783 prent

2290 1801 2426 1846 aux
2480 1780 2625 1865 plus
2684 1779 2910 1847 haultz
2966 1780 3233 1848 rochers
3293 1790 3361 1845 et
3417 1803 3616 1848 creux
3662 1782 3774 1849 des
3820 1786 4235 1869 montaignes

2291 1865 2373 1932 de
2416 1886 2490 1932 ce
2533 1887 2714 1951 pays,
2764 1869 2834 1952 je
2887 1888 2972 1933 ne
3015 1888 3120 1932 me
3173 1867 3323 1951 puis
3368 1867 3447 1934 de
3490 1869 3746 1954 moings
3801 1889 4065 1937 assurer
4108 1892 4234 1954 que

2291 1950 2378 2016 du
2437 1952 2855 2019 deffinement
2913 1952 3230 2038 prochain
3284 1951 3365 2020 de
3427 1953 3829 2022 l’entechrist
3896 1964 3966 2021 et
4022 1954 4103 2022 de
4157 1978 4233 2024 sa

2287 2037 2597 2123 paliarde.
2666 2039 2851 2105 Vous
2895 2060 3070 2105 seres
3115 2037 3282 2105 donc
3322 2060 3476 2124 pere
3521 2063 3562 2107 a
3604 2062 3709 2108 ces
3743 2042 3993 2107 bonnes
4036 2050 4234 2127 genta

2289 2131 2356 2189 et
2407 2143 2448 2189 a
2491 2133 2708 2191 vostre
2761 2137 3128 2192 acostumee
3206 2125 3347 2190 leur
3411 2126 3579 2193 feres
3633 2135 3785 2212 part
3837 2125 3952 2193 des
4001 2148 4231 2213 greces

2289 2229 2415 2293 que
2458 2230 2531 2277 oe
2577 2211 2704 2277 bon
2749 2210 2899 2278 dieu
2945 2232 3108 2278 vous
3153 2211 3368 2278 donne
3416 2219 3485 2277 et
3528 2234 3612 2279 ne
3654 2213 3749 2280 les
3791 2211 3997 2279 lerres
4040 2213 4231 2280 venir

2290 2295 2544 2381 vuydes
2598 2296 2679 2362 de
2735 2297 2879 2364 leur
2932 2305 3078 2362 tant
3130 2298 3337 2366 sainct
3391 2296 3566 2366 desir
3608 2309 3673 2366 et
3727 2299 3812 2364 ilz
3854 2300 4152 2384 prieront
4191 2319 4233 2365 a

2276 2382 2540 2466 jamays
2597 2393 2664 2449 et
2705 2404 2860 2469 mo)r
2916 2403 3073 2451 avec
3125 2406 3257 2450 eux
3309 2406 3562 2452 comme
3617 2389 3686 2471 je
3742 2386 3885 2471 prie
3949 2385 4013 2453 le
4077 2407 4234 2470 pere

2288 2468 2568 2534 esternel
2636 2489 2803 2536 vous
2864 2489 3213 2537 conserver
3271 2492 3353 2537 en
3407 2479 3596 2538 sante
3649 2481 3716 2538 et
3773 2493 3856 2537 eu
3910 2491 3984 2538 sa
4038 2491 4233 2557 grace

2286 2574 2411 2638 par
2451 2553 2651 2621 Jesus
2693 2554 2925 2623 Christ
2965 2556 3200 2639 auquel
3257 2557 3382 2622 soit
3422 2558 3654 2643 gloyre
3696 2559 3943 2643 empire
3987 2570 4055 2623 et
4098 2558 4233 2627 vio-

2286 2648 2476 2726 toyre
2513 2640 3090 2793 Ῑέεέἑιωὼοωοῃι.
3202 2640 3307 2708 De
3373 2643 3708 2710 Grenoble
3777 2665 3851 2712 ce
3916 2642 4234 2711 dosiesme

2285 2746 2463 2794 mars
2680 2780 2694 2795 .

2696 2863 2935 2932 Vostre
2979 2864 3381 3018 treshumssle
3384 2877 3492 3017 Pet
3533 2864 3861 3018 obtissant
3903 2868 4233 2933 serviteur

3323 3002 3338 3017 .
3444 2972 3621 3018 onna
3651 3004 3667 3017 .

3160 3497 3355 3568 3789.

2772 3655 3257 3724 HAGENIUS
3301 3655 3739 3723 CALV'INO.

2461 3828 2682 3896 Rarus
2735 3828 2999 3910 scriptor
3022 3832 3076 3903 ¹)
3123 3826 3322 3909 plura
3376 3828 3576 3893 tradit
3615 3847 3775 3911 quae
3811 3829 4059 3910 partim
4100 3829 4233 3893 iam

2286 3916 2552 3983 obsoleta
2582 3916 2831 3997 partim
2879 3912 3141 3980 Calvino
3182 3913 3420 3979 dudum
3467 3914 3694 3980 melius
3734 3914 3976 3997 comita
4033 3917 4232 3993 erant,

2285 4008 2417 4069 tam
2479 4022 2558 4068 ex
2606 4000 2829 4066 Gauio
2892 4019 3085 4083 quam
3144 4018 3224 4066 cx
3282 3999 3626 4066 Germania
3690 3998 3815 4064 sibi
3877 3999 4091 4079 allata,
4154 3998 4234 4064 de

2286 4088 2584 4170 colloquio
2629 4085 3044 4166 Possiaoensi,
3085 4085 3163 4151 de
3207 4084 3383 4151 Rabo
3439 4082 3824 4150 mmmmm
3849 4088 4121 4166 pastore,
4156 4083 4233 4150 de

2286 4179 2583 4241 conventu
2622 4174 2693 4238 in
2742 4172 3051 4238 Tabernis
3091 4169 3373 4237 alsaticis
3415 4169 3618 4235 habito
3658 4174 3760 4235 etc.

2600 4342 2716 4411 (Ex
2750 4342 3090 4414 autographo
3121 4339 3254 4394 Cod.
3287 4340 3489 4395 Genev.
3526 4338 3644 4407 112,
3679 4339 3772 4394 fol.
3808 4338 3919 4408 61.)

2463 4517 2847 4584 Clarissimo
2888 4513 3427 4595 ornatissimoque
3470 4512 3610 4576 viro
3648 4510 3721 4576 D.
3758 4511 4039 4578 Iohanni
4078 4513 4232 4581 Cal-

2288 4605 2445 4671 vino
2499 4603 2909 4671 Genevensis
2973 4599 3281 4666 ecclesiae
3344 4596 3623 4662 antistiti
3681 4597 4057 4665 fidelissimo
4113 4599 4230 4665 do-

2286 4692 2696 4843 zilrengdthue
2738 4690 2804 4754 in
2840 4686 3104 4754 Christo
3145 4683 3320 4768 patri
3362 4704 3479 4749 suo
3523 4702 3783 4750 summa
3815 4683 4231 4752 observantia

3829 4855 4049 4923 Genff.

2672 5028 2871 5095 Salus
2911 5030 2983 5094 in
3028 5048 3106 5095 eo
3151 5030 3265 5113 qui
3308 5048 3466 5096 vera
3508 5035 3609 5095 est
3651 5026 3844 5094 salus.

2285 5322 2467 5379 8789.
2493 5320 2547 5389 1)
2587 5319 2665 5376 N.
2697 5319 2850 5374 3109.
