4850 6117
261 415 362 482 487

262 601 591 755 31111εὲ111116
610 686 934 751 sustineat
975 694 1043 750 et
1075 685 1330 753 labores
1371 692 1521 752 tuos
1555 686 1908 755 benedicat.
1975 685 2175 772 Sym-

259 781 492 938 ¹530qu
497 772 1251 923 .qf1‘1³nf¹i¹i⁰1}›¹ff2.mu¹tam
1293 772 1570 839 salutem
1615 793 1861 856 precor.
1951 772 2173 840 Gene-

639 598 966 665 Dominus
1021 598 1141 664 tibi
1206 619 1465 683 semper
1527 599 1730 680 adsit,
1796 602 2041 667 virtute
2108 607 2175 665 et

1137 995 1422 1063 Ioannes
1467 994 1786 1064 Calvinus
1826 1003 1998 1066 tuus.

1097 1644 1299 1714 aem.

497 1815 853 1884 GALVIN
897 1818 959 1883 A
1004 1818 1095 1883 M.
1142 1817 1269 1884 DE
1314 1816 1810 1885 DIESBAOH.
1845 1822 1895 1894 ¹)

398 1988 658 2056 Seoours
699 1989 1035 2055 militaires
1078 1989 1120 2054 ὰ
1161 2010 1419 2075 envoyer
1459 1991 1501 2055 ὰ
1546 1989 1738 2074 Lyon.

248 2159 504 2231 (original.
543 2159 831 2230 Signature
878 2161 1230 2231 autographo.
1268 2161 1435 2215 Arch.
1483 2161 1553 2215 de
1588 2162 1784 2215 Berne.
1835 2160 2048 2216 Bonnet
2097 2159 2168 2214 11.

790 2228 912 2284 472.
949 2229 1111 2284 Trad.
1148 2230 1290 2299 angl.
1324 2229 1424 2285 lv.
1463 2228 1608 2297 274.)

409 2401 823 2467 'Preshonore
904 2402 1215 2486 seigneur
1239 2452 1255 2481 ,
1340 2422 1506 2486 pour
1575 2422 1648 2467 ce
1712 2405 1910 2484 qu’au
1988 2403 2171 2485 jour-

244 2486 403 2571 dhuy
437 2490 581 2573 j’ay
626 2509 710 2553 eu
753 2508 882 2553 une
923 2488 1272 2573 rescharge
1316 2487 1405 2553 (111
1447 2496 1625 2554 coste
1667 2485 1750 2553 de
1792 2484 1964 2553 11166
2008 2506 2173 2570 pour

244 2571 535 2641 solliciter
578 2594 703 2657 que
746 2574 809 2638 le
841 2594 1100 2640 secours
1137 2595 1208 2640 se
1243 2574 1447 2653 haste,
1484 2576 1624 2658 J'ay
1668 2573 1807 2657 prie
1840 2573 1903 2639 le
1938 2571 2172 2658 gentil·

245 2657 483 2725 homme
542 2668 808 2741 present
859 2668 1127 2743 porteur
1175 2659 1254 2726 de
1307 2668 1566 2725 monter
1611 2659 2024 2725 incontinent
2086 2679 2170 2723 en

245 2755 422 2826 poste,
475 2748 613 2811 afin
670 2766 794 2829 que
852 2746 954 2811 s’il
1012 2754 1114 2811 est
1153 2745 1435 2829 possible
1487 2745 1583 2811 les
1756 2767 1789 2811 s
1831 2744 2177 2810 marchent

242 2830 651 2910 incontinent,
707 2853 819 2897 car
873 2831 1191 2897 d’aultant
1245 2852 1370 2914 que
1421 2832 1489 2897 la
1530 2830 1598 2896 vi
1652 2851 1690 2896 e
1732 2830 1813 2896 de
1855 2830 2028 2897 Lion
2072 2836 2174 2895 est

242 2913 674 3002 dsspourveue
728 2918 809 2984 de
857 2918 1029 2984 force
1086 2918 1182 2983 les
1236 2938 1552 3002 ennemys
1606 2916 2089 2983 s'enhardiront
2129 2921 2172 2980 6

241 3008 326 3088 s'y
357 3007 582 3089 jacter.
670 3006 839 3069 Ains
929 3004 974 3067 il
1010 3004 1177 3068 fault
1209 3005 1520 3087 prevenir
1564 3003 1644 3068 de
1688 3004 1900 3068 bonne
1945 3002 2168 3081 heure,

235 3090 421 3173 joinct
470 3110 669 3175 aussy
715 3090 845 3173 qu’i
914 3113 962 3175 y
1004 3091 1217 3155 auroit
1270 3088 1516 3174 danger
1557 3110 1682 3173 que
1724 3088 1822 3155 les
1863 3107 2172 3172 passages

242 3173 310 3240 ds
349 3174 586 3242 Savoie
645 3197 728 3242 ne
768 3175 1027 3243 fussent
1069 3176 1325 3253 fermez,
1380 3195 1493 3241 car
1534 3176 1643 3240 lon
1687 3195 1728 3240 a
1770 3173 2170 3252 descouvert,

240 3261 530 3345 quelques
587 3262 790 3328 belles
855 3262 1317 3345 protestatione
1378 3281 1504 3344 que
1568 3261 1705 3325 face
1757 3260 2084 3339 l’Altesse,
2113 3261 2169 3337 ²)

240 3347 374 3429 qu'il
415 3348 693 3431 pretend
738 3348 819 3414 (16
856 3367 927 3412 66
962 3347 1221 3430 joindre
1260 3367 1418 3414 avec
1453 3367 1571 3413 nos
1605 3366 1938 3431 ennemys.
2005 3346 2169 3412 Par-

237 3453 391 3518 quoy
447 3437 517 3518 je
581 3455 749 3500 vous
813 3435 969 3517 prie,
1036 3432 1236 3499 selon·
1279 3433 1345 3499 la
1408 3433 1625 3498 bonne
1679 3432 1979 3498 affection
2044 3452 2170 3515 que

239 3623 300 3633 —.
355 3628 456 3634 -.--
535 3626 632 3634 .—

239 3757 496 3825 8804.1)
535 3760 630 3813 Aa
664 3759 765 3814 dos
799 3757 876 3813 da
915 3757 1042 3812 MS.
1076 3759 1354 3815 Dicebach
1388 3764 1468 3813 est
1499 3755 1706 3812 nomme
1743 3757 1895 3812 bauli
1930 3756 1995 3811 de
2018 3755 2168 3810 Lau·

240 3842 411 3894 1611116,
461 3844 519 3884 ce
565 3830 665 3899 qm·
705 3843 772 3881 ne
807 3826 1079 3884 s’accorde
1118 3843 1228 3898 pas
1263 3842 1392 3882 avec
1425 3826 1481 3881 la
1515 3827 1688 3881 notice
1723 3827 1789 3880 de
1827 3824 2047 3881 Ructat
2078 3823 2171 3880 VI.

239 3894 330 3949 450
360 3900 457 3978 qm·
486 3913 631 3964 pour
663 3903 794 3952 cette
825 3894 1027 3977 e'poque
1059 3896 1186 3951 indi
1222 3912 1286 3951 ue
1307 3896 1634 3950 Peter-mann
1670 3893 1941 3950 d’Erlach
1973 3908 2172 3951 comm

241 3964 389 4020 badh-
463 3967 545 4021 Le
577 3964 742 4020 mm
788 3973 984 4021 auteur
1018 3965 1108 4021 vl.
1143 3965 1179 4019 4
1216 3965 1244 4018 1
1283 3965 1391 4019 dit.-
1461 3964 1733 4033 Quelques
1765 3963 2062 4032 capitsines
2095 3961 2167 4015 (16

239 4032 414 4088 Valais
447 4038 541 4104 qui
578 4037 796 4089 avoient
829 4035 900 4090 de
935 4035 1168 4105 l'emploi
1204 4034 1236 4087 6
1260 4034 1415 4105 Lyon
1462 4034 1647 4087 fureut
1690 4032 1915 4102 charges
1949 4031 2019 4084 de
2052 4033 2171 4083 leur

239 4117 483 4170 procurer
530 4105 795 4174 quelques
844 4105 1127 4173 enseignes
1172 4103 1240 4156 (16
1277 4103 1505 4157 Suisses.
1578 4102 1651 4155 Ils
1697 4102 1879 4155 fureut
1924 4100 1958 4152 6
1992 4101 2169 4155 Berne

239 4180 286 4223 et
317 4172 557 4242 prierent
588 4174 698 4228 LL.
719 4173 831 4227 EE.
851 4173 920 4226 de
955 4174 1075 4226 leur
1110 4174 1363 4226 accorder
1400 4173 1450 4225 16
1486 4185 1712 4241 passage
1745 4188 1843 4240 par
1877 4171 2023 4224 leurs
2060 4175 2169 4222 ter-

238 4256 315 4293 res
347 4258 406 4295 66
452 4245 542 4312 661
585 4245 715 4295 ’1661-
759 4243 843 4296 fut
878 4242 1117 4295 accon-de.
1192 4242 1271 4295 Eu
1317 4243 1490 4294 11161116
1525 4249 1634 4293 tcm
1675 4256 1702 4292 6
1738 4256 1871 4293 ceux
1909 4240 1977 4293 de
2012 4238 2168 4308 Lyon

238 4311 560 4381 envoyerent
611 4329 680 4364 un
727 4311 926 4380 depute
973 4312 1005 4363 a
1041 4313 1221 4366 Bernc
1344 4327 1409 4363 ur
1457 4311 1607 4379 prier
1688 4308 1750 4362 L.
1789 4309 1903 4363 EE.
1946 4307 2016 4361 (16
2050 4308 2170 4361 leur

237 4380 480 4433 aecci-der
512 4380 775 4450 quelques
807 4388 1047 4448 troupes.
1110 4380 1221 4433 LL.
1312 4380 1373 4432 El.
1410 4398 1443 4449 y
1478 4377 1815 4448 envoyerent
1847 4378 1898 4431 le
1937 4377 2017 4430 16.
2047 4378 2169 4446 juin

236 4444 513 4517 chistophe
546 4450 617 4503 (16
651 4449 918 4502 Diesbach
955 4460 1087 4502 avec
1122 4449 1282 4503 ordre
1316 4447 1504 4501 d'aller
1536 4453 1758 4502 trouver
1792 4448 1843 4500 16
1878 4447 2066 4514 priuce
2102 4446 2171 4500 (16

238 4512 401 4568 06666
438 4517 578 4570 etde
599 4518 673 4569 161
693 4517 828 4572 faire
845 4518 990 4572 leurs
1008 4533 1228 4572 excuses
1255 4533 1319 4569 en
1349 4518 1424 4569 lui
1447 4517 1826 4586 representant
1857 4516 1938 4569 les
1962 4516 2170 4569 1616666

237 4581 380 4650 66’66
416 4588 562 4640 avoit
594 4602 721 4639 61166
756 4585 822 4640 (16
841 4587 919 4639 1111
935 4586 1141 4639 16111661·
1175 4586 1270 4639 des
1305 4601 1535 4639 secours.
1579 4584 1843 4638 Diesbach
1877 4584 1913 4637 a
1937 4583 2087 4653 Lyon
2109 4585 2173 4639 fit

233 4664 298 4703 116
329 4656 491 4707 116116
524 4672 658 4708 avec
691 4658 769 4707 les
805 4655 1211 4709 commandants
1245 4671 1384 4726 pour
1419 4655 1569 4707 lever
1591 4654 1852 4734 quelques
1886 4654 2169 4722 enseignes

237 4736 297 4773 au
332 4739 419 4776 666
457 4741 557 4792 666
595 4725 702 4778 LL.
737 4723 851 4778 En.
889 4727 940 4778 16
977 4726 1318 4793 permiscent.
1371 4724 1448 4778 Le
1483 4722 1568 4777 25.
1594 4723 1715 4792 Juiu
1751 4722 1859 4776 LL.
1896 4721 2009 4775 Ea.
2047 4737 2170 4775 con·

236 4792 492 4845 sentirent
524 4794 557 4846 a
591 4810 653 4848 66
690 4793 848 4861 66’66
884 4798 1000 4863 prit
1034 4794 1101 4846 (16
1136 4795 1282 4846 leurs
1320 4793 1504 4861 sujets,
1527 4793 1661 4845 111616
1697 4791 2000 4845 seulement
2035 4807 2167 4844 ceux

236 4858 385 4977 ssu’on
439 4864 663 4929 pouvoit
713 4870 937 4917 trouver
989 4863 1116 4916 hors
1164 4864 1232 4915 de
1275 4863 1420 4915 leurs
1464 4868 1656 4916 161166.
1727 4858 2051 4928 Christopbe
2099 4859 2168 4911 de

284 4964 295 4976 ·
329 4945 557 4997 procura
591 4932 687 4984 (166
723 4930 943 4986 brevets
979 4932 1045 4987 (16
1082 4932 1352 5001 capitaiue
1388 4932 1418 4983 a
1455 4947 1540 4984 666
1616 4934 1800 4983 arente
1835 4928 1975 4989 Jost,
1997 4929 2168 4980 Bene-

237 4994 341 5048 dict
382 5006 440 5051 et
473 5000 687 5055 Gabriel
736 5002 803 5053 (16
840 5001 901 5053 D.
941 5008 998 5052 61
1031 5001 1170 5055 Jean
1209 5001 1426 5054 Nicolas
1474 5000 1541 5052 de
1631 5039 1640 5049 .
1679 4996 1950 5051 consentit
1983 4998 2016 5050 a
2051 4998 2166 5049 6116

237 5062 346 5116 lem·
390 5068 610 5123 colonel.
666 5098 730 5107 -—
790 5069 938 5123 Hist-
982 5069 1102 5124 eccl.
1146 5068 1246 5124 111.
1291 5067 1421 5120 225:
1505 5067 1654 5121 Oeux
1696 5067 1763 5120 de
1810 5066 1961 5135 Lyou
2007 5065 2170 5119 firent

237 5136 350 5186 tant
401 5136 525 5205 qu'il
587 5140 706 5191 leur
757 5140 841 5193 sut
891 5138 1114 5192 accorde
1178 5138 1299 5191 huit
1350 5138 1633 5205 enseignes
1691 5135 1759 5188 (16
1810 5135 1865 5189 la
1914 5133 2042 5187 ville
2095 5132 2164 5186 de

237 5199 424 5279 136166,
457 5207 589 5260 trois
624 5207 690 5260 de
726 5206 1071 5260 Neufcbastel
1113 5216 1167 5259 et
1212 5212 1402 5276 quatre
1438 5206 1534 5259 (166
1571 5205 1854 5269 Vulcanus,
1894 5201 2094 5256 faisaus
2129 5200 2164 5254 5

238 5286 267 5319 ⁸
299 5269 434 5325 6000
465 5271 684 5328 1161111116.

432 5340 493 5407 2)
527 5345 576 5397 16
614 5344 717 5397 (166
751 5345 818 5398 (16
855 5344 1063 5398 Savoie.

2015 413 2177 478 1662
2217 410 2400 481 IU'N'.

4098 418 4229 484 438

2277 620 2445 666 vous
2488 599 2688 679 aviez,
2733 599 3097 668 d'adresser
3138 600 3200 668 le
3235 601 3368 668 dict
3401 610 3669 688 [16116111-
3702 611 3771 669 et
3811 603 3928 690 luy
3971 602 4230 672 donner

2275 685 2521 752 conseil
2563 684 2645 753 de
2687 707 2761 753 ce
2795 686 2954 770 qu’il
2995 706 3160 754 aura
3201 689 3443 755 affaire.
3888 730 3891 733 =

2448 770 2581 839 Sur
2633 793 2805 856 quoy
2821 824 2837 850 ,
2895 773 3279 860 trqshonore
3331 775 3654 860 seigneur,
3715 794 3905 860 apres
3959 778 4226 843 m’estre

2275 857 2731 924 humblemeut
2777 858 3233 925 recommends
3286 865 3329 924 6
3381 869 3596 927 vostre
3649 860 3864 928 bonne
3903 880 4118 947 grace,
4154 865 4225 946 je

2276 943 2656 1028 supplici-ay
2697 953 2918 1010 nostre
2960 943 3089 1011 bon
3124 942 3302 1010 Dieu
3339 965 3505 1012 vous
3540 945 3723 1013 avoir
3759 967 3845 1011 eu
3886 967 3962 1015 66
4002 945 4226 1032 garde,

2274 1036 2344 1095 et
2397 1049 2558 1096 vous
2601 1029 2947 1096 accroistre
3003 1051 3089 1097 611
3144 1038 3291 1097 tout
3331 1030 3484 1096 bien
3540 1041 3611 1098 et
3649 1033 4029 1119 prosperite.
4116 1031 4227 1100 De

2277 1113 2597 1194 Genefve,
2641 1137 2716 1182 66
2764 1119 2859 1182 13.
2906 1115 2987 1182 (16
3017 1117 3214 1202 juing
3263 1120 3447 1182 1562.

2446 1252 2686 1320 Vostre
2729 1253 3051 1343 serviteur
3094 1259 3163 1319 et
3204 1252 3473 1320 humble
3515 1253 3708 1336 frere,

2714 1342 2723 1351 “
3530 1341 3581 1409 J
3580 1340 3749 1407 ehan
3795 1340 4050 1410 Oalvin.

3126 1918 3325 1989 88⁰5.

3034 2082 3455 2140 RELIGIONIS

2827 2177 2945 2242 ET
2987 2174 3272 2243 REGIS
3319 2175 3673 2243 ADVER-

2621 2284 2732 2329 sus
2775 2263 3082 2329 exitiosas
3126 2261 3411 2341 Caluini,
3454 2262 3689 2341 Bezae,
3735 2271 3802 2329 et
3844 2262 3966 2331 Ot-

2720 2349 2970 2415 tomani
3010 2349 3495 2415 coniuratorum
3538 2349 3767 2416 factio-

2885 2455 3003 2501 nes
3043 2432 3336 2500 defensio
3378 2434 3611 2518 prima,

2643 2554 2739 2610 Aa
2773 2553 3030 2610 Smatun
3061 2555 3425 2623 populumque
3458 2552 3846 2610 Perimam.
3932 2576 3939 2587 ·

3044 2791 3452 2861 PARISIIS

2277 3241 2670 3308 (Describimus
2703 3241 2845 3295 111166
2880 3239 3214 3294 rarissimum
3249 3239 3494 3294 libellum
3530 3255 3600 3294 ex
3618 3239 3953 3295 bibliotheca
3986 3241 4088 3296 coll

2274 3311 2453 3366 nostri
2499 3311 2796 3366 doctissimi
2830 3308 3008 3365 Caroli
3043 3309 3346 3365 Schmidtii.
3417 3308 3574 3363 Folio
3615 3309 3767 3363 tituli
3801 3325 3962 3365 verso
3996 3310 4162 3366 inseri
4202 3340 4224 3352 -

2271 3386 2389 3435 tum
2424 3386 2511 3434 est
2533 3379 2738 3435 Theolo
2810 3396 2929 3434 rum
2963 3395 3190 3434 censura
3223 3394 3345 3432 cum
3374 3378 3572 3446 privile
3613 3378 3664 3432 'o
3684 3377 3800 3432 (161.
3819 3377 4072 3434 Lutetiae
4106 3381 4220 3434 xiii.

2272 3448 2412 3503 Iunii
2449 3448 2525 3502 M.
2559 3448 2625 3504 D.
2661 3395 2828 3503 Llffi.
2911 3448 3051 3570 Suizt
3085 3447 3335 3570 plaptlailae
3369 3462 3467 3583 sex)
3502 3445 3578 3501 A·
3631 3484 3663 3512 .,
3698 3464 4054 3518 unaquaeque
4091 3466 4222 3517 qua·

3030 3532 3131 3571 ucr
3186 3532 3220 3570 o
3262 3532 3437 3571 orum.

2271 3686 2551 3755 Senatui
2617 3688 2980 3772 populoque
3034 3687 3422 3765 Parisiensi,
3484 3686 3904 3758 Christianae
3959 3688 4220 3771 pietatis

2270 3782 2338 3840 61
2392 3774 2640 3859 Regiae
2706 3775 3064 3841 maiestatis
3131 3774 3448 3839 acerrimo
3502 3772 4004 3861 fidelissimoque
4069 3794 4220 3856 pro-

2864 3861 3219 3946 pugnatori
3256 3860 3516 3926 Author
3559 3856 3629 3925 S.

2443 4032 2614 4097 Cum
2668 4030 2994 4115 permulta
3046 4040 3305 4097 vestrae
3361 4029 3644 4097 civitatis
3695 4031 3763 4096 in
3808 4030 4025 4115 Reges
4069 4050 4220 4098 suos

2270 4117 2870 4184 Christianissimos
2940 4117 3118 4181 omni
3200 4125 3488 4198 tempore
3558 4115 3772 4181 officia
3836 4116 4217 4197 extiterunt,

2271 4213 2413 4269 tum
2459 4202 2581 4270 hoc
2628 4224 2835 4269 unum
2881 4201 2985 4268 vel
3020 4203 3379 4267 maximum
3420 4201 3563 4280 erit,
3598 4201 4014 4285 omniumque
4058 4223 4218 4287 gen-

2270 4291 2434 4355 tium
2480 4290 2686 4354 literis
2730 4298 2922 4372 atque
2965 4287 3202 4372 linguis
3245 4282 3694 4365 celebrabitur,
3739 4285 3909 4369 quod
3953 4288 4219 4371 pestife-

2271 4378 2361 4442 ris
2449 4375 2916 4441 nonnullorum
3004 4373 3536 4440 Catilinariorum
3625 4371 4018 4439 factionibus
4044 4424 4061 4451 ,
4148 4374 4221 4438 in

2272 4463 2545 4529 huiusce
2597 4463 2785 4546 regni
2844 4459 3316 4536 florentissimi,
3380 4458 3713 4542 Regisque
3771 4478 3855 4523 au
3947 4459 4218 4525 stissimi

2269 4550 2539 4615 exitium
2609 4557 2675 4612 et
2748 4553 2997 4631 pestem
3071 4544 3481 4628 comparatis,
3546 4564 3803 4609 summa
3902 4543 3975 4608 ili
4022 4545 4218 4626 entia,

2268 4635 2522 4718 opibus,
2584 4632 2956 4714 viribusque
3012 4630 3271 4697 fortiter
3334 4629 3695 4696 obstitistis.
3806 4628 3957 4712 Quo
4068 4653 4219 4699 cum

2269 4723 2471 4787 nostri
2531 4720 2860 4803 principes
2916 4717 3180 4800 optimi,
3242 4724 3644 4799 cunctaeque
3700 4717 4000 4783 nationes
4062 4718 4218 4783 huic

2267 4826 2471 4891 regno
2516 4806 2746 4881 sociae,
2791 4811 2858 4868 et
2903 4802 3262 4868 inviolabili
3304 4808 3695 4885 aeternoque
3736 4803 3915 4885 pacis
3959 4802 4218 4869 foedere

2267 4893 2650 4957 coniunctae
2726 4890 2854 4953 iam
2940 4888 3091 4954 inde
3170 4887 3587 4972 intelligant,
3669 4897 3809 4952 tum
3878 4910 4032 4954 vero
4097 4910 4216 4953 rex

2264 4976 2884 5052 Christianissimus‚
2921 4974 3035 5040 ubi
3070 4972 3152 5039 ad
3187 4975 3385 5040 robur
3420 4974 3649 5039 aetatis
3684 4972 4038 5057 iudiciique
4071 4995 4215 5057 per-

2264 5062 2538 5141 venerit,
2584 5082 2770 5127 suam
2813 5060 3197 5147 dignitatem
3243 5081 3401 5126 suae
3436 5060 3743 5126 Lutetiae
3786 5059 4113 5126 beneficiis
4149 5066 4216 5123 et

2263 5147 2499 5215 studiis
2543 5147 2664 5213 sibi
2723 5155 3172 5214 conservatam
3231 5168 3307 5213 ac
3351 5147 3729 5212 restitutam
3772 5149 4098 5230 agnoscet,
4141 5144 4213 5208 in

2265 5256 2467 5319 eaque
2510 5234 2655 5311 sibi,
2701 5245 2768 5300 et
2812 5233 3099 5320 Reginae
3143 5233 3358 5311 matri,
3401 5232 3703 5316 Regique
3746 5231 4099 5308 Navarrae,
4138 5248 4214 5295 ac

2265 5321 2540 5388 caeteris
2594 5320 2965 5403 proceribus
3005 5321 3271 5388 unicum
3316 5317 3690 5403 perfugium
3733 5314 4216 5382 firmissimum-
