4850 6117
616 390 701 456 43
2120 377 2646 448 EPISOEOLAE
2691 382 3114 446 3664—3567
4517 390 4597 452 44

886 571 1114 642 fecisse
1153 572 1480 639 iniuriam.
1565 572 1655 638 Et
1695 570 1908 639 adhuc
1949 591 2208 637 mecum
2249 578 2558 655 expostu-

619 598 721 729 ffi
760 682 837 728 ac
889 660 949 727 si
1001 659 1262 745 ingrato
1302 658 1721 744 malignoque
1761 658 1977 724 animo
2020 656 2145 723 hoc
2186 662 2372 722 tuum
2416 657 2561 722 offi-

621 749 799 817 cium
838 746 1218 830 respuerim.
1288 743 1639 811 Caeterum
1673 765 1805 810 non
1840 750 1942 810 est
1973 740 2147 826 quod
2177 741 2561 826 imagineris

619 855 744 901 nos
796 852 837 898 a
878 829 1352 914 Christophoro
1408 828 1753 913 Leopolita,
1778 833 1829 909 ⁸)
1876 827 2173 896 Stancari
2225 827 2560 911 discipulo,

615 919 820 988 fuisse
884 917 1203 1001 deceptos.
1308 914 1555 983 Omnia
1615 914 1877 999 quidem
1938 913 2202 980 molitus
2273 920 2375 980 est
2438 935 2561 980 nec

620 1003 972 1090 quidquam
1028 1001 1250 1070 omisit
1305 1000 1479 1085 quod
1531 999 1617 1066 ad
1674 1023 1790 1069 vos
1833 998 2239 1066 damnandos
2295 999 2560 1077 faceret,

617 1111 753 1158 non
794 1099 1020 1155 tamen
1060 1087 1405 1171 persuasit.
1497 1087 1641 1152 lmo
1686 1085 1951 1154 cordate
2009 1085 2224 1168 repuli
2267 1085 2408 1150 eius
2451 1104 2560 1151 ca-

616 1175 917 1244 lumnias.
988 1172 1241 1256 Scripsi
1284 1173 1483 1239 etiam
1523 1172 1842 1252 Stancaro,
1862 1174 1920 1250 ⁶)
1964 1171 2235 1236 minime
2279 1191 2560 1254 aequum

618 1283 762 1330 esse
803 1262 945 1327 eius
996 1260 1475 1325 accusationem
1518 1267 1743 1325 contra
1785 1279 1902 1324 vos
1955 1256 2231 1333 admitti,
2290 1257 2402 1340 qui
2445 1278 2559 1340 op-

618 1347 802 1414 timis
864 1345 1228 1430 quibusque
1286 1345 1614 1411 atrociter*
1654 1344 2005 1412 conviciari
2069 1342 2300 1408 solitus
2365 1349 2556 1408 esset.

617 1433 766 1499 Iam
819 1453 938 1499 cur
977 1429 1169 1496 nobis
1226 1438 1363 1497 tam
1418 1431 1694 1496 infestus
1737 1438 1838 1495 est
1884 1429 2248 1506 δταποαναε,
2305 1434 2379 1492 ut
2420 1435 2562 1493 tota

616 1517 1004 1601 intemperie
1045 1523 1275 1583 contra
1317 1536 1439 1581 nos
1480 1516 1748 1594 feratur,
1804 1515 1933 1581 nisi
1973 1512 2145 1597 quod
2187 1514 2477 1579 fraterne
2520 1534 2560 1578 a

619 1603 810 1670 nobis
850 1614 1154 1687 suscepta
1210 1610 1312 1668 est
1367 1622 1600 1668 causae
1655 1609 1916 1668 vestrae
1961 1598 2292 1665 defensio?
2374 1597 2559 1664 Dum

618 1689 806 1756 vobis
839 1686 1179 1756 studemus
1212 1688 1534 1770 prodesse,
1570 1705 1924 1771 provocare
1959 1706 2089 1751 non
2117 1685 2560 1751 dubitavimus

616 1774 947 1842 rabiosum
982 1794 1229 1860 canem.
1299 1773 1494 1840 Nunc
1529 1793 1783 1857 quoque
1824 1790 2048 1837 secure
2083 1770 2561 1838 contemnimus

618 1860 896 1927 latratus
938 1867 1006 1925 et
1057 1880 1313 1926 morsus
1355 1879 1583 1925 omnes
1624 1858 1861 1941 quibus
1904 1876 2024 1921 nos
2079 1856 2354 1939 impetit.
2427 1856 2560 1921 Fo-

619 1948 788 2013 vetis
841 1947 1095 2012 interea
1149 1945 1506 2029 pessimum
1560 1953 1626 2008 et
1681 1942 1911 2009 salutis
1954 1950 2214 2008 vestrae
2267 1953 2334 2007 et
2384 1962 2560 2006 com-

618 2033 838 2099 munis
880 2031 1213 2098 doctrinae
1256 2037 1518 2097 nostrae
1552 2029 1823 2095 hostem.
1898 2028 1960 2094 N
1963 2047 2036 2094 ec
2070 2027 2236 2093 mihi
2278 2026 2562 2093 liberum

623 2119 750 2183 erit
790 2118 1043 2202 placide
1085 2138 1352 2183 monere
1393 2124 1469 2181 ut
1511 2116 1592 2181 ab
1634 2135 1710 2181 eo
1753 2114 2067 2181 caveatis.
2134 2114 2435 2180 Profecto
2479 2114 2564 2179 si-

618 2203 760 2271 mul
805 2226 879 2270 ac
921 2202 1195 2269 redieris
1239 2202 1322 2268 ad
1379 2211 1445 2267 te
1498 2201 1733 2284 ipsum,
1794 2199 2004 2283 pietas
2046 2207 2167 2265 tua
2209 2207 2280 2265 et
2332 2199 2562 2284 singu-

619 2285 778 2355 laris
812 2289 1190 2354 humanitas
1228 2308 1515 2355 errorem
1552 2287 1918 2353 discutient.
1990 2286 2092 2352 Ac
2127 2305 2244 2370 per
2276 2306 2383 2351 me
2418 2284 2563 2369 qui-

622 2373 772 2440 dem
828 2373 1224 2440 inviolabilis
1277 2373 1480 2439 stabit
1532 2379 1761 2438 nostra
1802 2371 2187 2451 coniunctio,
2242 2371 2435 2437 modo
2478 2392 2564 2436 no

620 2461 818 2526 officii
876 2460 1006 2526 mei
1063 2479 1324 2524 cursum
1381 2456 1714 2541 impedias.
1785 2457 1971 2536 Vale,
2031 2456 2444 2523 ornatissime
2498 2465 2564 2522 et

620 2542 1022 2612 observande
1077 2543 1301 2609 frater.
1373 2542 1695 2609 Dominus
1750 2540 1871 2608 tibi
1927 2563 2184 2625 semper
2240 2541 2429 2622 adsit,
2498 2550 2561 2608 te

619 2629 940 2715 gubernet
981 2651 1056 2697 ac
1111 2636 1376 2696 tueatur
1427 2629 1843 2696 incolumem.
1915 2625 2226 2712 Collegae
2269 2629 2398 2694 mei
2442 2627 2561 2695 tibi

666 2715 970 2869 lurilmam
1047 2714 1326 2781 salutem
1389 2714 1788 2783 adscribunt.
1894 2713 2207 2780 Genevae
2274 2718 2330 2779 7.
2399 2713 2561 2798 Idus

685 2809 787 2869 cto
830 2802 920 2867 ris
971 2804 1150 2867 1561.

1381 3093 1797 3104 .——--—-——.—

1492 3346 1690 3417 3565.

1003 3500 1474 3570 CALVIN'US
1516 3499 2080 3568 RADZIVILIO.
2118 3503 2168 3579 ¹)

802 3673 1070 3740 Gratias
1124 3673 1258 3757 ayit
1315 3674 1393 3739 de
1439 3693 1694 3740 munere
1739 3672 1866 3739 sibi
1922 3672 2119 3738 oblato
2150 3690 2277 3752 pro
2319 3670 2564 3738 dodica-

624 3762 788 3828 u‘one
838 3759 1265 3827 commentcm‘i
1318 3760 1390 3824 ia
1434 3764 1591 3839 ada,
1649 3757 1844 3825 simul
1897 3777 2039 3823 vero
2090 3776 2274 3823 suam
2330 3762 2565 3824 senten-

619 3847 778 3913 tiam
820 3847 911 3912 ibi
942 3846 1018 3911 de
1055 3841 1420 3911 Bzandrata
1449 3845 1773 3927 prolatam
1815 3848 2019 3911 tuctur
2051 3848 2108 3909 et
2137 3843 2432 3910 vmdicat.

622 4017 1022 4140 &describimus
1066 4031 1222 4098 exem
1259 4015 1343 4069 lar
1385 4015 1650 4097 manu-H.
1686 4015 1868 4069 Bullia
1941 4015 1989 4069 ri
2038 4014 2140 4068 mii
2191 4016 2457 4084 scriptum
2505 4016 2564 4069 iu

622 4085 1170 4236 msfflssffi
1208 4083 1296 4206 12¹:
1335 4081 2408 4221 ἓἛωὲἒ-Ἳέῗὶὶωῖἲὼῇῡᾶἕὲηὲῗ
2442 4100 2565 4206 Ἣ

622 4222 991 4346 mom?
1021 4219 2425 4360 3⁰32&ss{3⁶asst222s3’533123..“3353*i03:‚
2443 4219 2564 4290 ⁵⁹⁷2

792 4462 944 4528 Etsi
1006 4460 1192 4540 mihi,
1255 4462 1694 4529 illustrissime
1758 4461 2091 4545 princeps,
2153 4480 2286 4526 non
2350 4463 2567 4546 potuit

621 4566 757 4615 non
832 4554 1096 4633 gratum
1162 4568 1304 4614 esse
1378 4546 1871 4614 benevolentiae
1934 4556 2191 4614 vestrae
2270 4548 2563 4615 testimo-

620 4634 824 4714 nium,
867 4654 1069 4717 quum
1108 4632 1191 4699 ad
1234 4653 1342 4698 ms
1374 4632 1752 4699 humaniter
1783 4631 2065 4700 scribere
2100 4631 2354 4718 dignati
2387 4634 2563 4714 estis,

624 4719 833 4786 multo
897 4727 1119 4785 tamen
1182 4718 1601 4786 iucundiores
1661 4719 1943 4785 fuissent
2004 4718 2249 4799 literae,
2316 4719 2375 4787 si
2429 4720 2563 4787 illis

624 4804 845 4889 palam
920 4804 1085 4870 mihi
1160 4805 1405 4872 factum
1476 4811 1650 4872 essct
1669 4856 1687 4884 ,
1755 4804 2139 4888 simpliciter
2201 4826 2420 4872 mcum
2487 4806 2562 4872 in

830 5022 893 5160 iii
924 5023 1012 5160 ²2¹ss
1032 5022 1302 5150 iffims.
1333 5092 1490 5149 3288.
1522 5091 1678 5149 3332.
1712 5092 1869 5151 3347.
1931 5094 2066 5151 veae
2098 5096 2263 5151 asam
2292 5092 2459 5165 3029.
2486 5095 2564 5151 aa

620 5161 973 5298 wis&
924 5161 1078 5286 130ss
1108 5160 1708 5302 Wssafflssffi
1720 5161 2143 5304 ffirffim
2176 5232 2253 5288 aa
2289 5231 2365 5288 Ν.
2402 5230 2562 5286 3443.

633 5298 717 5369 ot.
753 5299 993 5366 Habere,
1028 5315 1135 5355 aas
1165 5299 1287 5356 aaa·
1322 5300 1505 5357 ma·
1538 5301 1774 5358 stenar.
1812 5299 1928 5356 171.

2659 569 3062 653 praefatione
3118 568 3395 636 dicanda
3450 569 3743 636 studium
3793 572 3979 639 vobis
4031 572 4350 654 placuisse
4403 593 4596 658 quam

2660 655 2822 722 dum
2884 678 2968 721 ex
3031 654 3160 721 illis
3223 654 3518 739 intelligo
3581 657 3962 723 memoriam
4026 656 4282 725 dedisse

2660 740 3055 807 offensionis.
3142 740 3595 824 Expostulatis
3611 743 3670 826 ²)
3713 762 3970 809 mecum
4025 742 4199 826 quod
4242 744 4599 831 Georgium

2659 825 3091 894 Blandratam
3145 826 3548 913 singularem
3591 834 3889 894 vestrum
3946 830 4248 910 amicum,
4306 839 4376 895 ct
4429 852 4599 898 com-

2659 923 2918 998 patrem
2975 912 3406 990 carissimum,
3467 912 3695 980 durius
3752 915 4284 998 perstrinxerim:
4341 916 4421 983 de
4479 917 4598 985 hac

2658 999 2920 1083 privata
2974 997 3332 1064 offensione
3385 997 3595 1065 facilis
3638 1007 3705 1064 et
3762 1008 4066 1084 prompta
4107 1007 4208 1066 est
4249 1003 4598 1084 excusatio,

2662 1105 2768 1149 me
2825 1083 2996 1149 nihil
3059 1083 3190 1150 tale
3244 1084 3446 1151 fuisse
3504 1085 3925 1168 suspicatum.
4019 1087 4214 1153 Certe
4267 1108 4600 1172 nunquam

2662 1169 3063 1236 divinassem
3109 1177 3292 1235 tanto
3351 1171 3417 1235 in
3463 1171 3670 1253 pretio
3712 1171 3886 1255 apud
3930 1192 4049 1237 vos
4089 1172 4227 1238 fore
4271 1173 4599 1240 hominem

2661 1255 2872 1320 nihili.
2981 1256 3072 1320 Et
3149 1256 3458 1338 quoniam
3553 1276 3665 1321 vos
3754 1277 3888 1322 non
3966 1257 4189 1324 minus
4263 1259 4599 1341 praeclara

2661 1340 2835 1425 apud
2898 1362 3123 1406 omnes
3186 1341 3671 1407 existimatione
3736 1362 3929 1426 quam
3997 1343 4315 1428 dignitate
4373 1353 4443 1410 ct
4483 1364 4598 1429 po-

2663 1429 2871 1492 tentia
2913 1428 3145 1493 florere
3188 1428 3397 1509 cupio,
3442 1428 3605 1492 mihi
3648 1447 3784 1493 non
3828 1449 4061 1511 parum
4105 1429 4281 1495 dolet
4321 1430 4598 1515 obliquis

2663 1513 2798 1578 suis
2843 1512 3092 1578 artibus
3133 1514 3228 1578 ita
3270 1534 3422 1579 eum
3466 1514 3829 1596 obrepsisse
3871 1514 3946 1579 in
3978 1521 4265 1580 vestram
4301 1518 4596 1599 gratiam.

2661 1596 2740 1665 Si
2784 1598 2948 1663 mihi
2992 1597 3298 1664 credibile
3330 1598 3578 1674 fuisset,
3617 1600 3969 1680 hominem,
4010 1600 4196 1667 cuius
4229 1602 4396 1667 mihi
4430 1623 4600 1668 com·

2661 1692 2848 1769 perta
2914 1693 3055 1749 erat
3119 1685 3437 1767 impietas,
3504 1685 3689 1751 vobis
3754 1705 3896 1751 esse
3961 1686 4369 1768 familiarem,
4429 1696 4601 1754 certe

2661 1771 2920 1852 privata
2956 1768 3398 1836 admonitione
3431 1770 3700 1838 fuissem
3731 1780 4098 1851 contentus,
4134 1771 4329 1858 idque
4352 1773 4600 1840 nomini
4701 1774 4706 1780 ’

2661 1864 2882 1921 vestro
2932 1855 3271 1921 dedissem.
3295 1857 3352 1936 Β)
3451 1854 3587 1923 Sed
3643 1856 3920 1923 aliorum
3974 1859 4192 1940 potius
4245 1878 4443 1925 causa
4484 1879 4599 1942 pu·

2660 1941 2830 2008 blice
2865 1940 3344 2007 traducendum
3378 1963 3520 2008 esse
3554 1944 3797 2022 censui,
3835 1952 3910 2009 ut
3947 1944 4071 2010 sibi
4106 1965 4332 2011 omnes
4357 1966 4398 2010 a
4418 1952 4599 2029 peste

2660 2035 2798 2093 tam
2842 2028 3039 2092 noxia
3080 2036 3404 2094 caverent.
3490 2028 3672 2113 Ergo
3725 2029 4076 2112 praecipua
4128 2030 4600 2114 indignationis

2662 2134 2862 2180 causa
2903 2113 3202 2179 evanuit:
3258 2114 3410 2197 quia
3463 2114 3632 2179 mihi
3667 2114 3833 2179 nihil
3879 2116 4097 2180 minus
4138 2116 4270 2181 fuit
4311 2115 4600 2201 proposi·

2663 2206 2827 2276 tum,
2888 2219 3085 2282 quam
3142 2200 3383 2264 famam
3442 2208 3725 2265 vestram
3784 2200 4038 2284 oblique
4081 2201 4358 2282 laedere,
4403 2222 4601 2286 quum

2663 2284 2868 2350 verba
2900 2306 3005 2350 me
3038 2286 3252 2351 facere
3285 2292 3586 2367 putarem
3621 2285 3702 2351 de
3735 2285 3998 2352 homine
4034 2288 4219 2354 vobis
4253 2289 4601 2372 incognito,

2664 2369 2774 2436 vel
2835 2369 3068 2435 saltem
3132 2372 3246 2454 qui
3308 2371 3489 2436 nullo
3550 2371 3873 2438 amicitiae
3939 2372 4047 2440 vcl
4109 2371 4602 2441 necessitudinis

2663 2454 2875 2539 gradu
2918 2477 3039 2522 vos
3092 2457 3463 2540 attingeret.
3553 2456 3687 2523 Sed
3744 2456 3931 2524 vobis
3985 2467 4086 2524 est
4142 2459 4408 2526 amicus.
4498 2460 4604 2523 An

2666 2543 2912 2607 maiore
2962 2543 3033 2607 in
3092 2541 3301 2626 gradu
3359 2562 3554 2626 quam
3597 2541 3800 2609 Iudas
3843 2543 4014 2627 apud
4058 2542 4402 2610 Christum
4421 2544 4452 2608 ‘2
4532 2542 4606 2610 Si

2665 2648 2799 2692 non
2840 2629 3169 2712 parcimus
3213 2627 3466 2693 Christi
3511 2628 3674 2694 disci
3723 2628 3850 2706 ulo,
3902 2629 4060 2713 quin
4103 2631 4184 2696 ob
4229 2650 4418 2696 suam
4461 2649 4605 2715 per-

2665 2712 2886 2778 fidiam
2931 2711 3236 2779 omnibus
3276 2715 3393 2778 fiat
3435 2712 3688 2779 detesta
3731 2714 3855 2794 ilis,
3900 2736 4030 2781 non
4073 2715 4223 2798 plus
4265 2715 4603 2801 indulgen·

2666 2800 2794 2864 tiae
2837 2807 3178 2864 merentur
3221 2800 3588 2882 principum
3607 2803 3664 2879 ⁴)
3709 2801 3922 2866 amici.
3967 2798 4104 2867 Sed
4146 2822 4234 2866 ne
4278 2800 4491 2867 taedio
4525 2800 4607 2867 sit

2667 2884 2975 2967 epistolae
3020 2884 3378 2968 prolixitas,
3423 2884 3620 2950 breve
3654 2884 3966 2952 historiae
4000 2888 4465 2970 compendium
4500 2886 4607 2952 de·

2665 2970 2914 3052 scripsi,
2934 2973 2988 3050 ⁸)
3032 2993 3114 3035 ex
3159 2991 3285 3053 quo
3326 2969 3515 3037 facile
3558 2979 3905 3055 cognoscat
3937 2981 4158 3038 vestra
4180 2971 4533 3052 Celsitudo,
4555 2975 4606 3049 ⁶)

2664 3055 2986 3121 meritone
3044 3075 3130 3120 an
3186 3057 3428 3122 iniuste
3488 3055 3847 3125 detexerim
3891 3058 4215 3125 occultum
4256 3077 4604 3136 venenum,

2666 3161 2751 3206 ne
2775 3139 3019 3208 diutius
3040 3141 3210 3206 clam
3325 3140 3600 3208 assando
3621 3143 3866 3209 multos
3889 3144 3960 3208 in
3980 3144 4257 3210 Polonia
4290 3145 4605 3210 inficeret.

2666 3226 2895 3310 Neque
2953 3226 3129 3293 enim
3195 3248 3234 3292 o
3281 3228 3342 3293 io
3399 3228 3507 3293 vel
3575 3228 4012 3295 aemulatione
4067 3229 4173 3295 vel
4227 3229 4487 3296 invidia
4528 3226 4609 3293 ad

2664 3312 3128 3395 publicandum
3162 3312 3421 3379 obscuri
3452 3313 3737 3379 hominis
3773 3313 4049 3381 dedecus
4070 3314 4399 3399 impulsus
4434 3331 4606 3382 sum:

2661 3398 2778 3465 sed
2831 3399 2988 3481 quia
3040 3399 3274 3464 fratres
3336 3398 3500 3464 mihi
3558 3401 3926 3467 carissimos
3983 3399 4238 3467 silentio
4295 3409 4366 3467 et
4423 3399 4606 3467 dissi-

2661 3484 3018 3550 mulatione
3074 3484 3349 3567 prodere
3405 3486 3589 3552 nefas
3645 3506 3786 3552 esse
3840 3487 4015 3552 duxi.
4096 3483 4290 3567 Quod
4332 3488 4394 3552 si
4450 3482 4607 3551 resi·

2661 3571 2885 3670 piscat,
2943 3569 3127 3635 nulla
3162 3571 3251 3671 ‚in
3307 3591 3413 3636 me
3456 3572 3583 3671 erit
3623 3591 3811 3637 mora
3850 3572 4008 3655 quin
4050 3572 4390 3674 praeteriti
4448 3580 4607 3671 tem·

2660 3656 3671 3809 ffinfflfffssssffihtzsst
3717 3655 4611 3827 1„?3.12¹32‘?”3u2¹22ffi²ffi

2662 3826 2973 3909 relinquit
3023 3834 3260 3910 partes,
3304 3828 3434 3894 nisi
3476 3834 3555 3893 ut
3595 3828 3761 3893 mihi
3809 3828 3897 3895 sit
3937 3849 4056 3912 pro
4097 3829 4424 3896 obstinato
4461 3826 4608 3892 hac-

2662 3911 2903 3977 retico?
2971 3911 3186 3980 Sicuti
3228 3914 3391 3978 mihi
3443 3913 3727 3997 optabile
3779 3921 3882 3980 est
3925 3936 4043 3999 pro
4087 3935 4236 3980 mea
4286 3935 4449 3999 erga
4494 3931 4607 3977 vos

2665 3997 3079 4064 observantia
3114 3999 3406 4066 studiose
3427 4000 3596 4066 votis
3618 4002 3858 4068 vestris
3880 4000 4166 4084 obsequi,
4201 4000 4298 4066 ita
4319 4006 4606 4067 vestram

2668 4082 3116 4150 excellentiam
3141 4095 3436 4169 rogatam
3458 4105 3601 4152 esse
3623 4086 3839 4168 velim,
3876 4095 3953 4151 ut
3985 4086 4287 4171 inprimis
4320 4081 4605 4153 caveatis

2667 4190 2752 4234 ne
2774 4168 2896 4235 sibi
2919 4171 3182 4236 ianuam
3203 4172 3453 4255 aperiat
3464 4171 3824 4239 Blandrata
3836 4173 3999 4256 ipse,
4013 4180 4236 4238 vestra
4256 4172 4604 4239 autoritate

2667 4254 3008 4322 adductus.
3109 4255 3314 4322 Aliud
3366 4257 3725 4323 remedium
3778 4279 3916 4323 nou
3968 4257 4178 4323 video.
4282 4255 4421 4325 Sed
4475 4258 4603 4322 for-

2669 4349 2841 4407 tasse
2884 4342 2997 4409 ubi
3041 4340 3121 4407 de
3155 4363 3228 4407 re
3264 4351 3402 4409 tota
3433 4343 3673 4409 redditi
3703 4344 3954 4410 fueritis
3990 4343 4316 4423 certiores,
4350 4349 4600 4410 mutare

2666 4426 2977 4493 iudicium
3022 4449 3154 4493 non
3197 4427 3461 4513 pigebit.
3540 4427 3738 4511 Quod
3778 4430 3837 4496 si
3879 4429 4047 4494 mihi
4090 4428 4258 4494 nihil
4300 4426 4597 4502 tribuitis,

2665 4513 2898 4579 saltem
2951 4512 3149 4579 fidem
3205 4522 3498 4581 meretur
3560 4514 4006 4582 testimonium
4067 4515 4336 4581 Italicae
4399 4511 4597 4582 eccle·

2664 4599 2799 4665 siae
2862 4619 3028 4683 quae
3091 4599 3267 4683 apud
3329 4621 3450 4667 nos
3514 4608 3631 4680 est,
3651 4602 3707 4679 7)
3771 4607 3838 4665 et
3891 4600 3974 4665 D.
4030 4601 4213 4667 Petri
4271 4597 4596 4684 Martyris.

2870 4752 2938 4890 72))
2967 4752 3444 4891 Ιέὑῗθόὃέῑθψωῢῦ
3484 4821 3625 4893 eda„
3665 4822 3862 4891 W
3902 4827 4083 4878 mm
4182 4823 4336 4879 mli
4377 4830 4594 4879 mo

2662 4891 2726 4945 ia
2760 4892 3091 4973 waren
3135 4897 3374 4972 nmmo..-
3426 4891 3582 4957 Quod
3627 4906 3835 4945 mecum
3883 4897 4079 4962 expost
4236 4897 4391 4949 cam.
4462 4888 4593 4945 Im

2663 4959 3022 5096 08181ωὲῗέ
3054 4959 3986 5098 ffiffnffioewwffiamm
4035 5029 4271 5086 Aoum
4338 4985 4413 5101 «ιρ
4479 5036 4592 5082 m

2662 5102 3419 5296 miltrudis
3452 5165 3575 5221 ⁶⁶⁶·
3605 5166 3895 5235 ΜΨ
3925 5168 4254 5236 ...mm

2865 5301 2926 5371 6)
2956 5302 3077 5360 edd·
3110 5302 3460 5374 ampliares-:-
3479 5319 3782 5375 cognoscas.
