4850 6117
1551 551 1748 624 37⁶6.

1201 706 1606 776 VIRE‘PUS
1653 705 2087 774 GALVINO.

851 881 958 948 Ea
1021 883 1241 946 itinere
1309 880 1592 946 Tolosam
1655 899 1875 945 versus
1934 879 2212 943 iuvenem
2276 879 2625 946 3214de

679 970 995 1036 Generum
1033 966 1507 1050 proficiscentem
1547 965 1939 1032 commendat.

659 1141 795 1206 ,(Ει
831 1138 1168 1261 sategi-aggo
1203 1138 1334 1193 Ood.
1354 1136 1498 1204 111⁸,
1532 1137 1624 1192 fol.
1643 1134 1761 1199 123,
1795 1136 1918 1191 coll.
1954 1153 2000 1193 e.
2035 1136 2305 1204 (lod-116,
2337 1137 2551 1193 f01.131
2572 1157 2619 1193 v.

1139 1248 1152 1260 .
1189 1208 1352 1261 Bern.
1391 1205 1478 1260 vl.
1514 1204 1617 1259 919
1651 1211 1711 1260 st
1742 1204 1954 1261 Simleri
1990 1205 2109 1260 Vol.
2144 1204 2288 1272 104.)

854 1377 1233 1446 Clarissimo
1297 1379 1438 1443 viro
1505 1378 1586 1442 D.
1654 1377 1885 1442 Ioanni
1951 1376 2232 1445 Calvino
2302 1378 2491 1443 fratri
2557 1389 2623 1443 et

679 1474 1091 1554 symmystae
1131 1464 1488 1549 plurimum
1531 1460 1816 1528 eolendo.
2122 1549 2453 1618 Gemma·

854 1723 925 1790 S.
984 1722 1319 1789 Audivisti
1354 1718 1436 1786 de
1455 1720 1658 1786 variis
1691 1721 1976 1786 motibus
2002 1721 2116 1803 qui
2151 1719 2381 1787 eodem
2414 1740 2624 1803 paene

683 1820 976 1894 tempore
1028 1809 1100 1873 in
1143 1806 1348 1872 variis
1399 1806 1752 1889 provinciis
1805 1816 1873 1871 et
1925 1806 2086 1873 loeis
2130 1825 2171 1871 a
2212 1806 2467 1875 Satana
2508 1827 2623 1871 ex·

680 1896 861 1964 eitati
925 1905 1082 1960 sunt
1137 1892 1450 1959 adversus
1513 1892 1820 1958 eeclesias
1837 1944 1852 1969 ,
1918 1903 1988 1958 et
2044 1891 2125 1958 de
2181 1890 2486 1959 caedibus
2540 1893 2623 1958 ab

678 1980 1003 2067 evangelii
1045 1978 1339 2046 hostibus
1393 1978 1802 2064 perpetratio,
1829 1982 1882 2055 ¹)
1911 2000 1958 2043 a
2006 1976 2241 2063 quibus
2295 1977 2421 2062 ipsi
2463 1999 2624 2063 quo-

677 2086 1024 2221 ffinss‘r'ss
1069 2066 1307 2235 ᾞῗὲθ
1330 2064 2021 2217 ..Ἢέἓήέωῒοὲῗοὲῗὲθ
2056 2063 2626 2227 Αὲῗὲθέωἶῖὲῗῗ

679 2240 867 2308 euius
907 2239 1175 2304 nomine
1231 2236 1314 2302 ad
1358 2258 1477 2302 vos
1520 2237 1809 2302 mittitur
1850 2237 2228 2303 ministrum
2280 2238 2624 2321 petiturus,

681 2327 740 2394 si
806 2326 951 2408 quis
1015 2322 1296 2388 inveniri
1364 2322 1589 2405 possit.
1695 2322 1925 2408 Cogito
1991 2322 2342 2388 Tholosam
2410 2323 2626 2407 primo

682 2431 940 2496 quoque
982 2420 1275 2492 tempore
1318 2406 1484 2474 duee
1516 2408 1822 2487 Domino,
1865 2409 1975 2492 qui
2020 2416 2095 2473 ut
2135 2429 2327 2493 spero
2362 2430 2626 2495 gressus

682 2517 869 2564 meos
971 2495 984 2509 ‘
1031 2497 1042 2508 '
1132 2505 1162 2559 t
1217 2494 1290 2558 in
1353 2514 1540 2560 suam
1600 2493 1893 2577 gloriam.
1984 2495 2090 2561 De
2151 2494 2303 2561 aula
2357 2496 2413 2562 si
2469 2494 2622 2579 quid

682 2581 888 2650 habes
930 2581 1191 2657 eortius,
1250 2579 1421 2663 quod
1477 2586 1698 2645 nostra
1741 2601 1859 2646 nos
1900 2581 2067 2647 seire
2110 2581 2365 2658 referat,
2424 2582 2625 2667 signi-

682 2670 894 2745 ficate,
949 2688 1149 2751 quum
1189 2688 1261 2733 se
1305 2662 1642 2732 eommoda
1684 2666 1916 2731 offeret
1956 2667 2221 2732 oeoasio.
2300 2667 2469 2735 Vale
2510 2688 2625 2752 op-

683 2755 847 2819 time
888 2772 964 2819 ao
1006 2752 1388 2830 diutissime,
1447 2752 1650 2818 frater
1692 2752 1763 2817 in
1806 2751 2076 2819 Ohristo
2117 2752 2474 2836 plurimum
2519 2774 2627 2821 oo·

683 2838 894 2905 lende.
966 2839 1025 2903 E
1071 2837 1467 2920 Montepelio
1510 2843 1570 2900 5.
1617 2837 1867 2922 Aprilis
1917 2842 2097 2904 1562.

1656 2975 1839 3042 Tuus
1881 2976 2123 3042 Petrus
2167 2975 2458 3044 Viretus.

858 3182 1082 3263 Quum
1146 3182 1572 3248 vehementer
1637 3182 1986 3248 institisset
2046 3182 2428 3249 tabellarius
2444 3234 2459 3262 ,
2525 3183 2630 3248 eui

686 3270 810 3337 has
854 3267 936 3333 ad
979 3279 1046 3332 te
1089 3267 1312 3333 literas
1347 3267 1620 3333 daturus
1665 3288 1863 3345 eram,
1922 3277 2001 3332 ut
2040 3268 2124 3332 ad
2167 3280 2232 3335 te
2274 3289 2394 3334 sua
2437 3289 2633 3334 eausa

686 3353 1039 3422 soriberem
1096 3374 1412 3437 suamque
1469 3354 1587 3419 tibi
1648 3353 2044 3438 legationem
2089 3353 2634 3434 sommendsrem,

687 3441 846 3507 abiit
889 3460 996 3506 me
1039 3439 1393 3505 insalutato
1436 3439 1683 3506 relietis
1719 3438 1892 3523 apud
1928 3461 2032 3504 me
2075 3439 2182 3506 his
2224 3439 2438 3506 literis
2472 3461 2634 3524 quas

687 3548 866 3592 nuno
922 3526 1004 3592 ad
1061 3535 1127 3589 te
1186 3526 1374 3590 mitto
1430 3546 1549 3609 per
1607 3525 1784 3592 hune
1837 3524 2248 3591 tabellarium
2294 3525 2633 3605 Boo-dium,

688 3623 761 3678 ut
807 3611 929 3677 tibi
971 3611 1290 3676 maturius
1332 3611 1713 3677 innoteseat.
1786 3611 1914 3676 Est
1956 3612 2133 3676 enim
2179 3613 2280 3676 vir
2322 3613 2488 3678 bene
2532 3614 2633 3678 iu·

690 3699 964 3764 stitutus
1006 3698 1078 3762 in
1115 3695 1300 3762 bonis
1344 3697 1551 3762 literis
1589 3706 1654 3762 et
1686 3698 1795 3797 pio
1831 3697 2071 3763 affeetu
2113 3705 2181 3763 et
2223 3696 2436 3764 studio
2480 3718 2636 3783 erga

688 3784 1021 3868 puriorem
1068 3782 1472 3866 religionem.
1557 3782 1852 3867 Reliquit
1915 3781 2276 3851 medicinae
2342 3783 2634 3851 studium

689 3870 795 3937 oui
861 3892 932 3935 se
986 3869 1340 3947 dieaverat,
1404 3878 1481 3932 ut
1534 3868 2073 3951 praestantiorem
2130 3870 2373 3936 faceret
2427 3868 2635 3935 medi-

690 3957 921 4022 oinam.
1011 3954 1236 4018 Alitur
1278 3953 1618 4038 stipendiis
1664 3953 2272 4040 Burdegalensium,
2316 3975 2356 4020 a
2398 3957 2634 4039 quibus

689 4040 1007 4107 oriundus
1051 4049 1167 4119 est,
1233 4039 1303 4104 in
1369 4060 1553 4123 spem
1591 4039 1952 4106 ministerii.
2039 4041 2209 4107 Eum
2269 4042 2635 4108 hortabaris

690 4134 767 4192 ut
802 4126 973 4210 quod
1007 4124 1286 4192 felieiter
1320 4127 1531 4208 eoepit
1574 4126 1827 4192 felisius
1863 4126 2174 4207 absolvat,
2221 4140 2288 4193 et
2331 4128 2635 4194 alacriter

691 4213 979 4279 surrenti
1025 4214 1237 4279 aerius
1292 4211 1505 4277 ealoar
1569 4210 1787 4277 addes.
1860 4212 2106 4279 Audies
2149 4215 2229 4279 de
2253 4235 2351 4280 eo
2395 4226 2465 4279 et
2506 4235 2636 4297 qua

695 4368 1080 4378 m--.-..

693 4467 877 4523 8766.
905 4469 959 4536 1)
1008 4470 1055 4523 V
1180 4505 1197 4531 ,
1257 4469 1461 4525 Cal-ors
1515 4469 1602 4535 (N.
1639 4466 1819 4538 3747),
1879 4468 2253 4526 Coronaeorum
2301 4470 2406 4539 (N.
2452 4469 2635 4537 3752),

695 4535 979 4671 3ξῑέκὸοιιῑοιιιιωιε)
999 4537 1102 4605 (Ν.
1173 4536 1320 4605 737),
1359 4536 1512 4603 δοκε,
1560 4538 1751 4605 Touo-s,
1789 4538 2015 4593 Amicus
2044 4538 2220 4607 (Hm.
2253 4539 2373 4596 secl.
2411 4539 2480 4595 11.
2517 4538 2634 4595 345.

996 4675 1144 4729 Hice.
1178 4676 1299 4730 eccl.
1332 4674 1400 4729 11.
1435 4674 1569 4728 834:
1620 4675 1820 4729 Estans
1865 4693 2000 4730 ceux
2033 4677 2102 4729 de
2148 4677 2203 4730 la
2237 4679 2333 4732 rel.
2370 4695 2505 4732 rom.
2541 4676 2638 4732 ad·

697 4745 869 4795 verti,
957 4761 990 4795 u
1034 4758 1301 4798 massaere
1345 4745 1412 4796 de
1449 4744 1618 4814 Vassy
1653 4752 2086 4801 eommeuoerent
2118 4745 2170 4798 le
2205 4746 2380 4801 mardi
2423 4745 2636 4817 d'aprss

697 4812 940 4879 Pasques
985 4810 1055 4864 de
1109 4827 1322 4865 remuer
1372 4828 1626 4882 mesnags
1677 4829 1805 4868 sous
1856 4816 2076 4868 couleur
2120 4813 2280 4869 d’une
2323 4817 2634 4885 prooessiou

699 4922 713 4934 .
804 4916 817 4930 .
857 4919 869 4932 .
905 4897 977 4932 un
1023 4880 1234 4933 nomme'
1274 4880 1446 4934 Billon
1498 4888 1680 4936 estant
1723 4899 1792 4936 en
1840 4901 1944 4938 une
1995 4883 2235 4937 fenestre
2288 4901 2358 4938 ue
2411 4884 2637 4939 s’estant

697 4948 1037 5016 desoouvert,
1071 4965 1133 5001 sa
1167 4948 1373 5003 maison
1408 4949 1491 5002 fut
1524 4952 1784 5005 aussitost
1816 4952 2051 5006 assaillie
2085 4959 2144 5006 et
2176 4969 2431 5022 eaeo-ges
2468 4993 2480 5005 .
2518 4994 2530 5006 .
2568 4994 2580 5005 .
2622 4994 2633 5005 .

696 5017 813 5070 Peu
848 5016 917 5071 de
951 5026 1130 5084 temps
1165 5033 1325 5086 apres
1358 5033 1668 5075 onmmme
1803 5022 1837 5073 a
1864 5021 2060 5089 garder
2093 5022 2173 5074 les
2207 5029 2393 5090 portes
2426 5038 2637 5077 comme

695 5103 764 5140 en
815 5092 994 5154 temps
1040 5085 1106 5139 de
1139 5102 1337 5156 guerre
1373 5092 1430 5138 et
1473 5086 1558 5139 fut
1590 5088 1645 5140 la
1678 5089 1920 5144 nolenoe
1953 5091 2083 5144 telle
2116 5090 2337 5159 lorsque
2370 5091 2451 5144 les
2485 5088 2638 5144 habi·

694 5162 818 5209 tans
854 5155 1173 5208 revenoient
1205 5154 1278 5209 du
1312 5153 1538 5224 presohe
1574 5171 1679 5224 que
1752 5173 1819 5210 eu
1841 5157 1876 5211 a
1896 5174 2002 5227 peu
2037 5158 2076 5212 il
2110 5158 2249 5212 falut
2281 5175 2342 5213 se
2375 5160 2445 5212 de
2520 5165 2637 5214 rter

691 5222 762 5276 de
797 5222 1150 5277 s'sssembler.
1202 5221 1545 5277 Finalement
1580 5224 1633 5276 la
1666 5239 1703 5291 p
1725 5242 1788 5278 us
1811 5235 1936 5294 part
1960 5227 2027 5280 de
2063 5227 2281 5281 oeuxds
2317 5229 2370 5280 la
2404 5244 2464 5281 re
2490 5229 2634 5297 'gion

693 5310 751 5344 se
790 5294 958 5345 retirs
993 5291 1025 5345 a
1059 5292 1397 5348 Consanum.

2164 362 2690 434 EPIS'mLAl:
2732 365 3158 435 affin-3768

4497 366 4582 459 ³⁸9

2724 553 2851 621 sim
2913 550 3289 619 valetudine
3342 557 3409 616 et
3460 550 3608 635 quis
3664 550 3752 616 sit
3804 550 4002 617 huius
4066 548 4369 617 ecelesiae
4421 556 4582 618 statue.

2724 637 2955 705 Scribo
3010 637 3095 703 ad
3150 646 3456 704 senatum
3516 636 3596 702 de
3653 656 3804 703 mea
3856 635 4254 721 profectione
4294 632 4589 717 stolatam,

2723 723 2911 792 ouius
2951 724 3343 790 sententiam
3385 744 3466 788 ex
3511 723 3641 789 tuis
3697 722 3904 789 literis
3957 723 4253 808 eognovi.
4327 720 4469 787 Vale
4506 724 4591 788 ite-

2722 832 2890 876 rum.
2962 810 3023 876 13:
3069 808 3471 894 Montepelio
3516 812 3574 874 9.
3612 809 3862 892 Aprilis
3914 812 4092 874 1562.

3468 1396 3473 1407 ·
3601 1355 3798 1426 3767.

3123 1511 3792 1580 BULLINGERUS
3839 1508 4272 1577 CALVINO.

2902 1681 4608 1769 Raptimplmexaaaiaetffmaniamaquemi-

2724 1767 4609 1854 nmmtquaemmmmaximexparteeaemori-

2725 1855 3880 1925 beaeetconieoeurismtavidoem.

2721 2029 2836 2099 (Ex
2871 2047 2940 2083 su
3098 2028 3210 2098 pho
3244 2027 3402 2082 Aroh.
3442 2028 3621 2082 Turio.
3655 2028 3800 2084 Plut.
3835 2027 3929 2083 VI.
3963 2027 4084 2083 Vol.
4101 2024 4220 2095 129,
4253 2026 4386 2081 olim
4412 2023 4614 2080 Seria-R.

3074 2114 3131 2167 p.
3163 2096 3314 2151 Tem.
3348 2095 3437 2165 30,
3471 2097 3563 2151 fol.
3596 2095 3718 2153 423.
3756 2127 3822 2136 —
3858 2096 4071 2152 Simler.
4108 2094 4226 2151 Vol.
4262 2092 4411 2160 104.)

2898 2268 3278 2337 Clarissimo
3334 2270 3477 2336 viro
3531 2268 3618 2335 D.
3664 2270 3898 2336 Ioanni
3954 2268 4237 2335 Calvino
4294 2264 4616 2332 fidelissimo

2728 2355 3142 2422 Genevensis
3186 2354 3495 2422 ecelesiae
3537 2356 3785 2440 pastori
3828 2353 4088 2421 domino
4131 2374 4248 2421 suo
4292 2350 4539 2421 oolendo
4572 2357 4619 2414 et

2726 2442 2917 2508 fratri
2960 2442 3185 2508 carissi‘
3168 2443 3312 2508 ‘mo.
4275 2524 4479 2592 Μ

2903 2700 2978 2767 S.
3012 2699 3100 2764 D.
3171 2700 3320 2765 Non
3373 2701 3500 2766 fuit
3554 2699 3882 2767 scribendi
3935 2701 4159 2765 otium.
4232 2695 4409 2778 Quia
4446 2706 4624 2763 tamen

2731 2788 2972 2855 Petrus
3028 2788 3136 2853 hio
3188 2785 3513 2853 Reatinus
3569 2785 4070 2871 pharmaeopola
4087 2836 4103 2862 ,
4166 2784 4426 2849 iuvenis
4475 2779 4625 2846 valde

2731 2875 2898 2958 pius,
2945 2873 3028 2939 ad
3071 2893 3189 2938 vos
3245 2881 3389 2937 erat
3438 2873 3849 2956 profecturus
3903 2870 4087 2937 nolui
4128 2889 4280 2934 eum
4326 2870 4463 2934 siue
4497 2867 4627 2932 meis

2732 2959 2942 3026 literis
2984 2957 3334 3039 dimittere,
3437 2959 3630 3026 uibus
3681 2959 3914 3023 saltem
3956 2956 4399 3042 significarem
4438 2963 4567 3020 tuas
4590 2952 4627 3033 ¹)

2732 3035 4632 3212 mffiss’flqmfflmfflfflissffiss

2734 3217 3061 3303 prinsipes
3103 3216 3218 3282 vix
3260 3216 3424 3283 alios
3477 3216 3837 3301 iniquiores
3888 3236 4030 3281 esse
4084 3212 4272 3280 nobis
4315 3233 4501 3298 quam
4537 3207 4629 3275 Bi·

2722 3305 3056 3454 {mmm
3120 3318 3189 3367 et
3264 3301 3883 3386 Wartenuborqaewm
3987 3299 4205 3367 Audio
4287 3299 4463 3366 hune
4515 3316 4635 3395 pro·

2786 3389 3023 3456 'buisse
3066 3389 3139 3453 in
3180 3409 3301 3454 sua
3342 3387 3589 3455 ditione
3630 3388 3991 3454 orationem
4014 3385 4228 3452 Besae
4270 3385 4550 3452 habitam
4582 3403 4634 3446 m

2733 3475 3053 3559 colloquio
3073 3475 3398 3540 Possiaoo.
3457 3475 3592 3541 Pro
3629 3483 3807 3540 oerto
3847 3482 4067 3538 tamen
4103 3492 4236 3538 non
4278 3471 4502 3537 refero.
4555 3466 4639 3532 Its

2734 3563 2920 3627 aiunt
2962 3581 3135 3627 nova
3176 3561 3442 3627 eomitia
3496 3560 3801 3628 instituta
3841 3579 3983 3625 esse
4027 3557 4108 3623 ad
4154 3557 4485 3623 Tabernas
4522 3553 4638 3618 illas

2734 3646 3077 3714 Alsatieas.
3099 3650 3157 3727 ⁸)
3240 3645 3482 3712 Audivi
3536 3646 3690 3731 quid
3744 3644 4104 3730 designarit
4165 3642 4569 3738 anysium-s,-
4589 3647 4641 3702 et

2734 3733 2891 3817 quid
2934 3740 3204 3799 conatus
3244 3733 3349 3798 sit.
3428 3732 3762 3799 Oonatum
3803 3732 3944 3797 eius
3986 3730 4266 3795 fractum
4306 3749 4351 3793 a
4391 3729 4640 3795 Domino

2735 3838 2945 3902 spero.
3040 3818 3131 3883 Et
3186 3817 3380 3884 avide
3421 3840 3461 3882 a
3514 3829 3579 3884 te
3643 3825 3947 3901 exspecto
4003 3814 4159 3899 quid
4215 3836 4295 3881 ea
4337 3812 4421 3880 de
4460 3832 4528 3878 re
4571 3810 4642 3876 sis

2737 3905 3119 3988 scripturus.
3191 3903 3381 3984 Quae
3432 3905 3582 3969 misi
3638 3903 3720 3969 de
3772 3901 4065 3970 Consilio
4108 3900 4494 3967 Tridentino
4511 3902 4561 3975 ⁴)
4594 3904 4645 3960 et

2735 3991 2923 4057 liberi
2966 3990 3447 4056 conditionibus
3512 3988 3787 4066 ooneilii,
3854 3991 3907 4054 si
3965 3988 4196 4073 plaoet.
4260 3988 4334 4051 in
4393 3984 4645 4051 Galliam

2736 4077 2974 4142 mittes.
3070 4073 3217 4141 Non
3260 4074 3648 4158 displieuere
3691 4076 3950 4141 nostris.
4044 4071 4119 4139 Si
4179 4072 4475 4138 nondum
4521 4067 4647 4134 alla·

2736 4174 2879 4311 {tam
2924 4172 3028 4228 est
3070 4161 3152 4227 ad
3199 4174 3262 4226 te
3306 4160 3638 4227 decretum
3681 4160 3988 4227 sessionis
4030 4160 4300 4243 primae,
4317 4156 4379 4243 ὅ)
4424 4157 4648 4221 mittam

2909 4334 3188 4400 Bremae
3228 4334 3302 4398 in
3347 4331 3639 4400 Saxonis
3681 4332 3873 4398 audio
3915 4331 4269 4397 excitatum
4322 4326 4648 4395 tumultum

2733 4607 2914 4663 876⁷.
2943 4608 3001 4668 1)
3037 4608 3363 4679 deperditae.

2741 4676 3121 4802 meoggt'lss
3140 4676 3292 4801 (Εἴποι
3318 4676 4083 4812 fflorleznmffffzansssffrd.
4238 4741 4369 4797 Ian.
4409 4740 4650 4795 &zoam

2747 4815 3064 4883 Toryavn'ae,
3171 4822 3287 4870 stes
3306 4812 3560 4870 Berolim'
3573 4811 4098 4884 Brundeburmeun,
4133 4811 4369 4880 denque
4403 4817 4456 4865 et
4489 4803 4650 4864 Land-

2732 4883 3018 5008 Ἥκω.
3063 4884 3131 5007 ι.
3168 4884 3406 5008 ‘’rma“-
3360 4953 3373 4966 -
3392 4882 3470 5007 ι’
3494 4881 3791 5017 me.
3813 4878 4487 5006 13¹..22³·.w
4521 4874 4650 5000 ιιι.

2737 5021 2847 5076 Iul.
2881 5019 3089 5088 1234*
3134 5015 4652 5091 Quaemotiatiomiampostmismosmb

2740 5089 2929 5145 Gallia
2963 5089 3170 5145 nullius
3200 5093 3426 5157 fuerunt
3458 5104 3610 5149 usus.

4170 4681 4261 4729 «ιω
4307 4672 4651 4741 «Μηκω-

2939 5156 3003 5293 {3
3028 5157 3435 5283 ffffmw'

2941 5296 3002 5362 5)
3033 5296 3069 5349 ι’.
3108 5313 3149 5351 0.
3188 5296 3356 5351 xvn.
3392 5296 3477 5354 1s.
3514 5298 3641 5352 ια..
3674 5297 3761 5351 es.
3827 5294 4157 5366 (θα-Μ
4181 5294 4259 5351 11.
4296 5292 4442 5361 100.)
