4850 6117
300 431 380 502 ιν
1798 479 1809 484 -
2027 415 2187 505 1561'
2234 434 2560 507 Gomon.
4213 425 4297 507 ιε

292 645 458 710 pum
566 631 776 691 artem
839 624 1117 709 probare
1179 623 1364 691 illam
1429 632 1497 691 et
1566 626 2031 712 imperatorem
2106 643 2244 690 non

293 729 493 778 conce
538 731 647 777 ere
693 729 916 793 pacem
970 710 1101 777 nisi
1160 711 1587 795 Augustanus
1644 712 2031 779 confessioni
2088 710 2243 778 sub·

291 794 754 875 scribentibus,
799 795 1220 863 subscribunt
1261 803 1332 862 et
1382 796 1532 881 ipsi.
1614 797 1800 865 Haec
1833 807 1935 866 est
1973 795 2245 882 integri-

290 888 400 950 tas
443 881 735 949 fidelium
778 881 1045 949 scilicet.
1134 882 1420 950 Necesse
1464 892 1565 949 est
1607 890 1829 950 autem
1872 894 1947 949 ut
1987 882 2095 950 hic
2137 883 2248 967 in·-

288 967 534 1054 vigiles
586 967 829 1035 sedulo.
923 968 1258 1055 Veryerius
1310 967 1422 1034 ille
1480 970 1668 1053 quasi
1713 970 1793 1036 de
1835 991 1908 1035 re
1950 970 2243 1035 confecta

338 1054 635 1133 loriatur,
702 1053 983 1138 denique
1045 1053 1127 1120 de
1191 1075 1313 1122 sua
1386 1053 1727 1141 diligentia
1787 1054 2239 1139 industriaque

287 1076 460 1207 {neo
501 1141 797 1208 confecta
837 1140 1070 1207 stolide
1114 1141 1487 1208 arbitratur.

469 1225 605 1293 Sed
648 1226 874 1294 desino
916 1227 1416 1311 occupatissimo
1461 1227 1620 1293 alias
1664 1227 1928 1312 negotia
1972 1248 2232 1312 augere.

287 1311 570 1380 Utinam
631 1314 708 1378 in
770 1311 994 1380 Gallia
1054 1313 1432 1380 inveniatur
1502 1313 1605 1379 vir
1668 1313 1819 1396 pius
1884 1321 1950 1380 et
1994 1313 2237 1394 doctus,

288 1400 409 1483 qui
452 1400 692 1482 scripto
757 1397 1071 1480 modesto,
1137 1399 1209 1464 in
1274 1421 1401 1483 quo
1476 1398 1807 1484 principes
1868 1401 2237 1468 Germanos

284 1504 432 1551 non
493 1486 778 1570 attingat
839 1484 1142 1564 odiosius,
1208 1485 1497 1552 rationes
1562 1485 1935 1570 proceribus
1981 1484 2236 1553 Galliae

285 1579 582 1655 exponat
622 1592 739 1638 cur
782 1571 1136 1638 conveniat
1192 1572 1516 1637 abstinere
1569 1592 1609 1637 a
1660 1571 2026 1656 peregrinis
2080 1591 2236 1636 con-

284 1655 683 1723 fessionibus
727 1666 796 1723 et
836 1657 1121 1722 retinere
1178 1657 1478 1743 patriam.
1501 1659 1555 1739 ⁵)
1642 1656 2096 1723 certissimum
2139 1663 2237 1722 est

285 1741 376 1809 de
438 1744 658 1822 missa,
724 1742 807 1809 de
867 1763 1083 1821 coena,
1144 1741 1224 1808 de
1283 1743 1684 1809 confessione
1722 1750 1791 1808 et
1833 1742 2238 1808 absolutione

284 1828 764 1895 confessionem
816 1831 1279 1913 Augustanam
1321 1849 1456 1894 non
1513 1849 1658 1895 csse
1713 1828 2058 1914 integram.
2144 1828 2240 1894 Et

284 1936 471 1982 nunc
514 1936 740 1981 omnes
783 1914 1154 1982 Lutherani
1197 1922 1516 1981 conantur
1557 1914 1736 1980 illam
1795 1916 2125 2000 explicare
2165 1913 2239 1978 in

284 2001 556 2084 negotio
612 2021 853 2067 coenae
907 2022 1025 2084 per
1080 2000 1491 2085 Apologiam,
1550 2022 1941 2084 sensumque
1996 2008 2240 2085 urgent

252 2087 791 2167 'crassissimum,
847 2086 1315 2152 contendentes
1358 2087 1593 2169 impios
1637 2107 1746 2151 ore
1790 2086 2075 2170 corporis
2117 2105 2236 2151 vo-

282 2193 437 2238 rare
464 2173 728 2239 realiter
751 2182 818 2239 et
838 2172 1275 2239 essentialiter
1302 2171 1800 2238 substantialem
1824 2171 2073 2239 Christi
2095 2191 2238 2236 car·

283 2280 459 2325 nem.
533 2257 971 2325 Consentiunt
1012 2280 1168 2343 ergo
1206 2259 1479 2342 papistis
1520 2264 1585 2322 et
1621 2277 1771 2323 cum
1815 2279 1931 2323 suo
1966 2256 2238 2322 Luthero

282 2345 612 2429 recipiunt
654 2364 975 2410 canonem
1018 2344 1099 2411 de
1142 2344 1448 2410 Consecr.
1496 2342 1642 2409 dist.
1686 2348 1742 2409 2.
1832 2343 1971 2428 qu
2005 2342 2237 2408 Beren-

278 2431 529 2513 9an'u3.
618 2431 827 2497 Taceo
871 2450 1048 2496 nunc
1090 2429 1262 2514 quod
1303 2430 1524 2512 iniquo
1581 2438 1874 2513 tempore
1917 2428 2233 2494 confessio

280 2515 404 2580 illa
444 2525 547 2583 est
589 2517 974 2601 conscripta,
1019 2524 1087 2582 et
1127 2517 1207 2583 ab
1252 2516 1357 2582 his
1400 2516 1513 2598 qui
1558 2523 1715 2582 tunc
1764 2514 1979 2585 Caroli
2010 2521 2236 2597 poten·

280 2600 450 2667 tiam
487 2603 872 2669 metuebant
914 2611 980 2668 et
1035 2604 1195 2669 satis
1253 2601 1584 2668 serviliter
1639 2622 1709 2668 se
1764 2598 2234 2667 submittebant

278 2686 361 2752 in
404 2687 715 2771 pluribus.
806 2689 943 2754 Nec
985 2687 1223 2755 desunt
1263 2709 1444 2755 nunc
1487 2688 1813 2770 principes
1868 2685 1979 2769 qui
2034 2704 2230 2768 quae·

280 2771 439 2838 dam
482 2783 773 2840 correcta
814 2773 1108 2853 mallent,
1166 2776 1225 2842 si
1277 2796 1410 2840 non
1467 2774 1744 2840 aliorum
1808 2768 2231 2838 multitudine

277 2858 780 2941 impedirentur.
868 2862 1124 2926 Verum
1197 2859 1358 2928 haec
1432 2861 1577 2944 ipse
1652 2859 1888 2925 melius
1954 2857 2228 2922 novisti:

276 2945 475 3031 plura
518 2967 673 3030 ergo
738 2968 916 3013 nunc
978 2968 1110 3011 non
1175 2945 1428 3012 addam.
1516 2945 1838 3010 Dominus
1892 2942 2230 3009 benedicat

276 3030 402 3097 tibi
446 3038 514 3097 et
558 3041 776 3099 servet
819 3041 883 3098 te
926 3031 1113 3097 nobis
1156 3031 1268 3098 diu
1310 3032 1720 3102 incolumem.
1801 3029 2104 3097 Salutato
2139 3028 2223 3094 D.

273 3116 624 3185 Budaeum
657 3128 725 3183 et
759 3119 1173 3184 Ionvillaeum
1208 3127 1274 3183 et
1312 3126 1708 3202 symmystas
1742 3137 1984 3184 omnes.
2065 3114 2228 3179 Nos-

278 3204 369 3268 tri
414 3224 644 3271 omnes
688 3215 754 3270 te
797 3226 1051 3288 quoque
1107 3204 1415 3281 salutant,
1482 3204 1783 3288 inprimis
1844 3198 2227 3268 Gualtherus

275 3293 481 3359 frater
526 3305 593 3358 et
635 3292 853 3358 affinis
894 3303 964 3356 et
1007 3300 1143 3357 tres
1184 3291 1415 3375 generi
1456 3292 1586 3356 mei
1631 3287 1979 3371 ZvinyliuS,
2017 3285 2225 3353 Lava-

274 3384 443 3446 tems
486 3391 555 3445 et
600 3378 926 3446 Simleru&
1016 3378 1247 3464 Tiguri
1294 3383 1350 3442 5.
1394 3374 1697 3443 Octobris
1748 3378 1929 3440 1561.

1402 3512 1829 3597 Bullingerus
1873 3521 2049 3577 tuus.

446 3726 623 3792 Puto
664 3724 1034 3790 Lituanum
1068 3723 1260 3789 illum
1293 3721 1380 3788 D.
1414 3718 1775 3785 Martium
1791 3720 1850 3801 θ)
1886 3739 2066 3785 meas
2099 3718 2219 3784 tibi

270 3811 503 3878 literas
567 3811 701 3875 iam
767 3808 1129 3887 tradidisse,
1195 3808 1369 3874 unde
1433 3813 1741 3889 exspecto
1794 3802 1951 3888 quid
2008 3826 2086 3869 ea
2139 3802 2219 3869 de

271 3918 478 3965 causa
515 3897 841 3964 rescribas
884 3907 951 3962 ct
993 3903 1069 3960 ut
1127 3892 1448 3978 Orueiyeri
1505 3890 1847 3975 epistolam
1901 3890 2216 3955 remittas.

448 3983 596 4049 Nisi
662 3982 786 4048 tibi
849 3981 1198 4047 molestum
1260 3989 1446 4057 esset,
1512 3996 1818 4060 cuperem
1883 3974 2047 4040 mihi
2104 3995 2222 4058 per

270 4075 543 4136 tuorum
587 4067 869 4151 aliquem
913 4067 1086 4132 mitti
1130 4065 1421 4131 libellum
1466 4065 1570 4129 cui
1623 4061 1995 4144 inscriptio:
2082 4060 2219 4125 Im-

268 4156 485 4239 pietas
531 4152 872 4219 Valentini
916 4152 1201 4221 Gentilis
1245 4148 1495 4215 detecta
1538 4159 1658 4215 etc.
1679 4151 1736 4226 ⁷)
1803 4148 2072 4212 Referet
2114 4146 2222 4213 hic

267 4250 501 4309 noster
539 4241 625 4308 D.
670 4240 1063 4306 Franciscus
1110 4236 1533 4302 Ramboletius
1550 4237 1609 4311 8)
1655 4233 1737 4300 de
1779 4232 1976 4299 rebus
2019 4232 2224 4298 omni·

270 4325 397 4394 bus
462 4326 723 4392 nostris.
837 4324 978 4390 Diu
1042 4324 1210 4388 vixit
1276 4319 1448 4405 apud
1527 4320 1999 4386 Gualtherum.·
2071 4318 2222 4383 Non

274 4411 663 4480 commendo
745 4411 963 4495 ipsum
1042 4408 1162 4474 tibi
1239 4428 1436 4492 quem
1514 4406 1673 4474 alias
1752 4405 1959 4471 amari
2038 4425 2078 4469 a
2154 4411 2222 4468 te

276 4496 582 4564 arbitror.

482 4737 544 4806 5)
581 4736 933 4793 Denda-im
955 4736 1056 4792 hoc
1089 4736 1308 4791 omuino
1332 4745 1805 4815 supervacaneum.
1852 4729 2009 4784 Inter
2033 4727 2224 4786 Gallae

278 4810 417 4864 mim
452 4805 982 4933 wasmciicium
1013 4804 1421 4944 (Ni-‘ltgbaelna
1455 4801 1742 4870 mdabat·

481 4942 987 5141 Bkggfffflffil
1010 4959 1189 5078 sitaque
1226 5008 1418 5066 Iacobi
1451 5007 1519 5065 de
1558 5006 1927 5064 Rambom‘llet
1958 5005 2124 5077 leonti
2155 5004 2223 5061 de

276 5102 381 5159 quo
413 5103 464 5143 v.
571 5128 584 5140 .
617 5081 771 5139 3298.

490 5458 710 5516 calvini
739 5472 924 5529 opera.
1005 5456 1121 5513 Vol.
1158 5453 1332 5513 XIX.

3211 627 3412 701 855⁰.

2535 797 2962 867 OOLIGNY
3002 799 3132 868 ΛΠ
3175 783 3482 868 SENA'J]
3522 801 3651 868 DE
3695 784 4099 870 GENEVE.

2516 968 2595 1036 Iz
2635 970 2884 1038 remia
2921 971 2978 1040 ze
3018 972 3301 1040 ministre
3335 971 3577 1042 Merum
3615 975 3783 1043 mais
3814 974 3963 1058 pru
4002 978 4186 1059 quon
4223 941 4304 1043 ιε’

2341 1054 2440 1122 lui
2479 1055 2673 1122 luisse
2713 1077 2937 1125 emore.

2516 1226 2808 1294 (Archives
2841 1226 2911 1282 de
2945 1226 3181 1284 Geneve.
3249 1228 3437 1285 Pisces
3471 1229 3804 1302 historiques
3838 1230 3908 1285 N.
3940 1227 4119 1301 1⁷15.)

2426 1399 2491 1465 A
2512 1396 2869 1467 Messieurs
2901 1399 2998 1467 les
3033 1399 3284 1487 scindiq
3319 1409 3386 1469 et
3418 1400 3697 1470 conseilz
3731 1401 3815 1469 de
3844 1400 4160 1471 Genefve.

2511 1569 2874 1637 Messieurs
2930 1579 3220 1657 suyvant
3273 1592 3349 1639 ce
3393 1593 3518 1657 que
3561 1574 3894 1641 monsieur
3937 1573 4292 1659 Despeviue

2339 1677 2451 1721 ma
2495 1657 2740 1742 escript
2770 1659 2826 1736 ¹)
2867 1656 2930 1722 ie
2973 1679 3136 1725 vous
3177 1678 3465 1744 renvoye
3507 1658 3762 1728 Monsr.
3806 1660 3883 1726 de
3921 1659 4214 1746 Monbroy
4231 1662 4291 1748 2)

2332 1752 2607 1825 present
2648 1750 2921 1828 porteur
2961 1741 3174 1829 lequel
3218 1745 3328 1829 iay
3374 1746 3701 1829 tousjours
3744 1752 3975 1812 retenu
4020 1768 4104 1813 au
4138 1767 4293 1832 pres

2340 1826 2421 1893 de
2481 1849 2636 1914 moy
2691 1837 2758 1894 et
2813 1851 2973 1896 vous
3036 1830 3225 1916 diray
3279 1851 3404 1913 que
3468 1830 3533 1896 ia
3632 1851 3826 1898 receu
3891 1832 4149 1898 aultant
4208 1832 4294 1900 de

2339 1922 2832 1981 contentement
2874 1914 2956 1979 de
2996 1913 3117 2000 luy
3159 1937 3243 1981 en
3294 1937 3399 1982 ses
3440 1937 3525 1982 ex
3574 1916 3890 1984 ortations
3932 1924 4000 1983 et
4043 1917 4293 1987 bonnes
4392 1907 4420 1938 ⁹

2340 2021 2606 2067 moeurs
2646 2021 2770 2085 que
2813 1998 3119 2066 dhomme
3160 2021 3286 2085 que
3321 2004 3478 2088 jaye
3522 2003 3759 2087 jamais
3802 2023 3951 2090 ouy.
4022 2000 4100 2069 Si
4145 2024 4292 2072 esse

2341 2107 2468 2169 que
2515 2088 2586 2171 je
2643 2107 2809 2152 vous
2866 2086 3129 2172 prieray
3186 2108 3451 2154 encores
3503 2088 3866 2155 Messieurs
3922 2108 4048 2173 que
4104 2089 4190 2156 sil
4242 2112 4291 2174 y

2342 2171 2527 2236 avoit
2590 2190 2837 2257 moyen
2898 2192 3025 2255 que
3091 2193 3251 2239 vous
3314 2194 3400 2238 en
3461 2174 3758 2258 peussiez
3823 2194 4068 2258 passer,
4132 2194 4289 2242 men

2340 2255 2626 2322 voulloir
2684 2256 3148 2323 accommodet.
3227 2258 3556 2325 Jentendz
3610 2280 3761 2344 que·
3792 2262 3863 2344 ¹ie
3919 2279 4148 2344 essaye
4205 2260 4288 2328 de

2336 2362 2686 2410 recouvrer
2709 2342 2986 2428 quelque
3020 2344 3319 2411 ministre
3353 2344 3432 2410 de
3501 2367 3575 2411 ar
3598 2344 3755 2412 deca
3785 2353 3854 2411 et
3887 2365 3973 2412 ou
3998 2347 4069 2430 je
4103 2367 4188 2411 ne
4221 2346 4286 2412 le

2338 2428 2638 2511 pourrois
2701 2429 2839 2494 fere
2895 2451 3023 2512 que
3077 2452 3240 2497 vous
3304 2430 3544 2497 fusslez
3603 2438 3877 2498 contens
3934 2431 4016 2498 de
4058 2451 4164 2497 me
4219 2431 4284 2498 16

2338 2535 2665 2600 renvoyer
2719 2523 2787 2579 et
2846 2535 3012 2599 pour
3076 2516 3324 2582 resider
3383 2537 3467 2582 au
3520 2536 3676 2602 pres
3740 2516 3822 2582 de
3884 2537 4061 2602 moy.
4153 2515 4286 2584 Gar

2339 2598 2638 2665 voullant
2701 2598 2837 2666 fere
2901 2598 2969 2667 la
3021 2602 3381 2687 profession
3440 2624 3566 2686 que
3620 2606 3692 2688 je
3746 2602 3944 2671 veulx
3997 2604 4160 2669 faire
4215 2605 4286 2687 je

2337 2706 2570 2770 seroye
2613 2686 2766 2751 bien
2811 2707 3038 2773 marry
3073 2686 3153 2754 de
3193 2688 3535 2754 demeurer
3577 2710 3732 2755 sans
3775 2710 3859 2755 en
3905 2689 4090 2756 avoir
4124 2710 4283 2774 ung.

2338 2770 2432 2837 Oe
2495 2772 2737 2837 faisant
2789 2792 2957 2841 vous
3000 2774 3390 2859 mobligerez
3448 2774 3530 2841 de
3593 2781 3738 2841 tant
3792 2775 3941 2859 plus
3998 2797 4041 2841 a
4091 2796 4277 2844 vous.

2332 2855 2468 2923 Sur
2511 2879 2585 2924 ce
2620 2859 2690 2943 je
2734 2879 2839 2924 me
2892 2860 3427 2927 recommandera
3507 2861 3659 2927 bien
3704 2861 4278 2928 affectionnement

2335 2963 2376 3008 a
2395 2963 2518 3009 voz
2559 2943 2811 3011 bonnes
2854 2966 3082 3028 graces
3125 2956 3192 3012 et
3233 2946 3613 3031 suppheray
3645 2946 3708 3012 16
3733 2946 4068 3025 Orestem,
4099 2947 4278 3012 Mes-

2333 3029 2564 3109 sieurs,
2608 3050 2774 3096 vous
2816 3029 3065 3097 donner
3103 3031 3317 3098 bonne
3359 3039 3429 3098 et
3468 3032 3711 3117 longus
3754 3054 3900 3118 vye.

2501 3114 2609 3182 De
2642 3115 2744 3184 St.
2769 3115 3089 3183 Germain
3133 3138 3216 3184 en
3259 3116 3411 3203 laye
3453 3139 3528 3184 ce
3568 3119 3710 3185 vim·
3745 3117 4049 3186 doctobre
4089 3121 4272 3185 1561.

2741 3289 2742 3292 =
2823 3253 3063 3320 Vostre
3106 3255 3543 3321 entierement
3584 3256 3735 3323 bien
3779 3255 3908 3322 bon
3951 3274 4106 3341 amy
4128 3256 4188 3340 ⁸)

3267 3339 3656 3409 Ohastillon.

3199 3903 3394 3977 3551.

2789 4073 3324 4144 GALLASIUS
3367 4075 3801 4144 OALVINO.
3833 4139 3840 4156 ,

2501 4245 2883 4330 Colloquium
2940 4245 3345 4314 Possiacense
3396 4268 3520 4314 nou
3568 4268 3712 4314 eum
3767 4246 4125 4314 habiturum
4179 4255 4272 4316 est

2323 4333 2602 4415 fructum
2643 4334 2752 4415 qui
2795 4332 3283 4417 exspectabatur,
3325 4353 3518 4415 neque
3558 4337 3766 4399 tamen
3807 4336 3979 4400 omui
4018 4335 4265 4403 carebit.
4327 4405 4334 4412 ,

2325 4419 2712 4574 amomum.
2750 4420 2888 4501 ipse
2942 4418 3186 4497 redibit,
3251 4438 3610 4501 quanquam
3665 4418 3744 4485 ab
3786 4420 3942 4488 aliis
3997 4421 4272 4489 ecelesiis

2629 4676 2742 4746 (Ex
2777 4674 3115 4746 autographo
3139 4673 3267 4729 eod.
3293 4672 3499 4730 Gener.
3537 4674 3658 4747 112,
3689 4677 3784 4736 fol.
3818 4676 3965 4748 203.)

2497 4951 2592 5087 ἐξ
2624 4948 2887 5074 w
2926 5017 3061 5087 309.
3106 5015 3186 5072 αα
3232 5016 3447 5074 cauas
3488 5016 3574 5074 23.
3615 5018 3757 5076 ou„-
3811 5019 4008 5075 norun
4059 5026 4146 5076 ent
4193 5022 4268 5078 «ιο

2325 5095 2514 5145 retour
2547 5095 2606 5143 et
2676 5093 2892 5142 resente
2926 5088 3007 5142 les
3040 5087 3390 5157 complimens
3424 5087 3493 5141 de
3511 5086 3846 5153 u.1’mira1,
3919 5091 3975 5142 ni
3998 5088 4264 5147 demando

2326 5157 2488 5282 3¹:1⁰¹}
2532 5160 2586 5212 le
2658 5174 2727 5226 ny
2770 5157 2933 5211 laisse
2969 5171 3189 5240 encore.
3258 5155 3460 5212 Resolu
3501 5155 3571 5211 de
3622 5158 3860 5227 prendre
3930 5159 4047 5241 ‘vis
4081 5159 4150 5213 de
4182 5159 4262 5215 M.

2426 5221 4269 5297 vmsuroaavuaaetanmzemqueuerlmmurau

2324 5299 2363 5354 ὰ
2401 5295 2966 5435 θωὲθοὶαακτορναρὴσ.
3818 5448 3854 5502 2
