<?xml version="1.0" encoding="UTF-8"?>
<!DOCTYPE html PUBLIC "-//W3C//DTD XHTML 1.0 Transitional//EN"
    "http://www.w3.org/TR/xhtml1/DTD/xhtml1-transitional.dtd">
<html xmlns="http://www.w3.org/1999/xhtml" xml:lang="en" lang="en">
 <head>
  <title>
</title>
<meta http-equiv="Content-Type" content="text/html;charset=utf-8" />
  <meta name='ocr-system' content='tesseract 3.04.00' />
  <meta name='ocr-capabilities' content='ocr_page ocr_carea ocr_par ocr_line ocrx_word'/>
</head>
<body>
  <div class='ocr_page' id='page_1' title='image "./ioanniscalvinio05unkngoog_0151.png"; bbox 0 0 4850 6117; ppageno 0'>
   <div class='ocr_carea' id='block_1_1' title="bbox 263 405 384 471">
    <p class='ocr_par' dir='ltr' id='par_1_1' title="bbox 263 405 384 471">
     <span class='ocr_line' id='line_1_1' title="bbox 263 405 384 471; baseline -0.033 0"><span class='ocrx_word' id='word_1_1' title='bbox 263 405 384 471; x_wconf 82' lang='lat'><strong>2⁷7</strong></span> 
     </span>
    </p>
   </div>
   <div class='ocr_carea' id='block_1_2' title="bbox 259 589 2215 1452">
    <p class='ocr_par' dir='ltr' id='par_1_2' title="bbox 259 589 2215 1452">
     <span class='ocr_line' id='line_1_2' title="bbox 435 589 2209 678; baseline -0.001 -20"><span class='ocrx_word' id='word_1_2' title='bbox 435 589 742 658; x_wconf 72' lang='lat' dir='ltr'><strong>Calvinus</strong></span> <span class='ocrx_word' id='word_1_3' title='bbox 797 589 1022 658; x_wconf 89' lang='lat' dir='ltr'><strong>scribit</strong></span> <span class='ocrx_word' id='word_1_4' title='bbox 1063 591 1386 678; x_wconf 72' lang='lat' dir='ltr'><strong>&#39;Figuram</strong></span> <span class='ocrx_word' id='word_1_5' title='bbox 1440 591 1944 660; x_wconf 72' lang='lat' dir='ltr'><strong>ostentationem</strong></span> <span class='ocrx_word' id='word_1_6' title='bbox 2045 611 2209 657; x_wconf 88' lang='lat' dir='ltr'><strong>uan-</strong></span> 
     </span>
     <span class='ocr_line' id='line_1_3' title="bbox 261 676 2210 764; baseline -0.002 -19"><span class='ocrx_word' id='word_1_7' title='bbox 261 677 409 746; x_wconf 86' lang='lat' dir='ltr'><strong>dam</strong></span> <span class='ocrx_word' id='word_1_8' title='bbox 452 697 916 763; x_wconf 75' lang='lat' dir='ltr'><strong>permagnam:</strong></span> <span class='ocrx_word' id='word_1_9' title='bbox 964 683 1063 744; x_wconf 92' lang='grc' dir='ltr'><strong>ιοι</strong></span> <span class='ocrx_word' id='word_1_10' title='bbox 1104 698 1247 744; x_wconf 89' lang='lat' dir='ltr'><strong>esse</strong></span> <span class='ocrx_word' id='word_1_11' title='bbox 1290 676 1538 746; x_wconf 88' lang='lat' dir='ltr'><strong>scilicet</strong></span> <span class='ocrx_word' id='word_1_12' title='bbox 1571 678 1688 763; x_wconf 87' lang='lat' dir='ltr'><strong>qui</strong></span> <span class='ocrx_word' id='word_1_13' title='bbox 1718 677 1997 764; x_wconf 80' lang='lat' dir='ltr'><strong>singulis</strong></span> <span class='ocrx_word' id='word_1_14' title='bbox 2078 677 2210 744; x_wconf 89' lang='lat' dir='ltr'><strong>oris</strong></span> 
     </span>
     <span class='ocr_line' id='line_1_4' title="bbox 259 761 2215 850; baseline -0.001 -21"><span class='ocrx_word' id='word_1_15' title='bbox 259 761 527 850; x_wconf 83' lang='lat' dir='ltr'><strong>pulsant</strong></span> <span class='ocrx_word' id='word_1_16' title='bbox 592 761 675 828; x_wconf 87' lang='lat' dir='ltr'><strong>ad</strong></span> <span class='ocrx_word' id='word_1_17' title='bbox 739 764 878 830; x_wconf 90' lang='lat' dir='ltr'><strong>eius</strong></span> <span class='ocrx_word' id='word_1_18' title='bbox 942 761 1135 830; x_wconf 87' lang='lat' dir='ltr'><strong>aedes</strong></span> <span class='ocrx_word' id='word_1_19' title='bbox 1200 770 1491 848; x_wconf 89' lang='lat' dir='ltr'><strong>petentes</strong></span> <span class='ocrx_word' id='word_1_20' title='bbox 1555 764 2039 832; x_wconf 74' lang='lat' dir='ltr'><strong>concionatores</strong></span> <span class='ocrx_word' id='word_1_21' title='bbox 2055 814 2072 844; x_wconf 87' lang='lat'><strong>,</strong></span> <span class='ocrx_word' id='word_1_22' title='bbox 2140 770 2215 829; x_wconf 97' lang='grc' dir='ltr'><strong>ιιι</strong></span> 
     </span>
     <span class='ocr_line' id='line_1_5' title="bbox 261 847 2214 935; baseline -0.002 -19"><span class='ocrx_word' id='word_1_23' title='bbox 261 869 426 935; x_wconf 82' lang='lat' dir='ltr'><strong>papa</strong></span> <span class='ocrx_word' id='word_1_24' title='bbox 469 869 608 916; x_wconf 91' lang='lat' dir='ltr'><strong>non</strong></span> <span class='ocrx_word' id='word_1_25' title='bbox 656 856 751 915; x_wconf 88' lang='lat' dir='ltr'><strong>tot</strong></span> <span class='ocrx_word' id='word_1_26' title='bbox 800 848 1039 917; x_wconf 87' lang='lat' dir='ltr'><strong>habeat</strong></span> <span class='ocrx_word' id='word_1_27' title='bbox 1091 850 1201 934; x_wconf 87' lang='lat' dir='ltr'><strong>qui</strong></span> <span class='ocrx_word' id='word_1_28' title='bbox 1243 850 1479 916; x_wconf 89' lang='lat' dir='ltr'><strong>missas</strong></span> <span class='ocrx_word' id='word_1_29' title='bbox 1536 858 1782 933; x_wconf 87' lang='lat' dir='ltr'><strong>petant.</strong></span> <span class='ocrx_word' id='word_1_30' title='bbox 1880 847 2056 917; x_wconf 89' lang='lat' dir='ltr'><strong>Illud</strong></span> <span class='ocrx_word' id='word_1_31' title='bbox 2113 854 2214 916; x_wconf 90' lang='lat' dir='ltr'><strong>est</strong></span> 
     </span>
     <span class='ocr_line' id='line_1_6' title="bbox 261 933 2210 1020; baseline -0.001 -19"><span class='ocrx_word' id='word_1_32' title='bbox 261 943 513 1002; x_wconf 87' lang='lat' dir='ltr'><strong>certum</strong></span> <span class='ocrx_word' id='word_1_33' title='bbox 573 933 744 1020; x_wconf 88' lang='lat' dir='ltr'><strong>quod</strong></span> <span class='ocrx_word' id='word_1_34' title='bbox 801 935 920 1001; x_wconf 80' lang='lat' dir='ltr'><strong>vix</strong></span> <span class='ocrx_word' id='word_1_35' title='bbox 973 935 1346 1001; x_wconf 75' lang='lat' dir='ltr'><strong>admittitur</strong></span> <span class='ocrx_word' id='word_1_36' title='bbox 1402 935 1470 1002; x_wconf 91' lang='lat' dir='ltr'><strong>in</strong></span> <span class='ocrx_word' id='word_1_37' title='bbox 1516 934 1738 1003; x_wconf 83' lang='lat' dir='ltr'><strong>Gallia</strong></span> <span class='ocrx_word' id='word_1_38' title='bbox 1778 935 2210 1012; x_wconf 89' lang='lat' dir='ltr'><strong>concionator,</strong></span> 
     </span>
     <span class='ocr_line' id='line_1_7' title="bbox 265 1019 2213 1107; baseline -0.001 -19"><span class='ocrx_word' id='word_1_39' title='bbox 265 1022 369 1107; x_wconf 85' lang='lat' dir='ltr'><strong>qui</strong></span> <span class='ocrx_word' id='word_1_40' title='bbox 427 1041 569 1088; x_wconf 87' lang='lat' dir='ltr'><strong>non</strong></span> <span class='ocrx_word' id='word_1_41' title='bbox 632 1021 832 1087; x_wconf 88' lang='lat' dir='ltr'><strong>fuerit</strong></span> <span class='ocrx_word' id='word_1_42' title='bbox 888 1043 927 1088; x_wconf 92' lang='lat' dir='ltr'><strong>a</strong></span> <span class='ocrx_word' id='word_1_43' title='bbox 984 1019 1242 1089; x_wconf 73' lang='lat' dir='ltr'><strong>Calvino</strong></span> <span class='ocrx_word' id='word_1_44' title='bbox 1290 1022 1721 1102; x_wconf 83' lang='lat' dir='ltr'><strong>examinatus,</strong></span> <span class='ocrx_word' id='word_1_45' title='bbox 1778 1029 1898 1088; x_wconf 87' lang='lat' dir='ltr'><strong>aut</strong></span> <span class='ocrx_word' id='word_1_46' title='bbox 1953 1022 2010 1089; x_wconf 92' lang='lat' dir='ltr'><strong>si</strong></span> <span class='ocrx_word' id='word_1_47' title='bbox 2069 1021 2213 1105; x_wconf 91' lang='lat' dir='ltr'><strong>quis</strong></span> 
     </span>
     <span class='ocr_line' id='line_1_8' title="bbox 264 1105 2214 1193; baseline -0.001 -19"><span class='ocrx_word' id='word_1_48' title='bbox 264 1106 553 1174; x_wconf 75' lang='lat' dir='ltr'><strong>voluerit</strong></span> <span class='ocrx_word' id='word_1_49' title='bbox 596 1105 971 1192; x_wconf 89' lang='lat' dir='ltr'><strong>praedicare</strong></span> <span class='ocrx_word' id='word_1_50' title='bbox 1014 1127 1134 1174; x_wconf 92' lang='lat' dir='ltr'><strong>nec</strong></span> <span class='ocrx_word' id='word_1_51' title='bbox 1176 1107 1375 1175; x_wconf 82' lang='lat' dir='ltr'><strong>fuerit</strong></span> <span class='ocrx_word' id='word_1_52' title='bbox 1407 1110 1489 1175; x_wconf 86' lang='lat' dir='ltr'><strong>ab</strong></span> <span class='ocrx_word' id='word_1_53' title='bbox 1534 1129 1611 1175; x_wconf 94' lang='lat' dir='ltr'><strong>eo</strong></span> <span class='ocrx_word' id='word_1_54' title='bbox 1644 1129 1687 1174; x_wconf 89' lang='lat' dir='ltr'><strong>a</strong></span> <span class='ocrx_word' id='word_1_55' title='bbox 1730 1108 2055 1193; x_wconf 87' lang='lat' dir='ltr'><strong>probatus,</strong></span> <span class='ocrx_word' id='word_1_56' title='bbox 2101 1113 2214 1173; x_wconf 91' lang='lat' dir='ltr'><strong>aut</strong></span> 
     </span>
     <span class='ocr_line' id='line_1_9' title="bbox 266 1191 2212 1272; baseline -0.001 -12"><span class='ocrx_word' id='word_1_57' title='bbox 266 1194 576 1272; x_wconf 86' lang='lat' dir='ltr'><strong>reiicitur,</strong></span> <span class='ocrx_word' id='word_1_58' title='bbox 621 1200 736 1260; x_wconf 89' lang='lat' dir='ltr'><strong>aut</strong></span> <span class='ocrx_word' id='word_1_59' title='bbox 778 1213 911 1260; x_wconf 90' lang='lat' dir='ltr'><strong>non</strong></span> <span class='ocrx_word' id='word_1_60' title='bbox 946 1191 1042 1260; x_wconf 89' lang='lat' dir='ltr'><strong>ita</strong></span> <span class='ocrx_word' id='word_1_61' title='bbox 1077 1193 1243 1261; x_wconf 87' lang='lat' dir='ltr'><strong>solet</strong></span> <span class='ocrx_word' id='word_1_62' title='bbox 1273 1192 1556 1261; x_wconf 80' lang='lat' dir='ltr'><strong>libenter</strong></span> <span class='ocrx_word' id='word_1_63' title='bbox 1598 1216 1683 1261; x_wconf 91' lang='lat' dir='ltr'><strong>au</strong></span> <span class='ocrx_word' id='word_1_64' title='bbox 1730 1195 1828 1260; x_wconf 89' lang='lat' dir='ltr'><strong>iri.</strong></span> <span class='ocrx_word' id='word_1_65' title='bbox 1899 1194 2085 1260; x_wconf 89' lang='lat' dir='ltr'><strong>Haec</strong></span> <span class='ocrx_word' id='word_1_66' title='bbox 2130 1191 2212 1259; x_wconf 90' lang='lat' dir='ltr'><strong>ad</strong></span> 
     </span>
     <span class='ocr_line' id='line_1_10' title="bbox 264 1280 2213 1364; baseline -0.001 -19"><span class='ocrx_word' id='word_1_67' title='bbox 264 1300 368 1345; x_wconf 93' lang='lat' dir='ltr'><strong>me</strong></span> <span class='ocrx_word' id='word_1_68' title='bbox 411 1280 811 1360; x_wconf 87' lang='lat' dir='ltr'><strong>scribuntur,</strong></span> <span class='ocrx_word' id='word_1_69' title='bbox 858 1287 925 1345; x_wconf 90' lang='lat' dir='ltr'><strong>et</strong></span> <span class='ocrx_word' id='word_1_70' title='bbox 955 1287 1175 1346; x_wconf 91' lang='lat' dir='ltr'><strong>metuo</strong></span> <span class='ocrx_word' id='word_1_71' title='bbox 1210 1300 1295 1347; x_wconf 91' lang='lat' dir='ltr'><strong>ne</strong></span> <span class='ocrx_word' id='word_1_72' title='bbox 1330 1281 1468 1347; x_wconf 90' lang='lat' dir='ltr'><strong>sint</strong></span> <span class='ocrx_word' id='word_1_73' title='bbox 1486 1301 1667 1347; x_wconf 84' lang='lat' dir='ltr'><strong>vera:</strong></span> <span class='ocrx_word' id='word_1_74' title='bbox 1716 1280 1846 1346; x_wconf 86' lang='lat' dir='ltr'><strong>tale</strong></span> <span class='ocrx_word' id='word_1_75' title='bbox 1868 1286 1969 1347; x_wconf 89' lang='lat' dir='ltr'><strong>est</strong></span> <span class='ocrx_word' id='word_1_76' title='bbox 2003 1299 2213 1364; x_wconf 80' lang='lat' dir='ltr'><strong>genus</strong></span> 
     </span>
     <span class='ocr_line' id='line_1_11' title="bbox 266 1364 2211 1452; baseline 0.001 -21"><span class='ocrx_word' id='word_1_77' title='bbox 266 1364 608 1436; x_wconf 86' lang='lat' dir='ltr'><strong>hominum</strong></span> <span class='ocrx_word' id='word_1_78' title='bbox 648 1372 715 1432; x_wconf 89' lang='lat' dir='ltr'><strong>et</strong></span> <span class='ocrx_word' id='word_1_79' title='bbox 755 1365 1189 1452; x_wconf 80' lang='lat' dir='ltr'><strong>ingeniorum.</strong></span> <span class='ocrx_word' id='word_1_80' title='bbox 1239 1401 2211 1415; x_wconf 77' lang='lat'>————————</span> 
     </span>
    </p>
   </div>
   <div class='ocr_carea' id='block_1_3' title="bbox 430 1504 1654 1591">
    <p class='ocr_par' dir='ltr' id='par_1_3' title="bbox 430 1504 1654 1591">
     <span class='ocr_line' id='line_1_12' title="bbox 430 1504 1654 1591; baseline -0.001 -22"><span class='ocrx_word' id='word_1_81' title='bbox 430 1504 780 1591; x_wconf 78' lang='lat' dir='ltr'><strong>Tubingae</strong></span> <span class='ocrx_word' id='word_1_82' title='bbox 824 1504 928 1570; x_wconf 92' lang='lat' dir='ltr'><strong>die</strong></span> <span class='ocrx_word' id='word_1_83' title='bbox 974 1510 1030 1569; x_wconf 87' lang='lat'><strong>5.</strong></span> <span class='ocrx_word' id='word_1_84' title='bbox 1078 1504 1423 1571; x_wconf 78' lang='lat' dir='ltr'><strong>Februarii</strong></span> <span class='ocrx_word' id='word_1_85' title='bbox 1476 1507 1654 1569; x_wconf 76' lang='lat'>1562.</span> 
     </span>
    </p>
   </div>
   <div class='ocr_carea' id='block_1_4' title="bbox 631 1640 2218 1813">
    <p class='ocr_par' dir='ltr' id='par_1_4' title="bbox 631 1640 2218 1813">
     <span class='ocr_line' id='line_1_13' title="bbox 631 1640 2218 1709; baseline -0.001 -2"><span class='ocrx_word' id='word_1_86' title='bbox 631 1640 1124 1709; x_wconf 86' lang='lat' dir='ltr'><strong>Illustrissimae</strong></span> <span class='ocrx_word' id='word_1_87' title='bbox 1170 1641 1595 1708; x_wconf 83' lang='lat' dir='ltr'><strong>Oelsitudinis</strong></span> <span class='ocrx_word' id='word_1_88' title='bbox 1639 1649 1895 1708; x_wconf 83' lang='lat' dir='ltr'><strong>vestrae</strong></span> <span class='ocrx_word' id='word_1_89' title='bbox 1938 1640 2218 1707; x_wconf 78' lang='lat' dir='ltr'><strong>servitor</strong></span> 
     </span>
     <span class='ocr_line' id='line_1_14' title="bbox 1173 1726 1550 1813; baseline 0 -22"><span class='ocrx_word' id='word_1_90' title='bbox 1173 1726 1550 1813; x_wconf 75' lang='lat' dir='ltr'><strong>vergerius.</strong></span> 
     </span>
    </p>
   </div>
   <div class='ocr_carea' id='block_1_5' title="bbox 888 2240 1605 2446">
    <p class='ocr_par' dir='ltr' id='par_1_5' title="bbox 888 2240 1605 2446">
     <span class='ocr_line' id='line_1_15' title="bbox 1180 2240 1367 2311; baseline 0.011 -2"><span class='ocrx_word' id='word_1_91' title='bbox 1180 2240 1367 2311; x_wconf 75' lang='lat'><strong>3711.</strong></span> 
     </span>
     <span class='ocr_line' id='line_1_16' title="bbox 888 2376 1605 2446; baseline -0.001 -2"><span class='ocrx_word' id='word_1_92' title='bbox 888 2376 1246 2446; x_wconf 77' lang='lat' dir='ltr'><strong>ZANOUS</strong></span> <span class='ocrx_word' id='word_1_93' title='bbox 1284 2378 1605 2444; x_wconf 84' lang='lat' dir='ltr'><strong>BEZAE.</strong></span> 
     </span>
    </p>
   </div>
   <div class='ocr_carea' id='block_1_6' title="bbox 279 2548 2223 2723">
    <p class='ocr_par' dir='ltr' id='par_1_6' title="bbox 279 2548 2223 2723">
     <span class='ocr_line' id='line_1_17' title="bbox 279 2548 2223 2723; baseline -0.002 -106"><span class='ocrx_word' id='word_1_94' title='bbox 279 2549 1084 2723; x_wconf 44' lang='lat' dir='ltr'><strong>zonqwljwlanmas</strong></span> <span class='ocrx_word' id='word_1_95' title='bbox 1137 2570 1240 2616; x_wconf 75' lang='lat' dir='ltr'><strong>res</strong></span> <span class='ocrx_word' id='word_1_96' title='bbox 1281 2550 1663 2633; x_wconf 76' lang='lat' dir='ltr'><strong>pertinentia</strong></span> <span class='ocrx_word' id='word_1_97' title='bbox 1718 2548 2101 2631; x_wconf 59' lang='lat' dir='ltr'><strong>camenus</strong></span> <span class='ocrx_word' id='word_1_98' title='bbox 2144 2567 2223 2613; x_wconf 74' lang='lat' dir='ltr'><strong>ex</strong></span> 
     </span>
     <span class='ocr_line' id='line_1_18' title="bbox 505 2660 855 2705; baseline -0.011 0"><span class='ocrx_word' id='word_1_99' title='bbox 505 2660 543 2705; x_wconf 84' lang='lat' dir='ltr'><strong>e</strong></span> <span class='ocrx_word' id='word_1_100' title='bbox 841 2685 855 2701; x_wconf 91' lang='lat'><strong>.</strong></span> 
     </span>
    </p>
   </div>
   <div class='ocr_carea' id='block_1_7' title="bbox 555 2805 1955 2879">
    <p class='ocr_par' dir='ltr' id='par_1_7' title="bbox 555 2805 1955 2879">
     <span class='ocr_line' id='line_1_19' title="bbox 555 2805 1955 2879; baseline -0.004 -14"><span class='ocrx_word' id='word_1_101' title='bbox 555 2810 665 2879; x_wconf 76' lang='lat' dir='ltr'><strong>(nx</strong></span> <span class='ocrx_word' id='word_1_102' title='bbox 702 2809 873 2865; x_wconf 80' lang='lat' dir='ltr'><strong>&#39;romo</strong></span> <span class='ocrx_word' id='word_1_103' title='bbox 909 2809 1061 2865; x_wconf 81' lang='lat' dir='ltr'><strong>vm.</strong></span> <span class='ocrx_word' id='word_1_104' title='bbox 1098 2809 1237 2879; x_wconf 80' lang='lat' dir='ltr'><strong>epp.</strong></span> <span class='ocrx_word' id='word_1_105' title='bbox 1277 2808 1479 2864; x_wconf 74' lang='lat' dir='ltr'><strong>anohi</strong></span> <span class='ocrx_word' id='word_1_106' title='bbox 1516 2808 1575 2863; x_wconf 84' lang='lat' dir='ltr'><strong>P.</strong></span> <span class='ocrx_word' id='word_1_107' title='bbox 1610 2806 1677 2861; x_wconf 88' lang='lat'><strong>11.</strong></span> <span class='ocrx_word' id='word_1_108' title='bbox 1716 2824 1767 2876; x_wconf 83' lang='lat' dir='ltr'><strong>p.</strong></span> <span class='ocrx_word' id='word_1_109' title='bbox 1807 2805 1955 2872; x_wconf 76' lang='lat' dir='ltr'><strong>les.)</strong></span> 
     </span>
    </p>
   </div>
   <div class='ocr_carea' id='block_1_8' title="bbox 280 3062 2228 5044">
    <p class='ocr_par' dir='ltr' id='par_1_8' title="bbox 280 3062 2224 3323">
     <span class='ocr_line' id='line_1_20' title="bbox 280 3062 2221 3148; baseline -0.004 -13"><span class='ocrx_word' id='word_1_110' title='bbox 280 3069 567 3135; x_wconf 87' lang='lat' dir='ltr'><strong>Bernam</strong></span> <span class='ocrx_word' id='word_1_111' title='bbox 610 3090 739 3134; x_wconf 92' lang='lat' dir='ltr'><strong>non</strong></span> <span class='ocrx_word' id='word_1_112' title='bbox 784 3068 941 3135; x_wconf 88' lang='lat' dir='ltr'><strong>veni</strong></span> <span class='ocrx_word' id='word_1_113' title='bbox 964 3072 1015 3148; x_wconf 88' lang='lat'><strong>¹)</strong></span> <span class='ocrx_word' id='word_1_114' title='bbox 1103 3067 1233 3148; x_wconf 87' lang='lat' dir='ltr'><strong>uia,</strong></span> <span class='ocrx_word' id='word_1_115' title='bbox 1290 3066 1490 3132; x_wconf 89' lang='lat' dir='ltr'><strong>misso</strong></span> <span class='ocrx_word' id='word_1_116' title='bbox 1536 3065 1779 3130; x_wconf 91' lang='lat' dir='ltr'><strong>nuncio</strong></span> <span class='ocrx_word' id='word_1_117' title='bbox 1837 3062 1919 3129; x_wconf 90' lang='lat' dir='ltr'><strong>ad</strong></span> <span class='ocrx_word' id='word_1_118' title='bbox 1964 3069 2221 3129; x_wconf 89' lang='lat' dir='ltr'><strong>nostros</strong></span> 
     </span>
     <span class='ocr_line' id='line_1_21' title="bbox 353 3147 2223 3236; baseline -0.004 -16"><span class='ocrx_word' id='word_1_119' title='bbox 353 3157 552 3229; x_wconf 85' lang='lat' dir='ltr'><strong>titum</strong></span> <span class='ocrx_word' id='word_1_120' title='bbox 596 3162 673 3220; x_wconf 90' lang='lat' dir='ltr'><strong>ut</strong></span> <span class='ocrx_word' id='word_1_121' title='bbox 714 3156 769 3221; x_wconf 90' lang='lat' dir='ltr'><strong>si</strong></span> <span class='ocrx_word' id='word_1_122' title='bbox 811 3174 917 3219; x_wconf 92' lang='lat' dir='ltr'><strong>me</strong></span> <span class='ocrx_word' id='word_1_123' title='bbox 957 3152 1066 3219; x_wconf 94' lang='lat' dir='ltr'><strong>nol</strong></span> <span class='ocrx_word' id='word_1_124' title='bbox 1094 3161 1210 3219; x_wconf 91' lang='lat' dir='ltr'><strong>ent</strong></span> <span class='ocrx_word' id='word_1_125' title='bbox 1230 3152 1636 3236; x_wconf 84' lang='lat' dir='ltr'><strong>Argentinae</strong></span> <span class='ocrx_word' id='word_1_126' title='bbox 1674 3149 1799 3216; x_wconf 90' lang='lat' dir='ltr'><strong>sibi</strong></span> <span class='ocrx_word' id='word_1_127' title='bbox 1834 3169 1956 3234; x_wconf 89' lang='lat' dir='ltr'><strong>pro</strong></span> <span class='ocrx_word' id='word_1_128' title='bbox 2000 3147 2223 3215; x_wconf 86' lang='lat' dir='ltr'><strong>schola</strong></span> 
     </span>
     <span class='ocr_line' id='line_1_22' title="bbox 370 3234 2224 3323; baseline -0.005 -16"><span class='ocrx_word' id='word_1_129' title='bbox 370 3244 599 3307; x_wconf 88' lang='lat' dir='ltr'><strong>rnensi</strong></span> <span class='ocrx_word' id='word_1_130' title='bbox 644 3240 1089 3318; x_wconf 88' lang='lat' dir='ltr'><strong>concederent,</strong></span> <span class='ocrx_word' id='word_1_131' title='bbox 1137 3260 1208 3305; x_wconf 92' lang='lat' dir='ltr'><strong>re</strong></span> <span class='ocrx_word' id='word_1_132' title='bbox 1249 3238 1393 3323; x_wconf 90' lang='lat' dir='ltr'><strong>ipsa</strong></span> <span class='ocrx_word' id='word_1_133' title='bbox 1432 3236 1759 3303; x_wconf 87' lang='lat' dir='ltr'><strong>testificati</strong></span> <span class='ocrx_word' id='word_1_134' title='bbox 1795 3241 1953 3301; x_wconf 89' lang='lat' dir='ltr'><strong>sunt</strong></span> <span class='ocrx_word' id='word_1_135' title='bbox 1993 3234 2224 3300; x_wconf 89' lang='lat' dir='ltr'><strong>Domi-</strong></span> 
     </span>
    </p>

    <p class='ocr_par' dir='ltr' id='par_1_9' title="bbox 281 3320 2222 3409">
     <span class='ocr_line' id='line_1_23' title="bbox 281 3320 2222 3409; baseline -0.005 -16"><span class='ocrx_word' id='word_1_136' title='bbox 281 3328 377 3393; x_wconf 87' lang='lat' dir='ltr'><strong>nis</strong></span> <span class='ocrx_word' id='word_1_137' title='bbox 429 3348 652 3393; x_wconf 85' lang='lat' dir='ltr'><strong>meam</strong></span> <span class='ocrx_word' id='word_1_138' title='bbox 700 3334 767 3392; x_wconf 92' lang='lat' dir='ltr'><strong>et</strong></span> <span class='ocrx_word' id='word_1_139' title='bbox 810 3345 1158 3409; x_wconf 79' lang='lat' dir='ltr'><strong>personam</strong></span> <span class='ocrx_word' id='word_1_140' title='bbox 1210 3333 1276 3390; x_wconf 90' lang='lat' dir='ltr'><strong>et</strong></span> <span class='ocrx_word' id='word_1_141' title='bbox 1321 3323 1685 3389; x_wconf 89' lang='lat' dir='ltr'><strong>doctrinam</strong></span> <span class='ocrx_word' id='word_1_142' title='bbox 1740 3320 1865 3388; x_wconf 89' lang='lat' dir='ltr'><strong>sibi</strong></span> <span class='ocrx_word' id='word_1_143' title='bbox 1923 3341 2053 3386; x_wconf 91' lang='lat' dir='ltr'><strong>non</strong></span> <span class='ocrx_word' id='word_1_144' title='bbox 2098 3320 2222 3384; x_wconf 93' lang='lat' dir='ltr'><strong>im-</strong></span> 
     </span>
    </p>

    <p class='ocr_par' dir='ltr' id='par_1_10' title="bbox 282 3407 2223 3496">
     <span class='ocr_line' id='line_1_24' title="bbox 282 3407 2223 3496; baseline -0.004 -17"><span class='ocrx_word' id='word_1_145' title='bbox 282 3414 552 3496; x_wconf 88' lang='lat' dir='ltr'><strong>probari.</strong></span> <span class='ocrx_word' id='word_1_146' title='bbox 643 3413 988 3479; x_wconf 79' lang='lat' dir='ltr'><strong>Genevam</strong></span> <span class='ocrx_word' id='word_1_147' title='bbox 1030 3411 1238 3476; x_wconf 87' lang='lat' dir='ltr'><strong>multo</strong></span> <span class='ocrx_word' id='word_1_148' title='bbox 1281 3410 1503 3475; x_wconf 90' lang='lat' dir='ltr'><strong>minus</strong></span> <span class='ocrx_word' id='word_1_149' title='bbox 1545 3408 1701 3474; x_wconf 84' lang='lat' dir='ltr'><strong>veni</strong></span> <span class='ocrx_word' id='word_1_150' title='bbox 1759 3408 1911 3491; x_wconf 89' lang='lat' dir='ltr'><strong>quia</strong></span> <span class='ocrx_word' id='word_1_151' title='bbox 1951 3407 2023 3472; x_wconf 92' lang='lat' dir='ltr'><strong>in</strong></span> <span class='ocrx_word' id='word_1_152' title='bbox 2069 3426 2223 3473; x_wconf 89' lang='lat' dir='ltr'><strong>con-</strong></span> 
     </span>
    </p>

    <p class='ocr_par' dir='ltr' id='par_1_11' title="bbox 281 3491 2225 3668">
     <span class='ocr_line' id='line_1_25' title="bbox 285 3491 2225 3583; baseline -0.003 -21"><span class='ocrx_word' id='word_1_153' title='bbox 285 3498 440 3565; x_wconf 75' lang='lat' dir='ltr'><strong>fesso</strong></span> <span class='ocrx_word' id='word_1_154' title='bbox 486 3508 593 3565; x_wconf 89' lang='lat' dir='ltr'><strong>est</strong></span> <span class='ocrx_word' id='word_1_155' title='bbox 650 3498 826 3583; x_wconf 90' lang='lat' dir='ltr'><strong>apud</strong></span> <span class='ocrx_word' id='word_1_156' title='bbox 883 3506 1133 3563; x_wconf 84' lang='lat' dir='ltr'><strong>vestros</strong></span> <span class='ocrx_word' id='word_1_157' title='bbox 1192 3516 1299 3560; x_wconf 94' lang='lat' dir='ltr'><strong>me</strong></span> <span class='ocrx_word' id='word_1_158' title='bbox 1353 3515 1487 3561; x_wconf 90' lang='lat' dir='ltr'><strong>non</strong></span> <span class='ocrx_word' id='word_1_159' title='bbox 1540 3493 1730 3559; x_wconf 88' lang='lat' dir='ltr'><strong>aliter</strong></span> <span class='ocrx_word' id='word_1_160' title='bbox 1789 3492 2087 3559; x_wconf 90' lang='lat' dir='ltr'><strong>docuisse</strong></span> <span class='ocrx_word' id='word_1_161' title='bbox 2144 3491 2225 3557; x_wconf 90' lang='lat' dir='ltr'><strong>de</strong></span> 
     </span>
     <span class='ocr_line' id='line_1_26' title="bbox 281 3581 2225 3668; baseline -0.006 -16"><span class='ocrx_word' id='word_1_162' title='bbox 281 3584 865 3665; x_wconf 77' lang='lat' dir='ltr'><strong>praedestinatione</strong></span> <span class='ocrx_word' id='word_1_163' title='bbox 918 3590 987 3649; x_wconf 93' lang='lat' dir='ltr'><strong>et</strong></span> <span class='ocrx_word' id='word_1_164' title='bbox 1039 3581 1526 3668; x_wconf 84' lang='lat' dir='ltr'><strong>perseverantia</strong></span> <span class='ocrx_word' id='word_1_165' title='bbox 1592 3584 1969 3646; x_wconf 90' lang='lat' dir='ltr'><strong>sanctorum</strong></span> <span class='ocrx_word' id='word_1_166' title='bbox 2029 3598 2225 3662; x_wconf 87' lang='lat' dir='ltr'><strong>quam</strong></span> 
     </span>
    </p>

    <p class='ocr_par' dir='ltr' id='par_1_12' title="bbox 287 3663 2228 3749">
     <span class='ocr_line' id='line_1_27' title="bbox 287 3663 2228 3749; baseline -0.004 -13"><span class='ocrx_word' id='word_1_167' title='bbox 287 3666 578 3738; x_wconf 75' lang='lat' dir='ltr'><strong>Calvinus</strong></span> <span class='ocrx_word' id='word_1_168' title='bbox 641 3678 709 3736; x_wconf 92' lang='lat' dir='ltr'><strong>et</strong></span> <span class='ocrx_word' id='word_1_169' title='bbox 763 3669 1036 3736; x_wconf 90' lang='lat' dir='ltr'><strong>ecclesia</strong></span> <span class='ocrx_word' id='word_1_170' title='bbox 1087 3667 1527 3736; x_wconf 79' lang='lat' dir='ltr'><strong>Genevensis:</strong></span> <span class='ocrx_word' id='word_1_171' title='bbox 1595 3666 1726 3731; x_wconf 93' lang='lat' dir='ltr'><strong>imo</strong></span> <span class='ocrx_word' id='word_1_172' title='bbox 1792 3684 1928 3730; x_wconf 93' lang='lat' dir='ltr'><strong>non</strong></span> <span class='ocrx_word' id='word_1_173' title='bbox 1989 3663 2228 3749; x_wconf 87' lang='lat' dir='ltr'><strong>puduit</strong></span> 
     </span>
    </p>

    <p class='ocr_par' dir='ltr' id='par_1_13' title="bbox 284 3749 2225 3839">
     <span class='ocr_line' id='line_1_28' title="bbox 284 3749 2225 3839; baseline -0.003 -18"><span class='ocrx_word' id='word_1_174' title='bbox 284 3754 606 3824; x_wconf 85' lang='lat' dir='ltr'><strong>hominem</strong></span> <span class='ocrx_word' id='word_1_175' title='bbox 627 3762 684 3836; x_wconf 81' lang='lat'><strong>²)</strong></span> <span class='ocrx_word' id='word_1_176' title='bbox 729 3755 943 3821; x_wconf 90' lang='lat' dir='ltr'><strong>dicere</strong></span> <span class='ocrx_word' id='word_1_177' title='bbox 984 3755 1058 3819; x_wconf 89' lang='lat' dir='ltr'><strong>in</strong></span> <span class='ocrx_word' id='word_1_178' title='bbox 1097 3753 1404 3839; x_wconf 81' lang='lat' dir='ltr'><strong>Capitulo</strong></span> <span class='ocrx_word' id='word_1_179' title='bbox 1449 3773 1553 3818; x_wconf 92' lang='lat' dir='ltr'><strong>me</strong></span> <span class='ocrx_word' id='word_1_180' title='bbox 1597 3770 1826 3817; x_wconf 89' lang='lat' dir='ltr'><strong>omnes</strong></span> <span class='ocrx_word' id='word_1_181' title='bbox 1855 3771 2035 3816; x_wconf 89' lang='lat' dir='ltr'><strong>meas</strong></span> <span class='ocrx_word' id='word_1_182' title='bbox 2072 3749 2225 3815; x_wconf 89' lang='lat' dir='ltr'><strong>hae-</strong></span> 
     </span>
    </p>

    <p class='ocr_par' dir='ltr' id='par_1_14' title="bbox 283 3836 2225 4097">
     <span class='ocr_line' id='line_1_29' title="bbox 284 3836 2223 3917; baseline -0.002 -12"><span class='ocrx_word' id='word_1_183' title='bbox 284 3862 445 3909; x_wconf 86' lang='lat' dir='ltr'><strong>reses</strong></span> <span class='ocrx_word' id='word_1_184' title='bbox 488 3843 749 3909; x_wconf 82' lang='lat' dir='ltr'><strong>suxisse</strong></span> <span class='ocrx_word' id='word_1_185' title='bbox 807 3861 892 3907; x_wconf 83' lang='lat' dir='ltr'><strong>ex</strong></span> <span class='ocrx_word' id='word_1_186' title='bbox 940 3838 1200 3908; x_wconf 81' lang='lat' dir='ltr'><strong>Calvino</strong></span> <span class='ocrx_word' id='word_1_187' title='bbox 1255 3847 1323 3906; x_wconf 87' lang='lat' dir='ltr'><strong>et</strong></span> <span class='ocrx_word' id='word_1_188' title='bbox 1378 3838 1589 3904; x_wconf 66' lang='lat' dir='ltr'><strong>Besae</strong></span> <span class='ocrx_word' id='word_1_189' title='bbox 1642 3836 1843 3903; x_wconf 88' lang='lat' dir='ltr'><strong>libris.</strong></span> <span class='ocrx_word' id='word_1_190' title='bbox 1945 3836 2098 3917; x_wconf 67' lang='lat' dir='ltr'><strong>Qua</strong></span> <span class='ocrx_word' id='word_1_191' title='bbox 2150 3836 2223 3901; x_wconf 92' lang='lat' dir='ltr'><strong>in</strong></span> 
     </span>
     <span class='ocr_line' id='line_1_30' title="bbox 283 3922 2225 4011; baseline -0.004 -18"><span class='ocrx_word' id='word_1_192' title='bbox 283 3947 367 4006; x_wconf 89' lang='lat' dir='ltr'><strong>re,</strong></span> <span class='ocrx_word' id='word_1_193' title='bbox 407 3929 569 3994; x_wconf 90' lang='lat' dir='ltr'><strong>dum</strong></span> <span class='ocrx_word' id='word_1_194' title='bbox 626 3928 834 3996; x_wconf 83' lang='lat' dir='ltr'><strong>voluit</strong></span> <span class='ocrx_word' id='word_1_195' title='bbox 889 3947 997 3993; x_wconf 93' lang='lat' dir='ltr'><strong>me</strong></span> <span class='ocrx_word' id='word_1_196' title='bbox 1053 3946 1331 4011; x_wconf 81' lang='lat' dir='ltr'><strong>gravare</strong></span> <span class='ocrx_word' id='word_1_197' title='bbox 1389 3923 1561 4010; x_wconf 89' lang='lat' dir='ltr'><strong>apud</strong></span> <span class='ocrx_word' id='word_1_198' title='bbox 1621 3922 1921 4009; x_wconf 81' lang='lat' dir='ltr'><strong>collegas,</strong></span> <span class='ocrx_word' id='word_1_199' title='bbox 1980 3942 2225 4007; x_wconf 78' lang='lat' dir='ltr'><strong>magna</strong></span> 
     </span>
     <span class='ocr_line' id='line_1_31' title="bbox 283 4012 2213 4097; baseline -0.004 -18"><span class='ocrx_word' id='word_1_200' title='bbox 283 4033 380 4081; x_wconf 91' lang='lat' dir='ltr'><strong>me</strong></span> <span class='ocrx_word' id='word_1_201' title='bbox 420 4015 639 4081; x_wconf 89' lang='lat' dir='ltr'><strong>affecit</strong></span> <span class='ocrx_word' id='word_1_202' title='bbox 681 4013 877 4081; x_wconf 89' lang='lat' dir='ltr'><strong>laude</strong></span> <span class='ocrx_word' id='word_1_203' title='bbox 932 4012 1105 4097; x_wconf 88' lang='lat' dir='ltr'><strong>apud</strong></span> <span class='ocrx_word' id='word_1_204' title='bbox 1159 4012 1437 4078; x_wconf 90' lang='lat' dir='ltr'><strong>eosdem.</strong></span> <span class='ocrx_word' id='word_1_205' title='bbox 1486 4044 2213 4059; x_wconf 78' lang='lat'>——————</span> 
     </span>
    </p>

    <p class='ocr_par' dir='ltr' id='par_1_15' title="bbox 285 4094 2224 4509">
     <span class='ocr_line' id='line_1_32' title="bbox 442 4094 2218 4181; baseline -0.005 -15"><span class='ocrx_word' id='word_1_206' title='bbox 442 4101 805 4172; x_wconf 69' lang='lat' dir='ltr'><strong>Heshusius</strong></span> <span class='ocrx_word' id='word_1_207' title='bbox 824 4103 876 4177; x_wconf 82' lang='lat'><strong>³)</strong></span> <span class='ocrx_word' id='word_1_208' title='bbox 933 4098 1137 4165; x_wconf 83' lang='lat' dir='ltr'><strong>edidit</strong></span> <span class='ocrx_word' id='word_1_209' title='bbox 1196 4098 1688 4181; x_wconf 87' lang='lat' dir='ltr'><strong>responsionem</strong></span> <span class='ocrx_word' id='word_1_210' title='bbox 1733 4094 1815 4161; x_wconf 89' lang='lat' dir='ltr'><strong>ad</strong></span> <span class='ocrx_word' id='word_1_211' title='bbox 1874 4102 2073 4174; x_wconf 89' lang='lat' dir='ltr'><strong>tuam,</strong></span> <span class='ocrx_word' id='word_1_212' title='bbox 2133 4094 2218 4159; x_wconf 91' lang='lat' dir='ltr'><strong>D.</strong></span> 
     </span>
     <span class='ocr_line' id='line_1_33' title="bbox 287 4181 2224 4269; baseline -0.005 -16"><span class='ocrx_word' id='word_1_213' title='bbox 287 4183 547 4264; x_wconf 69' lang='lat' dir='ltr'><strong>Caluini,</strong></span> <span class='ocrx_word' id='word_1_214' title='bbox 590 4186 875 4269; x_wconf 71' lang='lat' dir='ltr'><strong>Boquini</strong></span> <span class='ocrx_word' id='word_1_215' title='bbox 908 4195 975 4251; x_wconf 87' lang='lat' dir='ltr'><strong>et</strong></span> <span class='ocrx_word' id='word_1_216' title='bbox 1023 4183 1269 4256; x_wconf 77' lang='lat' dir='ltr'><strong>C&#39;lebitii</strong></span> <span class='ocrx_word' id='word_1_217' title='bbox 1311 4182 1510 4249; x_wconf 90' lang='lat' dir='ltr'><strong>simul</strong></span> <span class='ocrx_word' id='word_1_218' title='bbox 1554 4183 1770 4249; x_wconf 90' lang='lat' dir='ltr'><strong>libros.</strong></span> <span class='ocrx_word' id='word_1_219' title='bbox 1830 4181 1957 4247; x_wconf 82' lang='lat' dir='ltr'><strong>Est</strong></span> <span class='ocrx_word' id='word_1_220' title='bbox 1990 4188 2224 4265; x_wconf 88' lang='lat' dir='ltr'><strong>quarta</strong></span> 
     </span>
     <span class='ocr_line' id='line_1_34' title="bbox 285 4267 2220 4352; baseline -0.003 -16"><span class='ocrx_word' id='word_1_221' title='bbox 285 4272 481 4340; x_wconf 83' lang='lat' dir='ltr'><strong>forma</strong></span> <span class='ocrx_word' id='word_1_222' title='bbox 526 4273 689 4340; x_wconf 90' lang='lat' dir='ltr'><strong>bene</strong></span> <span class='ocrx_word' id='word_1_223' title='bbox 735 4273 909 4338; x_wconf 90' lang='lat' dir='ltr'><strong>altus</strong></span> <span class='ocrx_word' id='word_1_224' title='bbox 965 4272 1148 4337; x_wconf 86' lang='lat' dir='ltr'><strong>liber.</strong></span> <span class='ocrx_word' id='word_1_225' title='bbox 1254 4269 1475 4336; x_wconf 88' lang='lat' dir='ltr'><strong>Unum</strong></span> <span class='ocrx_word' id='word_1_226' title='bbox 1500 4269 1507 4280; x_wconf 85' lang='lat'>&#39;</span> <span class='ocrx_word' id='word_1_227' title='bbox 1529 4267 1900 4352; x_wconf 86' lang='lat' dir='ltr'><strong>exemplum</strong></span> <span class='ocrx_word' id='word_1_228' title='bbox 1962 4274 2220 4332; x_wconf 88' lang='lat' dir='ltr'><strong>tantum</strong></span> 
     </span>
     <span class='ocr_line' id='line_1_35' title="bbox 286 4351 2219 4509; baseline -0.004 -83"><span class='ocrx_word' id='word_1_229' title='bbox 286 4355 403 4509; x_wconf 53' lang='grc' dir='ltr'><strong>Ῐόιέιο</strong></span> <span class='ocrx_word' id='word_1_230' title='bbox 444 4359 570 4425; x_wconf 74' lang='lat' dir='ltr'><strong>fuit</strong></span> <span class='ocrx_word' id='word_1_231' title='bbox 612 4368 863 4425; x_wconf 88' lang='lat' dir='ltr'><strong>secreto</strong></span> <span class='ocrx_word' id='word_1_232' title='bbox 908 4356 1182 4422; x_wconf 86' lang='lat' dir='ltr'><strong>allatum</strong></span> <span class='ocrx_word' id='word_1_233' title='bbox 1232 4365 1299 4422; x_wconf 84' lang='lat' dir='ltr'><strong>et</strong></span> <span class='ocrx_word' id='word_1_234' title='bbox 1340 4355 1500 4421; x_wconf 90' lang='lat' dir='ltr'><strong>illud</strong></span> <span class='ocrx_word' id='word_1_235' title='bbox 1544 4356 1817 4420; x_wconf 89' lang='lat' dir='ltr'><strong>missum</strong></span> <span class='ocrx_word' id='word_1_236' title='bbox 1863 4361 1966 4419; x_wconf 89' lang='lat' dir='ltr'><strong>est</strong></span> <span class='ocrx_word' id='word_1_237' title='bbox 2007 4351 2091 4419; x_wconf 89' lang='lat' dir='ltr'><strong>ad</strong></span> <span class='ocrx_word' id='word_1_238' title='bbox 2134 4353 2219 4418; x_wconf 89' lang='lat' dir='ltr'><strong>D.</strong></span> 
     </span>
    </p>

    <p class='ocr_par' dir='ltr' id='par_1_16' title="bbox 394 4465 620 4510">
     <span class='ocr_line' id='line_1_36' title="bbox 394 4465 620 4510; baseline 0.004 -1"><span class='ocrx_word' id='word_1_239' title='bbox 394 4465 620 4510; x_wconf 67' lang='lat' dir='ltr'><strong>vinum.</strong></span> 
     </span>
    </p>

    <p class='ocr_par' dir='ltr' id='par_1_17' title="bbox 287 4525 2227 4873">
     <span class='ocr_line' id='line_1_37' title="bbox 444 4525 2220 4614; baseline -0.003 -19"><span class='ocrx_word' id='word_1_240' title='bbox 444 4531 720 4598; x_wconf 87' lang='lat' dir='ltr'><strong>Decimo</strong></span> <span class='ocrx_word' id='word_1_241' title='bbox 763 4530 988 4614; x_wconf 90' lang='lat' dir='ltr'><strong>quinto</strong></span> <span class='ocrx_word' id='word_1_242' title='bbox 1044 4529 1239 4595; x_wconf 89' lang='lat' dir='ltr'><strong>huius</strong></span> <span class='ocrx_word' id='word_1_243' title='bbox 1280 4528 1527 4593; x_wconf 90' lang='lat' dir='ltr'><strong>mensis</strong></span> <span class='ocrx_word' id='word_1_244' title='bbox 1571 4525 1933 4591; x_wconf 86' lang='lat' dir='ltr'><strong>Zaberniae</strong></span> <span class='ocrx_word' id='word_1_245' title='bbox 1985 4545 2220 4590; x_wconf 83' lang='lat' dir='ltr'><strong>conve-</strong></span> 
     </span>
     <span class='ocr_line' id='line_1_38' title="bbox 288 4610 2224 4701; baseline -0.001 -23"><span class='ocrx_word' id='word_1_246' title='bbox 288 4615 463 4680; x_wconf 90' lang='lat' dir='ltr'><strong>nient</strong></span> <span class='ocrx_word' id='word_1_247' title='bbox 481 4616 800 4701; x_wconf 88' lang='lat' dir='ltr'><strong>Princeps</strong></span> <span class='ocrx_word' id='word_1_248' title='bbox 837 4614 1408 4699; x_wconf 70' lang='lat' dir='ltr'><strong>Wmemberyensis</strong></span> <span class='ocrx_word' id='word_1_249' title='bbox 1442 4632 1585 4678; x_wconf 89' lang='lat' dir='ltr'><strong>cum</strong></span> <span class='ocrx_word' id='word_1_250' title='bbox 1610 4610 1875 4678; x_wconf 81' lang='lat' dir='ltr'><strong>Brentio</strong></span> <span class='ocrx_word' id='word_1_251' title='bbox 1910 4618 1977 4677; x_wconf 91' lang='lat' dir='ltr'><strong>et</strong></span> <span class='ocrx_word' id='word_1_252' title='bbox 2003 4619 2224 4677; x_wconf 83' lang='lat' dir='ltr'><strong>vester</strong></span> 
     </span>
     <span class='ocr_line' id='line_1_39' title="bbox 287 4697 2225 4776; baseline -0.001 -13"><span class='ocrx_word' id='word_1_253' title='bbox 287 4698 414 4765; x_wconf 81' lang='lat' dir='ltr'><strong>dux</strong></span> <span class='ocrx_word' id='word_1_254' title='bbox 462 4701 817 4770; x_wconf 69' lang='lat' dir='ltr'><strong>Gai-cianus</strong></span> <span class='ocrx_word' id='word_1_255' title='bbox 874 4722 1026 4769; x_wconf 87' lang='lat' dir='ltr'><strong>cum</strong></span> <span class='ocrx_word' id='word_1_256' title='bbox 1068 4702 1270 4767; x_wconf 87' lang='lat' dir='ltr'><strong>fratre</strong></span> <span class='ocrx_word' id='word_1_257' title='bbox 1315 4698 1668 4775; x_wconf 86' lang='lat' dir='ltr'><strong>Gardinali,</strong></span> <span class='ocrx_word' id='word_1_258' title='bbox 1729 4697 2075 4764; x_wconf 75' lang='lat' dir='ltr'><strong>tractaturi</strong></span> <span class='ocrx_word' id='word_1_259' title='bbox 2122 4702 2225 4776; x_wconf 91' lang='lat' dir='ltr'><strong>(ut</strong></span> 
     </span>
     <span class='ocr_line' id='line_1_40' title="bbox 287 4785 2227 4873; baseline -0.002 -22"><span class='ocrx_word' id='word_1_260' title='bbox 287 4785 511 4863; x_wconf 85' lang='lat' dir='ltr'><strong>fertur)</strong></span> <span class='ocrx_word' id='word_1_261' title='bbox 555 4788 636 4855; x_wconf 90' lang='lat' dir='ltr'><strong>de</strong></span> <span class='ocrx_word' id='word_1_262' title='bbox 680 4788 960 4873; x_wconf 87' lang='lat' dir='ltr'><strong>quodam</strong></span> <span class='ocrx_word' id='word_1_263' title='bbox 1017 4787 1446 4853; x_wconf 80' lang='lat' dir='ltr'><strong>matrimonio,</strong></span> <span class='ocrx_word' id='word_1_264' title='bbox 1511 4817 2227 4836; x_wconf 79' lang='lat'>——————</span> 
     </span>
    </p>

    <p class='ocr_par' dir='ltr' id='par_1_18' title="bbox 292 4869 2222 5044">
     <span class='ocr_line' id='line_1_41' title="bbox 446 4869 2222 4960; baseline -0.005 -20"><span class='ocrx_word' id='word_1_265' title='bbox 446 4874 706 4960; x_wconf 79' lang='lat' dir='ltr'><strong>Religio</strong></span> <span class='ocrx_word' id='word_1_266' title='bbox 752 4874 1126 4941; x_wconf 86' lang='lat' dir='ltr'><strong>felicissime</strong></span> <span class='ocrx_word' id='word_1_267' title='bbox 1179 4872 1466 4940; x_wconf 84' lang='lat' dir='ltr'><strong>succedit</strong></span> <span class='ocrx_word' id='word_1_268' title='bbox 1516 4872 1590 4936; x_wconf 91' lang='lat' dir='ltr'><strong>in</strong></span> <span class='ocrx_word' id='word_1_269' title='bbox 1647 4870 2062 4936; x_wconf 85' lang='lat' dir='ltr'><strong>Palatinatu:</strong></span> <span class='ocrx_word' id='word_1_270' title='bbox 2119 4869 2222 4932; x_wconf 90' lang='lat' dir='ltr'><strong>in-</strong></span> 
     </span>
     <span class='ocr_line' id='line_1_42' title="bbox 292 4952 2222 5044; baseline -0.001 -22"><span class='ocrx_word' id='word_1_271' title='bbox 292 4959 513 5026; x_wconf 86' lang='lat' dir='ltr'><strong>stituta</strong></span> <span class='ocrx_word' id='word_1_272' title='bbox 554 4961 684 5026; x_wconf 90' lang='lat' dir='ltr'><strong>iam</strong></span> <span class='ocrx_word' id='word_1_273' title='bbox 730 4971 828 5027; x_wconf 89' lang='lat' dir='ltr'><strong>est</strong></span> <span class='ocrx_word' id='word_1_274' title='bbox 871 4961 961 5026; x_wconf 90' lang='lat' dir='ltr'><strong>ibi</strong></span> <span class='ocrx_word' id='word_1_275' title='bbox 1005 4969 1071 5025; x_wconf 87' lang='lat' dir='ltr'><strong>et</strong></span> <span class='ocrx_word' id='word_1_276' title='bbox 1112 4967 1375 5044; x_wconf 88' lang='lat' dir='ltr'><strong>recepta</strong></span> <span class='ocrx_word' id='word_1_277' title='bbox 1408 4958 1641 5024; x_wconf 86' lang='lat' dir='ltr'><strong>fractio</strong></span> <span class='ocrx_word' id='word_1_278' title='bbox 1685 4957 1890 5041; x_wconf 89' lang='lat' dir='ltr'><strong>panis.</strong></span> <span class='ocrx_word' id='word_1_279' title='bbox 1939 4954 2018 5021; x_wconf 92' lang='lat' dir='ltr'><strong>Id</strong></span> <span class='ocrx_word' id='word_1_280' title='bbox 2055 4952 2222 5038; x_wconf 86' lang='lat' dir='ltr'><strong>quod</strong></span> 
     </span>
    </p>
   </div>
   <div class='ocr_carea' id='block_1_9' title="bbox 292 5117 483 5131">
    <p class='ocr_par' dir='ltr' id='par_1_19' title="bbox 292 5117 483 5131">
     <span class='ocr_line' id='line_1_43' title="bbox 292 5117 483 5131; baseline 0 986"><span class='ocrx_word' id='word_1_281' title='bbox 292 5117 483 5131; x_wconf 95' lang='lat' dir='ltr'><strong> </strong></span> 
     </span>
    </p>
   </div>
   <div class='ocr_carea' id='block_1_10' title="bbox 554 5119 685 5130">
    <p class='ocr_par' dir='ltr' id='par_1_20' title="bbox 554 5119 685 5130">
     <span class='ocr_line' id='line_1_44' title="bbox 554 5119 685 5130; baseline 0 -4"><span class='ocrx_word' id='word_1_282' title='bbox 554 5119 685 5130; x_wconf 62' lang='lat'>—--...-</span> 
     </span>
    </p>
   </div>
   <div class='ocr_carea' id='block_1_11' title="bbox 294 5198 967 5405">
    <p class='ocr_par' dir='ltr' id='par_1_21' title="bbox 294 5198 967 5405">
     <span class='ocr_line' id='line_1_45' title="bbox 294 5198 826 5266; baseline 0.004 -13"><span class='ocrx_word' id='word_1_283' title='bbox 294 5198 445 5255; x_wconf 73' lang='lat' dir='ltr'><strong>am.</strong></span> <span class='ocrx_word' id='word_1_284' title='bbox 484 5203 536 5266; x_wconf 88' lang='lat'><strong>1)</strong></span> <span class='ocrx_word' id='word_1_285' title='bbox 575 5200 637 5252; x_wconf 87' lang='lat' dir='ltr'><strong>N.</strong></span> <span class='ocrx_word' id='word_1_286' title='bbox 674 5200 826 5255; x_wconf 87' lang='grc'><strong>3696.</strong></span> 
     </span>
     <span class='ocr_line' id='line_1_46' title="bbox 481 5270 967 5340; baseline -0.006 -15"><span class='ocrx_word' id='word_1_287' title='bbox 481 5271 540 5340; x_wconf 79' lang='lat'><strong>2)</strong></span> <span class='ocrx_word' id='word_1_288' title='bbox 578 5270 967 5326; x_wconf 66' lang='lat' dir='ltr'><strong>Mai-bachium.</strong></span> 
     </span>
     <span class='ocr_line' id='line_1_47' title="bbox 484 5338 831 5405; baseline -0.009 -10"><span class='ocrx_word' id='word_1_289' title='bbox 484 5340 542 5405; x_wconf 78' lang='lat'><strong>3)</strong></span> <span class='ocrx_word' id='word_1_290' title='bbox 582 5339 643 5393; x_wconf 88' lang='lat' dir='ltr'><strong>N.</strong></span> <span class='ocrx_word' id='word_1_291' title='bbox 680 5338 831 5394; x_wconf 80' lang='grc'><strong>3699.</strong></span> 
     </span>
    </p>
   </div>
   <div class='ocr_carea' id='block_1_12' title="bbox 1926 401 2597 470">
    <p class='ocr_par' dir='ltr' id='par_1_22' title="bbox 1926 401 2597 470">
     <span class='ocr_line' id='line_1_48' title="bbox 1926 401 2597 470; baseline -0.001 -1"><span class='ocrx_word' id='word_1_292' title='bbox 1926 404 2087 469; x_wconf 83' lang='grc'><strong>1562</strong></span> <span class='ocrx_word' id='word_1_293' title='bbox 2130 401 2597 470; x_wconf 73' lang='lat' dir='ltr'>FEBRUAR.</span> 
     </span>
    </p>
   </div>
   <div class='ocr_carea' id='block_1_13' title="bbox 2256 596 2296 5370">
    <p class='ocr_par' dir='ltr' id='par_1_23' title="bbox 2256 596 2296 5370">
     <span class='ocr_line' id='line_1_49' title="bbox 2256 596 2296 5370; baseline 0 0"><span class='ocrx_word' id='word_1_294' title='bbox 2256 596 2296 5370; x_wconf 95' lang='lat' dir='ltr'><strong> </strong></span> 
     </span>
    </p>
   </div>
   <div class='ocr_carea' id='block_1_14' title="bbox 4135 407 4266 472">
    <p class='ocr_par' dir='ltr' id='par_1_24' title="bbox 4135 407 4266 472">
     <span class='ocr_line' id='line_1_50' title="bbox 4135 407 4266 472; baseline -0.015 -1"><span class='ocrx_word' id='word_1_295' title='bbox 4135 407 4266 472; x_wconf 80' lang='lat'><strong>278</strong></span> 
     </span>
    </p>
   </div>
   <div class='ocr_carea' id='block_1_15' title="bbox 2311 589 4275 2222">
    <p class='ocr_par' dir='ltr' id='par_1_25' title="bbox 2311 589 4275 2222">
     <span class='ocr_line' id='line_1_51' title="bbox 2313 589 4268 678; baseline 0.001 -20"><span class='ocrx_word' id='word_1_296' title='bbox 2313 589 2394 658; x_wconf 93' lang='lat' dir='ltr'><strong>de</strong></span> <span class='ocrx_word' id='word_1_297' title='bbox 2437 589 2691 657; x_wconf 88' lang='lat' dir='ltr'><strong>ratione</strong></span> <span class='ocrx_word' id='word_1_298' title='bbox 2805 590 2820 606; x_wconf 75' lang='lat'><em>⁶</em></span> <span class='ocrx_word' id='word_1_299' title='bbox 2868 613 2954 659; x_wconf 89' lang='lat' dir='ltr'><strong>ua</strong></span> <span class='ocrx_word' id='word_1_300' title='bbox 2996 593 3376 661; x_wconf 86' lang='lat' dir='ltr'><strong>concordiae</strong></span> <span class='ocrx_word' id='word_1_301' title='bbox 3419 593 3740 678; x_wconf 83' lang='lat' dir='ltr'><strong>scripsisti</strong></span> <span class='ocrx_word' id='word_1_302' title='bbox 3782 591 3964 661; x_wconf 86' lang='lat' dir='ltr'><strong>cordi</strong></span> <span class='ocrx_word' id='word_1_303' title='bbox 3997 597 4097 660; x_wconf 89' lang='lat' dir='ltr'><strong>est</strong></span> <span class='ocrx_word' id='word_1_304' title='bbox 4134 592 4268 660; x_wconf 85' lang='lat' dir='ltr'><strong>Pa-</strong></span> 
     </span>
     <span class='ocr_line' id='line_1_52' title="bbox 2311 675 4264 746; baseline 0.002 -4"><span class='ocrx_word' id='word_1_305' title='bbox 2311 675 2509 742; x_wconf 80' lang='lat' dir='ltr'><strong>latino</strong></span> <span class='ocrx_word' id='word_1_306' title='bbox 2566 684 2633 742; x_wconf 89' lang='lat' dir='ltr'><strong>et</strong></span> <span class='ocrx_word' id='word_1_307' title='bbox 2688 675 2791 744; x_wconf 85' lang='lat' dir='ltr'><strong>La</strong></span> <span class='ocrx_word' id='word_1_308' title='bbox 2953 679 3111 746; x_wconf 82' lang='lat' dir='ltr'><strong>avio.</strong></span> <span class='ocrx_word' id='word_1_309' title='bbox 3212 679 3599 746; x_wconf 79' lang='lat' dir='ltr'><strong>Hotomanus</strong></span> <span class='ocrx_word' id='word_1_310' title='bbox 3675 678 3968 745; x_wconf 90' lang='lat' dir='ltr'><strong>nondum</strong></span> <span class='ocrx_word' id='word_1_311' title='bbox 4046 676 4264 746; x_wconf 87' lang='lat' dir='ltr'><strong>rediit.</strong></span> 
     </span>
     <span class='ocr_line' id='line_1_53' title="bbox 2313 762 4262 846; baseline 0.003 -19"><span class='ocrx_word' id='word_1_312' title='bbox 2313 762 2555 828; x_wconf 86' lang='lat' dir='ltr'><strong>Noster</strong></span> <span class='ocrx_word' id='word_1_313' title='bbox 2611 762 2859 846; x_wconf 76' lang='lat' dir='ltr'><strong>Arnolp</strong></span> <span class='ocrx_word' id='word_1_314' title='bbox 2997 769 3052 842; x_wconf 82' lang='lat'><strong>⁴)</strong></span> <span class='ocrx_word' id='word_1_315' title='bbox 3107 764 3521 831; x_wconf 79' lang='lat' dir='ltr'><strong>Francofurti</strong></span> <span class='ocrx_word' id='word_1_316' title='bbox 3576 785 3731 831; x_wconf 87' lang='lat' dir='ltr'><strong>suae</strong></span> <span class='ocrx_word' id='word_1_317' title='bbox 3790 762 3943 830; x_wconf 85' lang='lat' dir='ltr'><strong>fidei</strong></span> <span class='ocrx_word' id='word_1_318' title='bbox 4006 765 4262 832; x_wconf 83' lang='lat' dir='ltr'><strong>confes-</strong></span> 
     </span>
     <span class='ocr_line' id='line_1_54' title="bbox 2312 846 4270 935; baseline 0.002 -21"><span class='ocrx_word' id='word_1_319' title='bbox 2312 848 2563 914; x_wconf 87' lang='lat' dir='ltr'><strong>sionem</strong></span> <span class='ocrx_word' id='word_1_320' title='bbox 2620 846 2797 914; x_wconf 87' lang='lat' dir='ltr'><strong>dedit</strong></span> <span class='ocrx_word' id='word_1_321' title='bbox 2840 850 3116 930; x_wconf 88' lang='lat' dir='ltr'><strong>senatui,</strong></span> <span class='ocrx_word' id='word_1_322' title='bbox 3172 847 3287 917; x_wconf 90' lang='lat' dir='ltr'><strong>sed</strong></span> <span class='ocrx_word' id='word_1_323' title='bbox 3345 848 3639 917; x_wconf 86' lang='lat' dir='ltr'><strong>nondum</strong></span> <span class='ocrx_word' id='word_1_324' title='bbox 3694 856 3798 918; x_wconf 89' lang='lat' dir='ltr'><strong>est</strong></span> <span class='ocrx_word' id='word_1_325' title='bbox 3854 870 4270 935; x_wconf 77' lang='lat' dir='ltr'><strong>responsum.</strong></span> 
     </span>
     <span class='ocr_line' id='line_1_55' title="bbox 2312 934 3935 1019; baseline 0.001 -19"><span class='ocrx_word' id='word_1_326' title='bbox 2312 934 2622 1001; x_wconf 89' lang='lat' dir='ltr'><strong>Pastores</strong></span> <span class='ocrx_word' id='word_1_327' title='bbox 2665 934 2757 1002; x_wconf 90' lang='lat' dir='ltr'><strong>ibi</strong></span> <span class='ocrx_word' id='word_1_328' title='bbox 2797 934 2998 1002; x_wconf 91' lang='lat' dir='ltr'><strong>iidem</strong></span> <span class='ocrx_word' id='word_1_329' title='bbox 3042 940 3202 1002; x_wconf 89' lang='lat' dir='ltr'><strong>sunt</strong></span> <span class='ocrx_word' id='word_1_330' title='bbox 3243 955 3419 1001; x_wconf 89' lang='lat' dir='ltr'><strong>nunc</strong></span> <span class='ocrx_word' id='word_1_331' title='bbox 3460 934 3570 1019; x_wconf 91' lang='lat' dir='ltr'><strong>qui</strong></span> <span class='ocrx_word' id='word_1_332' title='bbox 3614 942 3681 1002; x_wconf 90' lang='lat' dir='ltr'><strong>et</strong></span> <span class='ocrx_word' id='word_1_333' title='bbox 3724 941 3935 1002; x_wconf 91' lang='lat' dir='ltr'><strong>antea.</strong></span> 
     </span>
     <span class='ocr_line' id='line_1_56' title="bbox 2484 1019 4264 1105; baseline 0.002 -20"><span class='ocrx_word' id='word_1_334' title='bbox 2484 1019 2827 1104; x_wconf 80' lang='lat' dir='ltr'><strong>Peregrini</strong></span> <span class='ocrx_word' id='word_1_335' title='bbox 2882 1020 3160 1088; x_wconf 82' lang='lat' dir='ltr'><strong>Flandri</strong></span> <span class='ocrx_word' id='word_1_336' title='bbox 3225 1022 3336 1105; x_wconf 90' lang='lat' dir='ltr'><strong>qui</strong></span> <span class='ocrx_word' id='word_1_337' title='bbox 3404 1027 3593 1087; x_wconf 90' lang='lat' dir='ltr'><strong>erant</strong></span> <span class='ocrx_word' id='word_1_338' title='bbox 3644 1020 3951 1087; x_wconf 76' lang='lat' dir='ltr'><strong>VezaIiae</strong></span> <span class='ocrx_word' id='word_1_339' title='bbox 4020 1022 4264 1100; x_wconf 86' lang='lat' dir='ltr'><strong>(nescio</strong></span> 
     </span>
     <span class='ocr_line' id='line_1_57' title="bbox 2315 1104 4265 1189; baseline 0.001 -19"><span class='ocrx_word' id='word_1_340' title='bbox 2315 1126 2400 1170; x_wconf 89' lang='lat' dir='ltr'><strong>an</strong></span> <span class='ocrx_word' id='word_1_341' title='bbox 2448 1104 2662 1172; x_wconf 87' lang='lat' dir='ltr'><strong>adhuc</strong></span> <span class='ocrx_word' id='word_1_342' title='bbox 2717 1105 2808 1171; x_wconf 90' lang='lat' dir='ltr'><strong>ibi</strong></span> <span class='ocrx_word' id='word_1_343' title='bbox 2863 1107 3024 1189; x_wconf 87' lang='lat' dir='ltr'><strong>sint)</strong></span> <span class='ocrx_word' id='word_1_344' title='bbox 3082 1108 3150 1173; x_wconf 92' lang='lat' dir='ltr'><strong>in</strong></span> <span class='ocrx_word' id='word_1_345' title='bbox 3208 1106 3498 1174; x_wconf 87' lang='lat' dir='ltr'><strong>maximo</strong></span> <span class='ocrx_word' id='word_1_346' title='bbox 3557 1105 3985 1173; x_wconf 84' lang='lat' dir='ltr'><strong>versabantur</strong></span> <span class='ocrx_word' id='word_1_347' title='bbox 4033 1106 4265 1174; x_wconf 89' lang='lat' dir='ltr'><strong>discri-</strong></span> 
     </span>
     <span class='ocr_line' id='line_1_58' title="bbox 2314 1189 4260 1275; baseline 0.002 -20"><span class='ocrx_word' id='word_1_348' title='bbox 2314 1191 2493 1256; x_wconf 92' lang='lat' dir='ltr'><strong>mine</strong></span> <span class='ocrx_word' id='word_1_349' title='bbox 2536 1211 2653 1275; x_wconf 89' lang='lat' dir='ltr'><strong>pro</strong></span> <span class='ocrx_word' id='word_1_350' title='bbox 2698 1199 2797 1257; x_wconf 91' lang='lat' dir='ltr'><strong>ter</strong></span> <span class='ocrx_word' id='word_1_351' title='bbox 2831 1213 2971 1258; x_wconf 91' lang='lat' dir='ltr'><strong>rem</strong></span> <span class='ocrx_word' id='word_1_352' title='bbox 3005 1192 3596 1262; x_wconf 87' lang='lat' dir='ltr'><strong>sacramentariam.</strong></span> <span class='ocrx_word' id='word_1_353' title='bbox 3650 1189 4045 1258; x_wconf 85' lang='lat' dir='ltr'><strong>Iubebantur</strong></span> <span class='ocrx_word' id='word_1_354' title='bbox 4083 1192 4260 1258; x_wconf 91' lang='lat' dir='ltr'><strong>enim</strong></span> 
     </span>
     <span class='ocr_line' id='line_1_59' title="bbox 2314 1276 4262 1345; baseline 0.001 -3"><span class='ocrx_word' id='word_1_355' title='bbox 2314 1277 2492 1342; x_wconf 89' lang='lat' dir='ltr'><strong>intra</strong></span> <span class='ocrx_word' id='word_1_356' title='bbox 2556 1277 2642 1342; x_wconf 90' lang='lat' dir='ltr'><strong>tri</strong></span> <span class='ocrx_word' id='word_1_357' title='bbox 2690 1298 2848 1343; x_wconf 90' lang='lat' dir='ltr'><strong>uum</strong></span> <span class='ocrx_word' id='word_1_358' title='bbox 2913 1285 3025 1344; x_wconf 88' lang='lat' dir='ltr'><strong>aut</strong></span> <span class='ocrx_word' id='word_1_359' title='bbox 3088 1277 3372 1345; x_wconf 87' lang='lat' dir='ltr'><strong>Lutheri</strong></span> <span class='ocrx_word' id='word_1_360' title='bbox 3428 1278 3792 1345; x_wconf 86' lang='lat' dir='ltr'><strong>sententiae</strong></span> <span class='ocrx_word' id='word_1_361' title='bbox 3856 1276 4262 1344; x_wconf 89' lang='lat' dir='ltr'><strong>subscribere</strong></span> 
     </span>
     <span class='ocr_line' id='line_1_60' title="bbox 2316 1362 4266 1446; baseline 0.001 -18"><span class='ocrx_word' id='word_1_362' title='bbox 2316 1369 2432 1429; x_wconf 89' lang='lat' dir='ltr'><strong>aut</strong></span> <span class='ocrx_word' id='word_1_363' title='bbox 2481 1384 2562 1429; x_wconf 85' lang='lat' dir='ltr'><strong>ex</strong></span> <span class='ocrx_word' id='word_1_364' title='bbox 2606 1362 2770 1429; x_wconf 92' lang='lat' dir='ltr'><strong>urbe</strong></span> <span class='ocrx_word' id='word_1_365' title='bbox 2815 1362 3159 1431; x_wconf 87' lang='lat' dir='ltr'><strong>discedere.</strong></span> <span class='ocrx_word' id='word_1_366' title='bbox 3187 1367 3238 1445; x_wconf 77' lang='lat'><strong>⁵)</strong></span> <span class='ocrx_word' id='word_1_367' title='bbox 3336 1362 3485 1446; x_wconf 79' lang='lat' dir='ltr'><strong>Quo</strong></span> <span class='ocrx_word' id='word_1_368' title='bbox 3538 1363 3609 1430; x_wconf 91' lang='lat' dir='ltr'><strong>in</strong></span> <span class='ocrx_word' id='word_1_369' title='bbox 3664 1369 3840 1430; x_wconf 88' lang='lat' dir='ltr'><strong>statu</strong></span> <span class='ocrx_word' id='word_1_370' title='bbox 3895 1362 3981 1428; x_wconf 91' lang='lat' dir='ltr'><strong>sit</strong></span> <span class='ocrx_word' id='word_1_371' title='bbox 4037 1370 4266 1430; x_wconf 88' lang='lat' dir='ltr'><strong>nostra</strong></span> 
     </span>
     <span class='ocr_line' id='line_1_61' title="bbox 2316 1448 4267 1532; baseline -0.001 -17"><span class='ocrx_word' id='word_1_372' title='bbox 2316 1468 2516 1515; x_wconf 86' lang='lat' dir='ltr'><strong>causa</strong></span> <span class='ocrx_word' id='word_1_373' title='bbox 2569 1448 2693 1529; x_wconf 89' lang='lat' dir='ltr'><strong>hic,</strong></span> <span class='ocrx_word' id='word_1_374' title='bbox 2765 1448 2934 1515; x_wconf 89' lang='lat' dir='ltr'><strong>nihil</strong></span> <span class='ocrx_word' id='word_1_375' title='bbox 2990 1451 3152 1517; x_wconf 88' lang='lat' dir='ltr'><strong>certi</strong></span> <span class='ocrx_word' id='word_1_376' title='bbox 3199 1450 3413 1516; x_wconf 90' lang='lat' dir='ltr'><strong>adhuc</strong></span> <span class='ocrx_word' id='word_1_377' title='bbox 3464 1450 3746 1516; x_wconf 89' lang='lat' dir='ltr'><strong>scribere</strong></span> <span class='ocrx_word' id='word_1_378' title='bbox 3795 1468 4076 1532; x_wconf 87' lang='lat' dir='ltr'><strong>possum,</strong></span> <span class='ocrx_word' id='word_1_379' title='bbox 4136 1449 4267 1514; x_wconf 89' lang='lat' dir='ltr'><strong>nisi</strong></span> 
     </span>
     <span class='ocr_line' id='line_1_62' title="bbox 2318 1535 4267 1619; baseline -0.001 -17"><span class='ocrx_word' id='word_1_380' title='bbox 2318 1542 2622 1602; x_wconf 88' lang='lat' dir='ltr'><strong>senatum</strong></span> <span class='ocrx_word' id='word_1_381' title='bbox 2667 1542 2963 1602; x_wconf 90' lang='lat' dir='ltr'><strong>nostrum</strong></span> <span class='ocrx_word' id='word_1_382' title='bbox 3006 1558 3139 1602; x_wconf 91' lang='lat' dir='ltr'><strong>non</strong></span> <span class='ocrx_word' id='word_1_383' title='bbox 3174 1556 3315 1601; x_wconf 88' lang='lat' dir='ltr'><strong>esse</strong></span> <span class='ocrx_word' id='word_1_384' title='bbox 3349 1556 3563 1619; x_wconf 90' lang='lat' dir='ltr'><strong>neque</strong></span> <span class='ocrx_word' id='word_1_385' title='bbox 3597 1535 3890 1619; x_wconf 87' lang='lat' dir='ltr'><strong>impium,</strong></span> <span class='ocrx_word' id='word_1_386' title='bbox 3928 1540 4005 1599; x_wconf 91' lang='lat' dir='ltr'><strong>ut</strong></span> <span class='ocrx_word' id='word_1_387' title='bbox 4036 1555 4267 1600; x_wconf 90' lang='lat' dir='ltr'><strong>sanam</strong></span> 
     </span>
     <span class='ocr_line' id='line_1_63' title="bbox 2319 1618 4265 1704; baseline 0 -19"><span class='ocrx_word' id='word_1_388' title='bbox 2319 1618 2686 1687; x_wconf 89' lang='lat' dir='ltr'><strong>doctrinam</strong></span> <span class='ocrx_word' id='word_1_389' title='bbox 2747 1620 2906 1687; x_wconf 85' lang='lat' dir='ltr'><strong>velit</strong></span> <span class='ocrx_word' id='word_1_390' title='bbox 2959 1620 3287 1702; x_wconf 88' lang='lat' dir='ltr'><strong>damnare,</strong></span> <span class='ocrx_word' id='word_1_391' title='bbox 3354 1641 3567 1704; x_wconf 89' lang='lat' dir='ltr'><strong>neque</strong></span> <span class='ocrx_word' id='word_1_392' title='bbox 3624 1619 3838 1688; x_wconf 84' lang='lat' dir='ltr'><strong>levem</strong></span> <span class='ocrx_word' id='word_1_393' title='bbox 3895 1626 3971 1685; x_wconf 89' lang='lat' dir='ltr'><strong>ut</strong></span> <span class='ocrx_word' id='word_1_394' title='bbox 4019 1620 4265 1704; x_wconf 90' lang='lat' dir='ltr'><strong>praeci·</strong></span> 
     </span>
     <span class='ocr_line' id='line_1_64' title="bbox 2317 1703 4269 1807; baseline 0 -35"><span class='ocrx_word' id='word_1_395' title='bbox 2317 1706 2607 1806; x_wconf 79' lang='lat' dir='ltr'><strong>pitanter</strong></span> <span class='ocrx_word' id='word_1_396' title='bbox 2663 1707 2750 1773; x_wconf 89' lang='lat' dir='ltr'><strong>sit</strong></span> <span class='ocrx_word' id='word_1_397' title='bbox 2795 1706 3037 1807; x_wconf 75' lang='lat' dir='ltr'><strong>aliquid</strong></span> <span class='ocrx_word' id='word_1_398' title='bbox 3093 1715 3386 1773; x_wconf 87' lang='lat' dir='ltr'><strong>acturus:</strong></span> <span class='ocrx_word' id='word_1_399' title='bbox 3442 1705 3684 1772; x_wconf 89' lang='lat' dir='ltr'><strong>multos</strong></span> <span class='ocrx_word' id='word_1_400' title='bbox 3740 1706 3937 1805; x_wconf 78' lang='lat' dir='ltr'><strong>etiam</strong></span> <span class='ocrx_word' id='word_1_401' title='bbox 3992 1706 4065 1771; x_wconf 90' lang='lat' dir='ltr'><strong>in</strong></span> <span class='ocrx_word' id='word_1_402' title='bbox 4130 1703 4269 1772; x_wconf 89' lang='lat' dir='ltr'><strong>dies</strong></span> 
     </span>
     <span class='ocr_line' id='line_1_65' title="bbox 2318 1791 4268 1962; baseline -0.001 -19"><span class='ocrx_word' id='word_1_403' title='bbox 2318 1812 2566 1944; x_wconf 53' lang='lat'><strong>3252</strong></span> <span class='ocrx_word' id='word_1_404' title='bbox 2586 1813 3227 1947; x_wconf 55' lang='grc' dir='ltr'><strong>ῗίοΐὲῗὲωῗᾞὲῗ</strong></span> <span class='ocrx_word' id='word_1_405' title='bbox 3239 1791 4268 1962; x_wconf 53' lang='lat' dir='ltr'><strong>oessffffmz‘mvffi‘zmffiaes</strong></span> 
     </span>
     <span class='ocr_line' id='line_1_66' title="bbox 2320 1961 4273 2050; baseline 0 -21"><span class='ocrx_word' id='word_1_406' title='bbox 2320 1962 2614 2048; x_wconf 71' lang='lat' dir='ltr'><strong>Martyre</strong></span> <span class='ocrx_word' id='word_1_407' title='bbox 2632 1968 2683 2041; x_wconf 77' lang='grc' dir='ltr'><strong>ο)</strong></span> <span class='ocrx_word' id='word_1_408' title='bbox 2728 1964 3035 2031; x_wconf 90' lang='lat' dir='ltr'><strong>edentulo</strong></span> <span class='ocrx_word' id='word_1_409' title='bbox 3084 1964 3346 2050; x_wconf 87' lang='lat' dir='ltr'><strong>quidem</strong></span> <span class='ocrx_word' id='word_1_410' title='bbox 3388 1961 3504 2030; x_wconf 89' lang='lat' dir='ltr'><strong>sed</strong></span> <span class='ocrx_word' id='word_1_411' title='bbox 3549 1982 3679 2029; x_wconf 91' lang='lat' dir='ltr'><strong>non</strong></span> <span class='ocrx_word' id='word_1_412' title='bbox 3736 1961 4004 2046; x_wconf 78' lang='lat' dir='ltr'><strong>elingui,</strong></span> <span class='ocrx_word' id='word_1_413' title='bbox 4063 1971 4130 2029; x_wconf 92' lang='lat' dir='ltr'><strong>et</strong></span> <span class='ocrx_word' id='word_1_414' title='bbox 4172 1963 4273 2029; x_wconf 88' lang='lat' dir='ltr'><strong>in-</strong></span> 
     </span>
     <span class='ocr_line' id='line_1_67' title="bbox 2321 2047 4273 2137; baseline -0.002 -20"><span class='ocrx_word' id='word_1_415' title='bbox 2321 2047 2697 2117; x_wconf 90' lang='lat' dir='ltr'><strong>credibilem</strong></span> <span class='ocrx_word' id='word_1_416' title='bbox 2756 2053 2898 2137; x_wconf 90' lang='lat' dir='ltr'><strong>cepi</strong></span> <span class='ocrx_word' id='word_1_417' title='bbox 2957 2071 3040 2116; x_wconf 78' lang='lat' dir='ltr'><strong>ex</strong></span> <span class='ocrx_word' id='word_1_418' title='bbox 3097 2052 3237 2118; x_wconf 91' lang='lat' dir='ltr'><strong>eius</strong></span> <span class='ocrx_word' id='word_1_419' title='bbox 3295 2069 3596 2118; x_wconf 90' lang='lat' dir='ltr'><strong>sermone</strong></span> <span class='ocrx_word' id='word_1_420' title='bbox 3659 2047 3898 2127; x_wconf 85' lang='lat' dir='ltr'><strong>(multa</strong></span> <span class='ocrx_word' id='word_1_421' title='bbox 3959 2048 4137 2113; x_wconf 91' lang='lat' dir='ltr'><strong>enim</strong></span> <span class='ocrx_word' id='word_1_422' title='bbox 4193 2047 4273 2114; x_wconf 91' lang='lat' dir='ltr'><strong>de</strong></span> 
     </span>
     <span class='ocr_line' id='line_1_68' title="bbox 2322 2134 4275 2222; baseline -0.002 -19"><span class='ocrx_word' id='word_1_423' title='bbox 2322 2142 2545 2203; x_wconf 84' lang='lat' dir='ltr'><strong>vestra</strong></span> <span class='ocrx_word' id='word_1_424' title='bbox 2589 2134 2810 2203; x_wconf 83' lang='lat' dir='ltr'><strong>Gallia</strong></span> <span class='ocrx_word' id='word_1_425' title='bbox 2856 2137 3177 2221; x_wconf 85' lang='lat' dir='ltr'><strong>narravit)</strong></span> <span class='ocrx_word' id='word_1_426' title='bbox 3224 2135 3646 2222; x_wconf 83' lang='lat' dir='ltr'><strong>voluptatem.</strong></span> <span class='ocrx_word' id='word_1_427' title='bbox 3691 2167 4275 2182; x_wconf 73' lang='lat'>—————</span> 
     </span>
    </p>
   </div>
   <div class='ocr_carea' id='block_1_16' title="bbox 2321 2255 3664 2273">
    <p class='ocr_par' dir='ltr' id='par_1_26' title="bbox 2321 2255 3664 2273">
     <span class='ocr_line' id='line_1_69' title="bbox 2321 2255 3664 2273; baseline -0.005 0"><span class='ocrx_word' id='word_1_428' title='bbox 2321 2255 3664 2273; x_wconf 72' lang='lat'>—--——————--——</span> 
     </span>
    </p>
   </div>
   <div class='ocr_carea' id='block_1_17' title="bbox 2497 2308 3117 2394">
    <p class='ocr_par' dir='ltr' id='par_1_27' title="bbox 2497 2308 3117 2394">
     <span class='ocr_line' id='line_1_70' title="bbox 2497 2308 3117 2394; baseline -0.002 -20"><span class='ocrx_word' id='word_1_429' title='bbox 2497 2310 2772 2394; x_wconf 80' lang='lat' dir='ltr'><strong>Argent.</strong></span> <span class='ocrx_word' id='word_1_430' title='bbox 2822 2312 2877 2372; x_wconf 84' lang='lat'><strong>5.</strong></span> <span class='ocrx_word' id='word_1_431' title='bbox 2921 2308 3117 2375; x_wconf 79' lang='lat' dir='ltr'><strong>Febr.</strong></span> 
     </span>
    </p>
   </div>
   <div class='ocr_carea' id='block_1_18' title="bbox 3133 2599 3532 2609">
    <p class='ocr_par' dir='ltr' id='par_1_28' title="bbox 3133 2599 3532 2609">
     <span class='ocr_line' id='line_1_71' title="bbox 3133 2599 3532 2609; baseline 0.003 -3"><span class='ocrx_word' id='word_1_432' title='bbox 3133 2599 3532 2609; x_wconf 63' lang='lat'><strong>——0</strong></span> 
     </span>
    </p>
   </div>
   <div class='ocr_carea' id='block_1_19' title="bbox 2821 2834 3783 3059">
    <p class='ocr_par' dir='ltr' id='par_1_29' title="bbox 2821 2834 3783 3059">
     <span class='ocr_line' id='line_1_72' title="bbox 3210 2834 3400 2907; baseline 0.016 -3"><span class='ocrx_word' id='word_1_433' title='bbox 3210 2834 3400 2907; x_wconf 76' lang='lat'><strong>3712.</strong></span> 
     </span>
     <span class='ocr_line' id='line_1_73' title="bbox 2821 2987 3783 3059; baseline -0.004 0"><span class='ocrx_word' id='word_1_434' title='bbox 2821 2987 3299 3059; x_wconf 80' lang='lat' dir='ltr'><strong>SULZERUS</strong></span> <span class='ocrx_word' id='word_1_435' title='bbox 3346 2987 3783 3057; x_wconf 85' lang='lat' dir='ltr'>OALVINO.</span> 
     </span>
    </p>
   </div>
   <div class='ocr_carea' id='block_1_20' title="bbox 2325 3160 4284 3679">
    <p class='ocr_par' dir='ltr' id='par_1_30' title="bbox 2325 3160 4284 3679">
     <span class='ocr_line' id='line_1_74' title="bbox 2506 3160 4283 3248; baseline -0.001 -17"><span class='ocrx_word' id='word_1_436' title='bbox 2506 3164 2736 3231; x_wconf 81' lang='lat' dir='ltr'><strong>Tradit</strong></span> <span class='ocrx_word' id='word_1_437' title='bbox 2777 3183 2936 3247; x_wconf 77' lang='lat' dir='ltr'><strong>quae</strong></span> <span class='ocrx_word' id='word_1_438' title='bbox 2979 3182 3181 3248; x_wconf 77' lang='lat' dir='ltr'><strong>nuper</strong></span> <span class='ocrx_word' id='word_1_439' title='bbox 3219 3162 3449 3244; x_wconf 80' lang='lat' dir='ltr'><strong>accepit</strong></span> <span class='ocrx_word' id='word_1_440' title='bbox 3490 3162 3566 3229; x_wconf 83' lang='lat' dir='ltr'><strong>de</strong></span> <span class='ocrx_word' id='word_1_441' title='bbox 3607 3166 3896 3227; x_wconf 77' lang='lat' dir='ltr'><strong>conventu</strong></span> <span class='ocrx_word' id='word_1_442' title='bbox 3938 3160 4009 3227; x_wconf 85' lang='lat' dir='ltr'><strong>in</strong></span> <span class='ocrx_word' id='word_1_443' title='bbox 4057 3161 4283 3230; x_wconf 77' lang='lat' dir='ltr'><strong>Taber-</strong></span> 
     </span>
     <span class='ocr_line' id='line_1_75' title="bbox 2327 3246 4283 3331; baseline -0.002 -13"><span class='ocrx_word' id='word_1_444' title='bbox 2327 3253 2434 3318; x_wconf 84' lang='lat' dir='ltr'><strong>nis</strong></span> <span class='ocrx_word' id='word_1_445' title='bbox 2477 3250 2758 3317; x_wconf 76' lang='lat' dir='ltr'><strong>alsatieis</strong></span> <span class='ocrx_word' id='word_1_446' title='bbox 2801 3248 3173 3327; x_wconf 79' lang='lat' dir='ltr'><strong>celebrando,</strong></span> <span class='ocrx_word' id='word_1_447' title='bbox 3227 3254 3359 3314; x_wconf 77' lang='lat' dir='ltr'><strong>tum</strong></span> <span class='ocrx_word' id='word_1_448' title='bbox 3401 3246 3477 3312; x_wconf 79' lang='lat' dir='ltr'><strong>de</strong></span> <span class='ocrx_word' id='word_1_449' title='bbox 3520 3247 3737 3331; x_wconf 63' lang='lat' dir='ltr'><strong>legatis</strong></span> <span class='ocrx_word' id='word_1_450' title='bbox 3778 3246 4089 3315; x_wconf 72' lang='lat' dir='ltr'><strong>helvetici-e</strong></span> <span class='ocrx_word' id='word_1_451' title='bbox 4138 3249 4283 3315; x_wconf 82' lang='lat' dir='ltr'><strong>Tri-</strong></span> 
     </span>
     <span class='ocr_line' id='line_1_76' title="bbox 2333 3332 4284 3417; baseline -0.002 -13"><span class='ocrx_word' id='word_1_452' title='bbox 2333 3340 2589 3404; x_wconf 77' lang='lat' dir='ltr'><strong>dentum</strong></span> <span class='ocrx_word' id='word_1_453' title='bbox 2629 3337 2947 3402; x_wconf 77' lang='lat' dir='ltr'><strong>mittendis</strong></span> <span class='ocrx_word' id='word_1_454' title='bbox 2988 3341 3045 3402; x_wconf 90' lang='lat' dir='ltr'><strong>et</strong></span> <span class='ocrx_word' id='word_1_455' title='bbox 3076 3333 3518 3417; x_wconf 75' lang='lat' dir='ltr'><strong>disceptatione</strong></span> <span class='ocrx_word' id='word_1_456' title='bbox 3541 3333 3958 3415; x_wconf 75' lang='lat' dir='ltr'><strong>Imperatoris</strong></span> <span class='ocrx_word' id='word_1_457' title='bbox 3998 3338 4056 3400; x_wconf 86' lang='lat' dir='ltr'><strong>et</strong></span> <span class='ocrx_word' id='word_1_458' title='bbox 4089 3332 4284 3400; x_wconf 68' lang='lat' dir='ltr'><strong>Saxo-</strong></span> 
     </span>
     <span class='ocr_line' id='line_1_77' title="bbox 2327 3418 4284 3504; baseline -0.004 -15"><span class='ocrx_word' id='word_1_459' title='bbox 2327 3426 2477 3491; x_wconf 84' lang='lat' dir='ltr'><strong>niae</strong></span> <span class='ocrx_word' id='word_1_460' title='bbox 2562 3422 2835 3490; x_wconf 80' lang='lat' dir='ltr'><strong>electoris</strong></span> <span class='ocrx_word' id='word_1_461' title='bbox 2930 3423 3099 3487; x_wconf 81' lang='lat' dir='ltr'><strong>eirea</strong></span> <span class='ocrx_word' id='word_1_462' title='bbox 3192 3421 3612 3501; x_wconf 74' lang='lat' dir='ltr'><strong>episcopatum</strong></span> <span class='ocrx_word' id='word_1_463' title='bbox 3692 3418 4284 3504; x_wconf 74' lang='lat' dir='ltr'><strong>Mereeburyensem.</strong></span> 
     </span>
     <span class='ocr_line' id='line_1_78' title="bbox 2329 3504 4283 3590; baseline -0.002 -16"><span class='ocrx_word' id='word_1_464' title='bbox 2329 3504 3598 3586; x_wconf 76' lang='lat' dir='ltr'><strong>FusiusdeGastalionesoribitquem</strong></span> <span class='ocrx_word' id='word_1_465' title='bbox 3664 3510 3978 3571; x_wconf 78' lang='lat' dir='ltr'><strong>nontam</strong></span> <span class='ocrx_word' id='word_1_466' title='bbox 4032 3506 4283 3590; x_wconf 71' lang='lat' dir='ltr'><strong>niqmm</strong></span> 
     </span>
     <span class='ocr_line' id='line_1_79' title="bbox 2325 3590 3572 3679; baseline -0.006 -16"><span class='ocrx_word' id='word_1_467' title='bbox 2325 3616 2456 3663; x_wconf 80' lang='lat' dir='ltr'><strong>esse</strong></span> <span class='ocrx_word' id='word_1_468' title='bbox 2481 3593 2763 3679; x_wconf 77' lang='lat' dir='ltr'><strong>perhibet</strong></span> <span class='ocrx_word' id='word_1_469' title='bbox 2805 3612 2999 3677; x_wconf 77' lang='lat' dir='ltr'><strong>quam</strong></span> <span class='ocrx_word' id='word_1_470' title='bbox 3040 3591 3222 3676; x_wconf 70' lang='lat' dir='ltr'><strong>maye</strong></span> <span class='ocrx_word' id='word_1_471' title='bbox 3263 3590 3572 3658; x_wconf 79' lang='lat' dir='ltr'><strong>credatur.</strong></span> 
     </span>
    </p>
   </div>
   <div class='ocr_carea' id='block_1_21' title="bbox 2322 3757 4276 3831">
    <p class='ocr_par' dir='ltr' id='par_1_31' title="bbox 2322 3757 4276 3831">
     <span class='ocr_line' id='line_1_80' title="bbox 2322 3757 4276 3831; baseline -0.004 -11"><span class='ocrx_word' id='word_1_472' title='bbox 2322 3766 2550 3831; x_wconf 82' lang='lat' dir='ltr'><strong>(Exstat</strong></span> <span class='ocrx_word' id='word_1_473' title='bbox 2585 3767 2642 3818; x_wconf 89' lang='lat' dir='ltr'><strong>in</strong></span> <span class='ocrx_word' id='word_1_474' title='bbox 2671 3764 2798 3820; x_wconf 88' lang='lat' dir='ltr'><strong>Cod.</strong></span> <span class='ocrx_word' id='word_1_475' title='bbox 2828 3764 3033 3819; x_wconf 70' lang='lat' dir='ltr'><strong>Gener.</strong></span> <span class='ocrx_word' id='word_1_476' title='bbox 3071 3761 3185 3828; x_wconf 88' lang='grc'><strong>113,</strong></span> <span class='ocrx_word' id='word_1_477' title='bbox 3223 3762 3314 3817; x_wconf 74' lang='lat' dir='ltr'><strong>fol.</strong></span> <span class='ocrx_word' id='word_1_478' title='bbox 3349 3760 3414 3815; x_wconf 92' lang='grc'><strong>91</strong></span> <span class='ocrx_word' id='word_1_479' title='bbox 3453 3778 3573 3815; x_wconf 83' lang='grc' dir='ltr'>οιιιιι</span> <span class='ocrx_word' id='word_1_480' title='bbox 3608 3759 4002 3829; x_wconf 76' lang='lat' dir='ltr'><strong>subscriptione</strong></span> <span class='ocrx_word' id='word_1_481' title='bbox 4038 3757 4276 3828; x_wconf 75' lang='lat' dir='ltr'><strong>autogr.)</strong></span> 
     </span>
    </p>
   </div>
   <div class='ocr_carea' id='block_1_22' title="bbox 2325 3930 4274 4174">
    <p class='ocr_par' dir='ltr' id='par_1_32' title="bbox 2325 3930 4274 4174">
     <span class='ocr_line' id='line_1_81' title="bbox 2328 3930 4274 4005; baseline -0.004 0"><span class='ocrx_word' id='word_1_482' title='bbox 2328 3938 2706 4005; x_wconf 83' lang='lat' dir='ltr'><strong>Clarissimo</strong></span> <span class='ocrx_word' id='word_1_483' title='bbox 2759 3936 2900 4002; x_wconf 81' lang='lat' dir='ltr'><strong>viro</strong></span> <span class='ocrx_word' id='word_1_484' title='bbox 2948 3936 3032 4001; x_wconf 92' lang='lat' dir='ltr'><strong>D.</strong></span> <span class='ocrx_word' id='word_1_485' title='bbox 3088 3933 3324 4000; x_wconf 92' lang='lat' dir='ltr'><strong>Ioanni</strong></span> <span class='ocrx_word' id='word_1_486' title='bbox 3385 3931 3659 3998; x_wconf 87' lang='lat' dir='ltr'><strong>Oalvino</strong></span> <span class='ocrx_word' id='word_1_487' title='bbox 3702 3930 4010 3998; x_wconf 89' lang='lat' dir='ltr'><strong>ecclesiae</strong></span> <span class='ocrx_word' id='word_1_488' title='bbox 4054 3930 4274 3997; x_wconf 80' lang='lat' dir='ltr'><strong>Gene-</strong></span> 
     </span>
     <span class='ocr_line' id='line_1_82' title="bbox 2325 4016 4273 4091; baseline -0.005 0"><span class='ocrx_word' id='word_1_489' title='bbox 2325 4024 2548 4091; x_wconf 86' lang='lat' dir='ltr'><strong>vensis</strong></span> <span class='ocrx_word' id='word_1_490' title='bbox 2606 4023 2882 4090; x_wconf 89' lang='lat' dir='ltr'><strong>antistiti</strong></span> <span class='ocrx_word' id='word_1_491' title='bbox 2940 4020 3320 4087; x_wconf 88' lang='lat' dir='ltr'><strong>fidelissimo</strong></span> <span class='ocrx_word' id='word_1_492' title='bbox 3363 4018 3623 4084; x_wconf 87' lang='lat' dir='ltr'><strong>domino</strong></span> <span class='ocrx_word' id='word_1_493' title='bbox 3680 4037 3755 4083; x_wconf 88' lang='lat' dir='ltr'><strong>ac</strong></span> <span class='ocrx_word' id='word_1_494' title='bbox 3813 4016 4000 4082; x_wconf 83' lang='lat' dir='ltr'><strong>fratri</strong></span> <span class='ocrx_word' id='word_1_495' title='bbox 4054 4016 4273 4084; x_wconf 85' lang='lat' dir='ltr'><strong>colen-</strong></span> 
     </span>
     <span class='ocr_line' id='line_1_83' title="bbox 2836 4104 3767 4174; baseline -0.008 0"><span class='ocrx_word' id='word_1_496' title='bbox 2836 4107 3102 4174; x_wconf 88' lang='lat' dir='ltr'><strong>dissimo</strong></span> <span class='ocrx_word' id='word_1_497' title='bbox 3146 4126 3222 4172; x_wconf 89' lang='lat' dir='ltr'><strong>ac</strong></span> <span class='ocrx_word' id='word_1_498' title='bbox 3264 4104 3598 4172; x_wconf 88' lang='lat' dir='ltr'><strong>carissimo</strong></span> <span class='ocrx_word' id='word_1_499' title='bbox 3633 4121 3767 4168; x_wconf 90' lang='lat' dir='ltr'><strong>suo.</strong></span> 
     </span>
    </p>
   </div>
   <div class='ocr_carea' id='block_1_23' title="bbox 2322 4272 4372 4713">
    <p class='ocr_par' dir='ltr' id='par_1_33' title="bbox 2322 4272 4372 4713">
     <span class='ocr_line' id='line_1_84' title="bbox 2497 4272 4274 4358; baseline -0.005 -9"><span class='ocrx_word' id='word_1_500' title='bbox 2497 4283 2566 4350; x_wconf 80' lang='lat' dir='ltr'><strong>S.</strong></span> <span class='ocrx_word' id='word_1_501' title='bbox 2622 4281 3093 4348; x_wconf 81' lang='lat' dir='ltr'><strong>Gratissimum</strong></span> <span class='ocrx_word' id='word_1_502' title='bbox 3135 4277 3420 4344; x_wconf 83' lang='lat' dir='ltr'><strong>officium</strong></span> <span class='ocrx_word' id='word_1_503' title='bbox 3467 4272 3863 4358; x_wconf 85' lang='lat' dir='ltr'><strong>praestitisti,</strong></span> <span class='ocrx_word' id='word_1_504' title='bbox 3912 4273 4274 4341; x_wconf 83' lang='lat' dir='ltr'><strong>reverende</strong></span> 
     </span>
     <span class='ocr_line' id='line_1_85' title="bbox 2322 4358 4372 4454; baseline -0.005 -19"><span class='ocrx_word' id='word_1_505' title='bbox 2322 4370 2528 4434; x_wconf 81' lang='lat' dir='ltr'><strong>frater</strong></span> <span class='ocrx_word' id='word_1_506' title='bbox 2569 4368 2741 4451; x_wconf 90' lang='lat' dir='ltr'><strong>quod</strong></span> <span class='ocrx_word' id='word_1_507' title='bbox 2793 4366 2874 4433; x_wconf 93' lang='lat' dir='ltr'><strong>de</strong></span> <span class='ocrx_word' id='word_1_508' title='bbox 2916 4367 3111 4432; x_wconf 89' lang='lat' dir='ltr'><strong>rebus</strong></span> <span class='ocrx_word' id='word_1_509' title='bbox 3153 4362 3412 4430; x_wconf 80' lang='lat' dir='ltr'><strong>Galliae</strong></span> <span class='ocrx_word' id='word_1_510' title='bbox 3464 4369 3602 4426; x_wconf 87' lang='lat' dir='ltr'><strong>tam</strong></span> <span class='ocrx_word' id='word_1_511' title='bbox 3655 4358 4002 4444; x_wconf 80' lang='lat' dir='ltr'><strong>diligenter</strong></span> <span class='ocrx_word' id='word_1_512' title='bbox 4056 4360 4275 4426; x_wconf 90' lang='lat' dir='ltr'><strong>omnia</strong></span> <span class='ocrx_word' id='word_1_513' title='bbox 4361 4443 4372 4454; x_wconf 27' lang='grc' dir='ltr'>ἰ</span> 
     </span>
     <span class='ocr_line' id='line_1_86' title="bbox 2324 4443 4273 4531; baseline -0.005 -9"><span class='ocrx_word' id='word_1_514' title='bbox 2324 4456 2571 4522; x_wconf 87' lang='lat' dir='ltr'><strong>scribis.</strong></span> <span class='ocrx_word' id='word_1_515' title='bbox 2659 4453 2862 4520; x_wconf 81' lang='lat' dir='ltr'><strong>Faxit</strong></span> <span class='ocrx_word' id='word_1_516' title='bbox 2903 4453 3229 4518; x_wconf 87' lang='lat' dir='ltr'><strong>Dominus</strong></span> <span class='ocrx_word' id='word_1_517' title='bbox 3272 4454 3348 4515; x_wconf 89' lang='lat' dir='ltr'><strong>ut</strong></span> <span class='ocrx_word' id='word_1_518' title='bbox 3388 4447 3469 4513; x_wconf 92' lang='lat' dir='ltr'><strong>ab</strong></span> <span class='ocrx_word' id='word_1_519' title='bbox 3513 4445 3617 4512; x_wconf 86' lang='lat' dir='ltr'><strong>his</strong></span> <span class='ocrx_word' id='word_1_520' title='bbox 3652 4453 3790 4510; x_wconf 88' lang='lat' dir='ltr'><strong>tam</strong></span> <span class='ocrx_word' id='word_1_521' title='bbox 3823 4443 4012 4511; x_wconf 89' lang='lat' dir='ltr'><strong>laetis</strong></span> <span class='ocrx_word' id='word_1_522' title='bbox 4055 4449 4273 4531; x_wconf 90' lang='lat' dir='ltr'><strong>auspi-</strong></span> 
     </span>
     <span class='ocr_line' id='line_1_87' title="bbox 2322 4530 4275 4626; baseline -0.004 -19"><span class='ocrx_word' id='word_1_523' title='bbox 2322 4543 2443 4607; x_wconf 87' lang='lat' dir='ltr'><strong>ciis</strong></span> <span class='ocrx_word' id='word_1_524' title='bbox 2498 4549 2887 4626; x_wconf 89' lang='lat' dir='ltr'><strong>proventum</strong></span> <span class='ocrx_word' id='word_1_525' title='bbox 2954 4536 3140 4622; x_wconf 79' lang='lat' dir='ltr'><strong>regni</strong></span> <span class='ocrx_word' id='word_1_526' title='bbox 3194 4533 3445 4601; x_wconf 87' lang='lat' dir='ltr'><strong>Ohristi</strong></span> <span class='ocrx_word' id='word_1_527' title='bbox 3503 4530 3794 4614; x_wconf 91' lang='lat' dir='ltr'><strong>amplum</strong></span> <span class='ocrx_word' id='word_1_528' title='bbox 3852 4540 4275 4616; x_wconf 87' lang='lat' dir='ltr'><strong>optatumque</strong></span> 
     </span>
     <span class='ocr_line' id='line_1_88' title="bbox 2325 4617 4274 4713; baseline -0.005 -20"><span class='ocrx_word' id='word_1_529' title='bbox 2325 4627 2759 4713; x_wconf 74' lang='lat' dir='ltr'><strong>experiamur.</strong></span> <span class='ocrx_word' id='word_1_530' title='bbox 2890 4623 3172 4690; x_wconf 79' lang='lat' dir='ltr'><strong>Guisani</strong></span> <span class='ocrx_word' id='word_1_531' title='bbox 3200 4623 3249 4704; x_wconf 88' lang='lat'><strong>¹)</strong></span> <span class='ocrx_word' id='word_1_532' title='bbox 3328 4621 3459 4684; x_wconf 89' lang='lat' dir='ltr'><strong>iam</strong></span> <span class='ocrx_word' id='word_1_533' title='bbox 3527 4617 3868 4684; x_wconf 78' lang='lat' dir='ltr'><strong>&#39;l&#39;abernae</strong></span> <span class='ocrx_word' id='word_1_534' title='bbox 3932 4625 4139 4701; x_wconf 77' lang='lat' dir='ltr'><strong>agunt</strong></span> <span class='ocrx_word' id='word_1_535' title='bbox 4201 4619 4274 4684; x_wconf 90' lang='lat' dir='ltr'><strong>in</strong></span> 
     </span>
    </p>
   </div>
   <div class='ocr_carea' id='block_1_24' title="bbox 2481 4801 2741 4812">
    <p class='ocr_par' dir='ltr' id='par_1_34' title="bbox 2481 4801 2741 4812">
     <span class='ocr_line' id='line_1_89' title="bbox 2481 4801 2741 4812; baseline 0 1305"><span class='ocrx_word' id='word_1_536' title='bbox 2481 4801 2741 4812; x_wconf 95' lang='lat' dir='ltr'><strong> </strong></span> 
     </span>
    </p>
   </div>
   <div class='ocr_carea' id='block_1_25' title="bbox 2328 4909 4298 5458">
    <p class='ocr_par' dir='ltr' id='par_1_35' title="bbox 2328 4909 4298 5458">
     <span class='ocr_line' id='line_1_90' title="bbox 2531 4909 4280 5112; baseline -0.004 -73"><span class='ocrx_word' id='word_1_537' title='bbox 2531 4916 2593 5055; x_wconf 45' lang='grc' dir='ltr'><strong>ἐξ</strong></span> <span class='ocrx_word' id='word_1_538' title='bbox 2627 4916 2926 5066; x_wconf 51' lang='grc' dir='ltr'><strong>ῗῖἓῖἴοῃι</strong></span> <span class='ocrx_word' id='word_1_539' title='bbox 2935 4909 3228 5065; x_wconf 42' lang='lat' dir='ltr'><strong>(goffia</strong></span> <span class='ocrx_word' id='word_1_540' title='bbox 3263 4979 3471 5035; x_wconf 63' lang='lat' dir='ltr'><strong>canusii</strong></span> <span class='ocrx_word' id='word_1_541' title='bbox 3503 4979 3693 5047; x_wconf 70' lang='lat' dir='ltr'><strong>affinis</strong></span> <span class='ocrx_word' id='word_1_542' title='bbox 3725 4978 3918 5034; x_wconf 76' lang='lat' dir='ltr'><strong>electus</strong></span> <span class='ocrx_word' id='word_1_543' title='bbox 3953 4984 4029 5031; x_wconf 78' lang='lat' dir='ltr'><strong>est</strong></span> <span class='ocrx_word' id='word_1_544' title='bbox 4044 4978 4280 5112; x_wconf 41' lang='lat' dir='ltr'><strong>ssszm</strong></span> 
     </span>
     <span class='ocr_line' id='line_1_91' title="bbox 2328 5045 4275 5247; baseline -0.005 -70"><span class='ocrx_word' id='word_1_545' title='bbox 2328 5054 2518 5177; x_wconf 40' lang='lat'><strong>{⁷2¹2}</strong></span> <span class='ocrx_word' id='word_1_546' title='bbox 2535 5051 3613 5247; x_wconf 39' lang='grc' dir='ltr'><strong>ἔέἶὲξὸαῗίᾱιῖιοωηίηέθφωῖἒυπιξιὲ</strong></span> <span class='ocrx_word' id='word_1_547' title='bbox 3646 5050 3712 5171; x_wconf 67' lang='grc' dir='ltr'><strong>ἀ(</strong></span> <span class='ocrx_word' id='word_1_548' title='bbox 3725 5045 4080 5172; x_wconf 48' lang='grc' dir='ltr'><strong>ζοξῖεὺοο.</strong></span> <span class='ocrx_word' id='word_1_549' title='bbox 4124 5061 4275 5168; x_wconf 58' lang='lat'><strong>1&#39;5631</strong></span> 
     </span>
     <span class='ocr_line' id='line_1_92' title="bbox 2334 5190 4284 5336; baseline -0.006 -20"><span class='ocrx_word' id='word_1_550' title='bbox 2334 5192 2594 5323; x_wconf 58' lang='lat' dir='ltr'><strong>3⁷12.ss</strong></span> <span class='ocrx_word' id='word_1_551' title='bbox 2630 5190 3319 5328; x_wconf 43' lang='lat' dir='ltr'><strong>W’ffifissil‘ifm-‘L</strong></span> <span class='ocrx_word' id='word_1_552' title='bbox 3367 5257 3458 5312; x_wconf 77' lang='lat' dir='ltr'><strong>La</strong></span> <span class='ocrx_word' id='word_1_553' title='bbox 3651 5253 3722 5336; x_wconf 71' lang='lat' dir='ltr'><strong>n.</strong></span> <span class='ocrx_word' id='word_1_554' title='bbox 3754 5251 3873 5335; x_wconf 51' lang='grc' dir='ltr'><strong>ηοξ».</strong></span> <span class='ocrx_word' id='word_1_555' title='bbox 3893 5249 3966 5332; x_wconf 25' lang='lat' dir='ltr'><strong>oa.</strong></span> <span class='ocrx_word' id='word_1_556' title='bbox 4002 5247 4055 5303; x_wconf 73' lang='lat' dir='ltr'><strong>a.</strong></span> <span class='ocrx_word' id='word_1_557' title='bbox 4104 5247 4284 5305; x_wconf 76' lang='lat' dir='ltr'><strong><em>VIII.</em></strong></span> 
     </span>
     <span class='ocr_line' id='line_1_93' title="bbox 2341 5321 4298 5458; baseline -0.007 -71"><span class='ocrx_word' id='word_1_558' title='bbox 2341 5331 2458 5387; x_wconf 78' lang='lat' dir='ltr'><strong>Gai.</strong></span> <span class='ocrx_word' id='word_1_559' title='bbox 2511 5331 2682 5387; x_wconf 84' lang='lat' dir='ltr'><strong>Mart.</strong></span> <span class='ocrx_word' id='word_1_560' title='bbox 2702 5354 2716 5382; x_wconf 87' lang='lat'><strong>.-</strong></span> <span class='ocrx_word' id='word_1_561' title='bbox 2769 5331 2930 5385; x_wconf 81' lang='lat' dir='ltr'><strong>Multi</strong></span> <span class='ocrx_word' id='word_1_562' title='bbox 2982 5344 3088 5383; x_wconf 91' lang='lat' dir='ltr'><strong>non</strong></span> <span class='ocrx_word' id='word_1_563' title='bbox 3138 5332 3364 5398; x_wconf 83' lang='lat' dir='ltr'><strong>possunt</strong></span> <span class='ocrx_word' id='word_1_564' title='bbox 3415 5330 3548 5379; x_wconf 78' lang='lat' dir='ltr'><strong>satis</strong></span> <span class='ocrx_word' id='word_1_565' title='bbox 3604 5321 4042 5458; x_wconf 45' lang='lat' dir='ltr'><strong>mnqgthquos</strong></span> <span class='ocrx_word' id='word_1_566' title='bbox 4089 5333 4298 5389; x_wconf 73' lang='lat' dir='ltr'><strong>evang.</strong></span> 
     </span>
    </p>
   </div>
  </div>
 </body>
</html>
