4850 6117
238 431 346 498 525

238 638 378 702 pore
422 624 490 683 et
531 616 672 684 loco
714 637 924 701 quum
959 617 1302 684 christiani
1357 618 1640 685 hominis
1684 619 1969 685 officium
2012 640 2163 704 pos-

239 704 390 769 tulat
434 712 659 787 aperte
701 703 1159 788 profitentibus
1216 725 1291 770 ac
1347 705 1749 788 corruptelas
1790 704 2163 788 improban-

238 788 399 855 tibus
441 789 635 856 liceat
688 808 886 873 opera
939 788 1168 854 talium
1211 789 1662 859 ministrorum
1715 792 1785 856 in
1839 790 2163 875 baptismo

238 874 555 940 infantum
596 875 760 941 citra
799 884 1137 958 peccatum
1179 876 1280 941 uti
1321 896 1443 942 nec
1484 896 1567 941 ne
1581 875 1613 938 *Ρ

395 959 534 1041 Qui
574 961 733 1029 haec
768 967 1087 1042 asserunt,
1130 961 1441 1027 nimirum
1482 970 1546 1026 ct
1572 962 1985 1028 Francofurti
2023 982 2165 1028 esse

239 1046 479 1114 Christi
523 1047 875 1125 ecclesiam,
932 1055 998 1112 et
1037 1047 1311 1130 proinde
1353 1047 1628 1114 liberum
1670 1047 2050 1131 licitumque
2093 1050 2164 1114 in

238 1152 307 1197 ea
344 1152 487 1198 esse
527 1131 832 1216 baptismi
873 1153 1085 1210 usum,
1129 1134 1298 1199 ferre
1330 1134 1694 1216 potuissent
1728 1142 1804 1199 ut
1835 1136 2164 1219 praefatae

238 1224 486 1283 tantum
549 1218 717 1283 duae
782 1219 1192 1302 quaestiones
1256 1219 1340 1284 ad
1395 1241 1542 1297 vos,
1606 1221 1735 1285 viri
1799 1220 2161 1300 clarissimi,

238 1304 506 1368 fuissent
564 1306 829 1370 missae:
904 1304 1019 1369 sed
1083 1305 1234 1387 quia
1296 1305 1407 1369 alii
1470 1307 1704 1371 fratres
1767 1306 2162 1371 sententiam

239 1407 410 1454 suam
447 1391 701 1472 copiose
737 1390 1160 1472 explicarunt,
1198 1411 1275 1456 ac
1307 1393 1779 1457 contrariorum
1815 1411 2164 1476 argumen-

238 1486 442 1539 torum
500 1476 1009 1542 confutationem
1065 1475 1512 1555 instituerunt,
1578 1490 1904 1561 coguntur
1968 1479 2164 1542 etiam

238 1558 326 1624 illi
375 1581 587 1643 pauca
643 1559 1012 1627 declarandi
1068 1562 1164 1626 rei
1222 1569 1465 1627 statum
1517 1581 1712 1627 causa
1765 1563 2162 1644 subnectere,

239 1665 306 1712 ac
343 1655 535 1712 orant
579 1654 653 1711 ut
692 1647 853 1713 haec
896 1646 1243 1731 diligenter
1284 1647 1740 1715 observentur:

393 1732 730 1816 Principio
785 1734 1180 1799 controverti
1240 1733 1348 1798 hio
1404 1754 1538 1799 non
1591 1741 1850 1799 tantum
1908 1735 1989 1799 de
2040 1757 2163 1801 usu

240 1817 530 1900 baptismi
581 1828 727 1901 post
769 1818 1124 1884 Flandriae
1182 1819 1489 1885 ecclesiae
1543 1821 2163 1905 commigrationem,

240 1922 390 1986 quae
430 1904 567 1968 iam
612 1905 898 1968 maxima
940 1925 1024 1969 ex
1066 1914 1252 1988 parte
1294 1905 1367 1969 in
1398 1904 1844 1971 Palatinatum
1888 1907 2166 1987 transiit,

239 1987 340 2054 oed
383 1987 462 2054 de
507 2009 588 2054 ea
627 1990 825 2054 etiam
868 1987 1172 2072 baptismi
1206 1992 1615 2073 perceptione
1649 2011 1813 2073 quae
1853 1992 1969 2056 lite
2003 2011 2166 2074 pen-

240 2072 435 2153 dente,
483 2080 561 2139 ut
599 2073 844 2139 dictum
888 2085 1004 2154 est,
1051 2096 1266 2141 coram
1311 2085 1543 2142 senatu
1585 2077 1918 2143 mensibus
1959 2078 2166 2142 unde-

239 2160 352 2225 cim
405 2160 580 2227 facta
623 2173 753 2225 est:
813 2181 976 2225 num
1033 2163 1125 2245 pii
1169 2162 1310 2240 viri,
1370 2163 1481 2245 qui
1538 2164 1838 2245 superius
1893 2165 2164 2229 recitato

237 2245 412 2311 modo
470 2247 580 2394 usi
641 2253 799 2312 sunt
862 2246 991 2312 alio
1044 2248 1405 2313 ministerio
1461 2247 1773 2329 destituti,
1837 2250 2167 2333 peccarint

240 2351 346 2397 nec
385 2352 472 2396 ne

394 2420 453 2482 2.
500 2415 908 2483 Observetur
927 2426 1280 2502 praeterea,
1313 2419 1810 2504 peregrinorum
1833 2420 2163 2485 neminem

237 2503 381 2568 urbe
446 2503 729 2568 eiectum
795 2524 968 2570 esse:
1035 2525 1189 2569 nam
1234 2504 1577 2570 Gallorum
1628 2506 1838 2570 maior
1890 2525 2041 2588 pars
2094 2515 2163 2571 et

236 2587 662 2654 Flandrorum
707 2588 896 2654 multi
950 2590 1308 2655 etiamnum
1349 2591 1770 2657 Francofurti
1813 2590 2162 2674 tranquille

239 2672 574 2740 admodum
618 2675 873 2753 vivunt,
930 2684 998 2740 et
1052 2678 1165 2759 qui
1219 2684 1552 2742 cesserunt
1591 2677 1769 2742 ultro
1812 2697 1888 2741 ac
1929 2685 2161 2759 sponte
2185 2748 2200 2753 -

236 2780 345 2824 sua
376 2768 728 2841 cesserunt,
772 2768 843 2825 ut
875 2761 1031 2826 alibi
1064 2763 1428 2828 ministerio
1462 2762 1798 2828 vernaculi
1827 2760 2160 2829 idiomatis

237 2845 550 2911 efficacius
608 2847 1099 2913 consolarentur
1119 2847 1154 2886 *
1209 2868 1284 2915 ac
1341 2847 1855 2915 aedificarentur.
1937 2846 2159 2929 Quare

237 2930 394 3012 quod
436 2931 548 2996 alii
591 2931 671 2996 de
723 2934 1224 3015 persequutione
1270 2934 1499 3000 dicunt
1553 2955 1626 3000 ac
1685 2934 2032 3013 inculcant,
2078 2934 2158 3000 de

237 3014 365 3080 sola
405 3016 631 3101 templi
690 3018 901 3082 nostri
956 3018 1315 3086 occlusione
1368 3029 1434 3085 et
1475 3019 1890 3103 particularis
1931 3022 2156 3086 minis·

235 3101 375 3167 terii
414 3104 620 3168 nostri
677 3103 1115 3186 prohibitione
1167 3105 1449 3189 intelligi
1504 3104 1709 3184 debet,
1767 3127 1898 3171 non
1941 3115 2158 3171 autem

238 3186 314 3251 de
371 3187 498 3254 alia
561 3188 939 3274 tyrannide,
1020 3189 1100 3256 de
1164 3211 1292 3274 qua
1355 3191 1526 3274 quod
1589 3197 1901 3275 queratur
1962 3192 2158 3257 habet

235 3294 431 3339 nemo.

394 3364 450 3425 3.
495 3360 691 3442 Quod
725 3382 882 3427 vero
924 3361 1359 3428 ministerium
1402 3362 1576 3446 apud
1621 3360 2026 3429 adversarios
2061 3372 2159 3429 est

238 3444 351 3526 piis
400 3467 531 3512 non
586 3454 779 3512 nocet
819 3447 933 3530 qui
976 3447 1058 3512 ad
1117 3448 1515 3531 baptismum
1571 3446 1743 3513 edita
1796 3447 1949 3515 fidei
2005 3469 2161 3514 suae

238 3550 392 3612 pura
430 3532 828 3597 confessione
869 3534 1034 3597 citra
1074 3554 1331 3599 omnem
1378 3533 1892 3617 corruptelarum
1927 3555 2162 3618 appro-

239 3613 548 3682 bationem
589 3617 1043 3684 admittuntur.
1131 3619 1308 3685 Sunt
1351 3622 1529 3685 enim
1565 3620 1851 3686 ministri
1905 3620 2004 3685 illi
2047 3642 2161 3686 ex-

245 3707 415 3768 terne
448 3702 678 3769 saltem
715 3702 1067 3784 domestici,
1113 3725 1187 3771 ac
1225 3704 1449 3772 eodem
1491 3705 1793 3775 nituntur
1826 3706 2163 3772 nobiscum

247 3784 684 3854 fundamento:
745 3799 902 3855 sunt
944 3791 1120 3855 enim
1162 3792 1450 3857 ministri
1491 3791 1804 3859 ordinarii
1846 3813 1965 3858 nec
2008 3792 2162 3857 hac-

247 3880 420 3939 tenus
475 3875 765 3974 legitime
830 3877 1096 3941 fuerunt
1150 3878 1446 3956 convicti,
1511 3876 1719 3943 multo
1771 3878 1995 3942 minus
2050 3899 2163 3942 ex-

249 3975 704 4027 commnmcati.

398 4050 457 4113 4.
502 4047 801 4113 Dicimus
843 4068 1019 4128 vero,
1076 4069 1213 4114 non
1253 4055 1510 4113 tantum
1555 4048 1799 4131 optima
1841 4048 2017 4114 illius
2060 4069 2162 4115 ec-

252 4127 460 4209 clesiae
499 4130 813 4211 membra,
866 4133 981 4199 sed
1035 4154 1146 4200 eos
1199 4135 1396 4200 etiam
1451 4154 1680 4199 omues
1735 4134 1848 4217 qui
1892 4135 2163 4200 verbum

253 4215 504 4282 audiunt
547 4226 615 4282 et
657 4221 1082 4286 sacramentis
1123 4226 1399 4285 utuntur
1438 4228 1711 4286 externa
1743 4220 2018 4286 visibilis
2060 4240 2164 4285 ec-

253 4299 460 4367 clesiae
503 4304 798 4370 membra
840 4326 1001 4384 esse,
1058 4306 1244 4370 iuxta
1284 4306 1626 4389 parabolas
1669 4305 1905 4372 Matth.
1957 4310 2054 4387 13,
2099 4313 2167 4371 et

255 4389 624 4454 sententiam
666 4389 948 4456 Christi:
1007 4391 1203 4457 Multi
1245 4393 1457 4459 vocati
1513 4391 1705 4475 pauci
1744 4413 1901 4457 vero
1957 4392 2162 4458 electi.

254 4467 349 4535 Illi
385 4496 538 4540 vero
580 4477 691 4557 qui
735 4478 1081 4542 veritatem
1125 4485 1352 4542 amant
1392 4497 1467 4543 ac
1507 4477 1909 4560 impietatem
1953 4476 2165 4543 detes-

252 4564 471 4639 tantur,
516 4581 652 4627 non
695 4569 952 4628 tantum
998 4560 1267 4629 visibilis
1307 4563 1631 4642 ecclesiae,
1676 4561 1788 4628 sed
1831 4572 1898 4629 et
1937 4562 2166 4630 invisi-

253 4640 385 4709 bilis
416 4645 720 4713 ecclesiae
753 4648 1049 4714 membra
1089 4654 1261 4714 sunt.
1318 4648 1934 4715 Denominationem
1967 4648 2165 4714 etiam

255 4729 538 4798 ecclesiae
591 4753 728 4799 non
781 4753 823 4797 a
878 4734 1140 4812 maiore,
1206 4731 1320 4798 sed
1363 4755 1402 4799 a
1458 4735 1705 4818 potiore
1761 4754 1837 4799 ac
1898 4733 2166 4800 meliore

256 4813 520 4883 ciusdem
582 4825 768 4902 parte
831 4819 1066 4886 debere
1121 4804 1267 4884 fissri
1324 4825 1645 4904 putamus.
1729 4818 1903 4886 Nam
1953 4818 2167 4886 Isaiae

255 4907 314 4964 ct
349 4900 670 4970 Simeonis
712 4912 829 4971 etc.
875 4904 1131 4972 saeculo
1190 4904 1528 4971 ecclesiam
1585 4912 1927 4973 externam
1966 4906 2165 4972 etiam

254 4982 438 5054 fuisse
476 4989 643 5055 nihil
685 4990 1097 5075 ambigimus,
1153 4990 1408 5057 etiamsi
1450 5000 1514 5056 et
1554 4993 1762 5057 maior
1802 5011 1955 5075 pars
1996 4997 2168 5057 esset

255 5069 452 5156 impia,
510 5084 578 5141 et
632 5076 936 5142 ecclesiae
990 5076 1427 5143 ministerium
1470 5082 1641 5144 esset
1682 5076 1855 5162 apud
1911 5077 2164 5160 impios.

408 5165 463 5227 5.
504 5160 806 5228 Dicimus
824 5162 1158 5228 Donatum
1191 5183 1325 5229 non
1367 5163 1437 5228 in
1480 5182 1556 5229 eo
1590 5170 1847 5230 tantum
1869 5183 2168 5249 peccasse

257 5244 405 5323 quod
447 5259 1000 5316 sacramentorum
1050 5248 1406 5317 efficaciam
1449 5267 1489 5312 a
1527 5248 1841 5334 dignitate
1882 5249 2170 5316 ministri

255 5330 517 5408 pendere
558 5333 817 5417 diceret,
876 5333 993 5403 sed
1043 5335 1239 5403 etiam
1292 5335 1364 5400 in
1416 5354 1495 5399 eo
1536 5334 1706 5418 quod
1746 5336 1889 5420 pios
1936 5336 2168 5419 impio-

1895 432 2056 495 1562
2100 428 2553 499 SEPTEMB.

4076 438 4199 503 526

2262 641 2410 686 rum
2465 620 2537 685 in
2591 640 2716 686 usu
2774 625 3330 687 sacramentorum
3392 622 3710 688 consortio
3772 623 4200 692 contaminari

2262 714 2543 789 putaret,
2600 714 2677 772 ut
2721 727 2803 771 ex
2846 704 2954 771 lib.
3001 706 3359 791 Augustini
3410 716 3558 790 post
3598 707 4008 777 collationem
4049 731 4199 777 cum

2262 792 2629 858 Donatistis
2671 799 2738 857 et
2789 791 3060 875 epistola
3115 791 3558 875 praeliminari
3600 801 3751 878 post
3790 793 4200 862 collationem

2263 883 2331 942 et
2372 877 2518 944 aliis
2560 879 2697 943 eius
2740 877 2871 942 viri
2928 878 3184 960 scriptis
3236 884 3434 962 patet.
3502 878 3612 944 Illi
3664 879 3868 965 igitur
3909 883 4022 964 qui
4078 882 4201 948 hoc

2265 960 2497 1028 docent
2539 963 2784 1028 Donati
2827 983 3112 1028 errorem
3154 972 3481 1030 revocant.

2439 1052 2496 1114 6.
2541 1048 2692 1113 Non
2735 1048 2927 1114 licere
2968 1050 3073 1133 pio
3115 1056 3192 1113 ut
3233 1048 3390 1115 huic
3447 1050 3661 1116 coetui
3714 1070 3784 1116 se
3827 1051 4065 1117 coniun
4152 1060 4200 1134 t,

2261 1134 2334 1198 in
2377 1153 2503 1217 quo
2545 1134 2755 1199 maior
2810 1155 2962 1217 pars
3012 1134 3211 1216 impia
3252 1134 3585 1201 meliorem
3630 1145 3910 1219 superat,
3966 1158 4084 1221 pro
4130 1160 4201 1204 a-

2261 1220 2440 1285 tione
2483 1240 2645 1303 opus
2684 1219 2899 1299 habet,
2957 1220 3244 1285 maxime
3297 1241 3500 1304 quum
3544 1219 3729 1287 Deus
3788 1221 3882 1287 ibi
3922 1223 4201 1291 verbum

2263 1313 2329 1370 et
2370 1306 2808 1371 ministerium
2864 1325 3052 1371 suum
3110 1314 3374 1390 propter
3423 1307 3662 1373 electos
3713 1309 4089 1387 servaverit,
4132 1318 4202 1376 et

2263 1390 2357 1474 pii
2400 1391 2749 1474 impiorum
2793 1391 3140 1457 sceleribus
3183 1412 3315 1457 non
3358 1392 3857 1473 communicent,
3902 1393 4015 1461 sed
4057 1395 4202 1461 illo-

2265 1497 2412 1541 rum
2458 1484 2714 1541 tantum
2756 1496 2952 1560 opera
2993 1478 3063 1542 in
3108 1475 3419 1558 baptismo
3463 1478 3715 1545 Christi
3756 1488 4031 1546 utantur
4071 1479 4198 1547 alio

2264 1563 2628 1713 mdiinisoerio
2672 1562 2983 1642 destituti,
3043 1583 3117 1629 ac
3159 1564 3312 1629 fidei
3366 1584 3520 1630 suae
3574 1565 3975 1632 confessione
4014 1568 4201 1652 prius

2265 1669 2300 1713 e
2351 1649 2456 1713 ἀι.

2437 1737 2493 1797 7.
2539 1732 2690 1797 Non
2714 1735 3218 1800 controvertitur
3237 1742 3642 1800 sacramenta
3673 1734 3763 1799 ibi
3786 1736 4202 1819 percipienda

2266 1839 2406 1885 esse
2439 1818 2552 1884 ubi
2574 1837 2765 1902 quam
2786 1820 3133 1902 purissime
3168 1818 3720 1900 administrantur,
3764 1842 3964 1904 quum
4007 1821 4203 1888 datur

2264 1905 2391 1988 piis
2434 1905 2628 1987 optio.
2707 1904 2873 1985 Quis
2916 1904 3039 1973 hoc
3081 1904 3383 1989 ignorat?
3464 1904 3598 1971 Sed
3643 1907 3994 1989 quaeritur,
4037 1928 4201 1973 num

2265 1989 2595 2074 peregrini
2645 2009 2840 2057 causa
2894 2010 3012 2056 sua
3053 1990 3376 2073 pendente
3419 2011 3640 2057 coram
3684 1998 3914 2057 senatu
3957 1994 4203 2058 mensi-

2265 2077 2389 2141 bus
2443 2075 2773 2153 undecim,
2835 2096 3037 2159 quum
3090 2075 3267 2140 aliud
3321 2076 3756 2142 ministerium
3809 2098 3942 2143 non
3999 2078 4202 2145 habe·

2265 2169 2434 2242 rent,
2479 2160 3022 2245 quemadmodum
3059 2182 3270 2245 neque
3312 2162 3444 2227 iam
3489 2163 3688 2227 etiam
3730 2162 3991 2241 habent,
4035 2163 4201 2229 bene

2264 2246 2563 2324 fecerint,
2632 2268 2706 2312 ac
2769 2248 3128 2312 etiamnum
3196 2247 3362 2313 bene
3421 2248 3692 2327 faciant,
3754 2249 4075 2331 baptismo
4131 2249 4202 2314 in

2263 2333 2629 2397 lutheranis
2685 2332 2973 2398 ecclesiis
3016 2340 3294 2413 utentes,
3352 2335 3731 2415 praesertim
3774 2355 3975 2417 quum
4019 2356 4204 2418 aper-

2264 2427 2401 2483 tam
2434 2418 2902 2484 confessionem
2937 2417 3085 2483 fidei
3123 2439 3278 2484 suae
3312 2417 3655 2497 ediderint,
3698 2441 3909 2502 neque
3941 2421 4025 2485 ad
4059 2422 4202 2486 eius

2264 2503 2760 2589 abnegationem
2805 2513 2918 2568 aut
2968 2505 3481 2587 corruptelarum
3522 2504 4053 2587 approbationem
4096 2507 4203 2573 vel

2263 2589 2530 2655 tacitam
2572 2589 2680 2655 vel
2721 2599 3012 2671 apertam
3051 2589 3417 2673 adigantur.

2434 2679 2493 2740 8.
2537 2675 2643 2740 Ad
2687 2684 2821 2740 tres
2862 2675 3009 2741 illas
3048 2676 3355 2754 rationes,
3409 2683 3674 2759 propter
3714 2696 3877 2758 quas
3921 2674 4035 2741 alii
4073 2677 4203 2742 illi·

2263 2761 2461 2827 citum
2513 2779 2654 2826 esse
2711 2759 2886 2826 hunc
2939 2758 3243 2844 baptismi
3297 2782 3488 2826 usum
3543 2768 3795 2845 putant,
3853 2762 4203 2845 responde-

2261 2867 2441 2912 mus:
2488 2848 2561 2910 10
2595 2845 2833 2912 Nullus
2876 2847 3237 2929 scripturae
3270 2865 3438 2930 apex
3470 2845 3773 2930 prohibet
3806 2845 4202 2930 baptismum

2262 2934 2332 2998 in
2395 2930 2666 2998 ecclesia
2727 2932 3057 3017 percipere
3072 2983 3090 3012 ,
3156 2931 3632 3015 qualescunque
3696 2931 3833 2998 sint
3894 2932 4197 2999 ministri.

2261 3019 2413 3084 Non
2456 3017 2630 3084 enim
2674 3015 2859 3083 nobis
2900 3017 3054 3084 licet
3086 3023 3351 3101 propter
3389 3017 3461 3082 id
3503 3015 3674 3102 quod
3717 3017 4059 3083 hominum
4101 3026 4202 3085 est

2263 3104 2539 3171 abiicere
2580 3103 2750 3186 quod
2805 3104 3011 3187 ipsius
3054 3101 3305 3169 Christi
3359 3112 3475 3169 est.
3586 3107 3663 3167 2⁰
3704 3103 3812 3168 Ad
3856 3102 4069 3169 locum
4113 3126 4201 3170 ex

2266 3194 2343 3255 16
2400 3190 2559 3273 Cap.
2605 3188 2687 3253 ad
2731 3188 2852 3255 Ro.
2906 3188 3322 3271 desumptum
3374 3186 3546 3272 quod
3601 3189 3855 3269 attinet,
3914 3210 4064 3255 eum
4119 3189 4203 3257 de

2260 3276 2409 3355 illis,
2469 3275 2582 3359 qui
2634 3273 2857 3340 eodem
2910 3273 3250 3341 nobiscum
3305 3272 3733 3340 fundamento
3777 3274 4083 3340 nituntur
4125 3297 4202 3342 ac

2261 3361 2596 3427 Christum
2651 3361 2988 3428 nobiscum
3042 3359 3441 3443 praedicant,
3499 3380 3631 3424 non
3675 3381 3866 3444 posse
3921 3360 4201 3445 intelligi

2262 3445 2468 3531 (aliud
2508 3452 2609 3513 est
2651 3453 2856 3513 sectas
2914 3446 3144 3526 facere,
3204 3444 3383 3510 aliud
3439 3444 3715 3529 stipulas
3759 3467 3916 3511 auro
3959 3445 4200 3511 admis-

2262 3532 2455 3617 cere),
2501 3531 2614 3597 sed
2655 3531 2735 3597 de
2777 3531 3016 3598 talibus
3057 3531 3279 3615 quales
3315 3531 3460 3596 Act.
3515 3534 3589 3595 15
3635 3539 3703 3596 et
3744 3531 3892 3599 Gal.
3945 3536 3974 3594 1
4023 3551 4199 3597 com-

2261 3625 2728 3696 memorantur,
2780 3619 3013 3700 quibus
3064 3637 3189 3683 neo
3229 3619 3376 3682 Ave
3432 3615 3782 3682 dicendum
3823 3624 3939 3682 est.
4026 3617 4089 3681 N
4093 3638 4201 3682 am

2263 3705 2319 3769 si
2375 3705 2557 3768 locus
2611 3702 2723 3767 ille
2772 3702 2853 3768 de
2907 3703 3206 3768 omnibus
3268 3701 3355 3767 iis
3410 3703 3521 3785 qui
3585 3701 3804 3785 aliqua
3865 3723 3951 3767 ex
4013 3710 4201 3785 parte

2262 3797 2493 3856 contra
2522 3786 2715 3854 Pauli
2749 3787 3110 3855 doctrinam
3154 3794 3441 3866 (servato
3482 3796 3705 3853 tamen
3740 3786 4199 3867 fundamento)

2262 3874 2420 3959 quid
2465 3873 2694 3942 docent
2733 3873 3011 3959 intelligi
3054 3872 3262 3953 debet,
3306 3872 3617 3939 alteruter
3650 3879 3949 3940 nostrum
3993 3880 4202 3939 secta-

2263 3962 2403 4026 rius
2459 3969 2575 4040 est,
2631 3981 2706 4025 ac
2764 3958 3034 4043 proinde
3088 3959 3467 4044 fugiendus:
3525 3978 3683 4024 nam
3735 3958 4049 4024 alteruter
4090 3958 4201 4026 hic

2264 4045 2416 4130 quid
2483 4046 2670 4113 docet
2732 4066 2773 4110 a
2835 4044 3130 4111 doctrina
3190 4045 3383 4111 Pauli
3460 4044 3765 4109 alienum.
3870 4042 4199 4128 Fugiendi

2265 4139 2480 4199 essent
2544 4129 2821 4214 denique
2883 4131 2996 4214 qui
3056 4131 3126 4195 in
3191 4128 3479 4196 ecclesiis
3535 4129 3780 4195 nostris
3839 4127 4199 4195 doctrinam

2263 4216 2868 4302 praedestinationis
2899 4216 3309 4283 labefactant.
3365 4214 3617 4282 Docent
3636 4215 3811 4279 enim
3845 4214 4016 4298 quod
4049 4236 4200 4282 cum

2265 4303 2514 4371 Christi
2555 4309 2622 4369 et
2661 4303 2856 4368 Pauli
2898 4300 3191 4369 doctrina
3230 4308 3497 4386 pugnat.
3577 4300 3725 4365 Hac
3766 4301 4020 4366 ratione
4061 4321 4201 4367 sec·

2264 4390 2583 4455 tariorum
2623 4388 2845 4454 nullus
2887 4398 3057 4454 esset
3095 4387 3267 4453 finis.
3348 4387 3529 4471 Ergo
3573 4384 3654 4450 de
3706 4385 3840 4452 illis
3884 4386 3996 4469 qui
4047 4386 4198 4451 fun-

2267 4475 2642 4541 damentum
2678 4472 3056 4541 convellunt
3105 4472 3638 4556 labefactantque,
3689 4470 3908 4537 locum
3950 4472 4033 4536 ad
4074 4471 4199 4538 Ro.

2273 4565 2349 4625 16
2390 4559 2887 4643 intelligendum
2927 4567 3248 4642 putamus,
3308 4565 3375 4623 et
3413 4559 3508 4623 ita
3548 4556 3923 4623 schismatis
3964 4576 4202 4623 causae

2267 4653 2439 4713 sunt.
2540 4648 2615 4709 3⁰
2658 4644 2763 4711 Ad
2803 4645 3017 4710 locum
3067 4648 3120 4710 1.
3165 4642 3313 4710 Cor.
3361 4647 3397 4708 5
3438 4642 3714 4710 dicimus
3754 4644 4201 4709 excommuni-

2265 4732 2588 4799 cationem
2664 4731 3133 4814 separationem
3196 4727 3429 4795 debere
3491 4726 3913 4813 praecedere:
4001 4748 4202 4812 quare

2263 4818 2445 4884 locus
2487 4816 2594 4881 hic
2637 4823 2862 4882 contra
2902 4836 3022 4882 nos
3062 4835 3198 4881 non
3239 4815 3493 4880 militat.
3579 4813 3837 4880 Deinde
3878 4815 4202 4898 separatio

2264 4904 2411 4969 fieri
2453 4901 2662 4983 debet,
2705 4909 3019 4985 quatenus
3060 4902 3407 4968 necessitas
3448 4899 3572 4965 hoc
3612 4899 3745 4965 fert
3784 4907 3852 4966 et
3892 4900 4199 4993 postulat.

2265 4990 2439 5055 Nam
2481 4988 2662 5056 iubet
2693 4987 2945 5054 Paulus
2980 4986 3610 5053 excommunicatum
3652 4988 3712 5049 2.
3734 4984 3964 5051 Thess.
3999 4988 4039 5049 3
4082 4984 4197 5050 ad-

2266 5094 2534 5141 monere
2607 5079 2915 5157 tanquam
2991 5073 3278 5139 fratrem.
3384 5071 3738 5138 Praeterea
3799 5066 4097 5138 facienda
4156 5087 4199 5168 a

2266 5160 2457 5241 malo,
2521 5179 2655 5225 non
2713 5164 2930 5226 autem
2972 5180 3013 5225 a
3066 5165 3289 5225 sancto
3345 5163 3414 5222 et
3465 5155 3829 5224 necessario
3891 5154 4197 5238 baptismi

2268 5267 2409 5313 usu.
2497 5244 2590 5314 Et
2630 5244 2784 5312 huic
2838 5250 3176 5329 praecepto
3218 5242 3415 5310 Pauli
3471 5242 3583 5308 dili
3631 5247 3814 5308 enter
3867 5241 4197 5322 obtempe-

2267 5339 2420 5399 rant
2459 5331 2688 5411 nostri,
2731 5331 2963 5415 quibus
3003 5350 3152 5397 cum
3195 5329 3412 5414 impiis
3444 5264 3630 5394 mhi}
3652 5323 4022 5393 commercii
4062 5331 4194 5392 est:
