4850 6117
653 411 781 474 403

664 595 826 661 silia.
895 594 1103 661 Audio
1137 616 1177 660 a
1217 594 1375 661 viris
1409 591 1857 678 prudentibus,
1893 599 2187 660 metuere
2209 591 2245 621 ⁴*
2285 613 2371 657 ne
2391 592 2602 658 nostri

663 681 1061 748 messionem
1120 681 1362 748 iustam
1423 679 1776 765 negligant,
1842 679 2119 745 nimium
2164 676 2605 745 cunctabundi

662 767 943 851 spatium
1009 765 1167 832 dent
1231 766 1623 835 adversariis
1686 763 2058 831 instruendi
2122 785 2192 830 se
2246 773 2313 830 et
2366 765 2606 830 confir-

659 852 884 918 mandi
941 873 1049 918 res
1101 872 1272 931 suas,
1339 872 1670 936 quumque
1727 851 1937 917 nostri
1980 850 2258 934 pecunia
2314 856 2383 916 et
2438 849 2605 916 forte

660 947 1025 1004 commeatu
1070 937 1512 1004 destituantur
1567 945 1635 1002 et
1689 937 1823 1003 suis
1876 935 2168 1001 militent
2210 935 2603 1019 sumptibus,

662 1045 745 1089 ne
790 1021 1004 1089 taedio
1045 1024 1291 1090 fractus
1334 1030 1512 1089 totus
1537 1021 1809 1088 diffluat
1849 1021 2193 1088 exercitus.
2280 1020 2605 1087 Memine-

657 1117 816 1175 runt
856 1110 970 1176 isti
1012 1109 1169 1193 quid
1212 1109 1396 1176 nobis
1437 1108 1510 1175 in
1553 1116 1776 1174 nostro
1818 1107 2060 1173 infelici
2104 1105 2273 1173 bello
2309 1107 2605 1173 evenerit

658 1194 945 1276 tandem,
987 1195 1143 1278 quid
1176 1195 1338 1260 item
1370 1192 1884 1279 protestantibus
1922 1193 1994 1258 in
2016 1192 2188 1258 bello
2209 1194 2599 1277 germanico.

661 1279 799 1347 Sed
842 1281 901 1347 si
944 1278 1270 1347 Dominus
1316 1280 1597 1346 voluerit
1635 1279 1933 1346 misereri
1976 1279 2400 1346 ecclesiarum
2445 1276 2604 1343 diri·

660 1373 775 1451 get
816 1374 885 1432 et
925 1364 1282 1431 fortunabit
1324 1366 1607 1433 consilia.
1692 1367 1825 1432 Pro
1867 1386 1999 1448 qua
2040 1386 2113 1431 16
2155 1363 2417 1432 assidue
2461 1384 2602 1430 ora·

658 1473 808 1518 mus
850 1452 1230 1518 Dominum.

829 1537 1066 1604 Restat
1099 1543 1173 1604 ut
1206 1536 1549 1621 aliquando
1586 1536 1722 1616 tibi,
1767 1537 1971 1603 frater
2005 1537 2357 1615 carissime,
2402 1557 2603 1620 expo-

657 1644 813 1689 nam
878 1643 1005 1707 quo
1067 1623 1484 1690 inclinaverit
1548 1623 1814 1689 tandem
1879 1633 2147 1690 conatus
2212 1622 2324 1688 ille
2367 1621 2603 1688 nobilis

657 1708 837 1775 1111116
879 1708 1009 1774 viri
1052 1710 1128 1775 ab
1171 1704 1443 1794 Hallvyl.
1462 1709 1519 1794 ⁴)
1608 1709 1843 1775 Statim
1909 1717 2102 1793 atque
2148 1707 2373 1776 audivi
2421 1708 2601 1792 Θαμ-

654 1796 913 1861 sianum
989 1795 1061 1861 in
1125 1797 1324 1861 armis
1389 1817 1528 1862 esse
1594 1803 1660 1861 et
1702 1795 2044 1861 Lutetiam
2110 1794 2310 1860 etiam
2375 1801 2603 1860 contra

657 1880 863 1965 Regis
906 1879 1186 1946 edictum
1233 1881 1560 1960 festinare,
1604 1881 1743 1947 ursi
1787 1880 2199 1947 creberrimis
2242 1879 2500 1946 nunciis
2535 1889 2604 1945 et

657 1965 863 2032 literis
902 1966 1359 2050 Hallvylerum,
1425 1966 1621 2033 rebus
1666 1964 2005 2050 provideat
2059 1976 2338 2043 mature,
2404 1977 2482 2030 ut
2545 1966 2601 2030 si

654 2053 983 2135 principes
1036 2062 1264 2136 petant
1316 2052 1444 2118 sibi
1506 2054 1683 2118 mitti
1756 2052 2003 2135 equites
2057 2062 2125 2116 et
2181 2051 2448 2135 pedites,
2516 2074 2601 2116 ne

657 2137 792 2203 ulla
855 2158 1039 2203 mora
1092 2137 1424 2204 iniiciatur
1482 2148 1547 2204 et
1599 2146 1847 2206 noceat.
1935 2138 2123 2205 Fecit
2165 2137 2277 2204 1116
2320 2137 2602 2203 fideliter

657 2230 725 2287 et
788 2224 1027 2288 acriter
1091 2224 1262 2306 quod
1328 2224 1559 2307 potuit,
1627 2245 1747 2291 nec
1811 2224 1952 2290 sine
2021 2223 2158 2289 suis
2211 2223 2599 2306 sumptibus.

656 2307 952 2375 Tandem
998 2329 1169 2389 vero,
1212 2330 1295 2373 ne
1340 2310 1562 2375 mulu's
1619 2309 1999 2395 ambagibus
2058 2322 2123 2374 te
2178 2310 2464 2393 fatigem,
2502 2309 2603 2374 ul-

653 2395 815 2458 timo
860 2393 1108 2477 Aprilis
1148 2394 1357 2460 literis
1395 2395 1479 2460 ad
1520 2416 1626 2461 me
1670 2395 1945 2480 scriptis,
2012 2415 2148 2460 non
2213 2396 2378 2460 citra
2421 2394 2601 2460 dolo-

655 2500 794 2544 rem
839 2487 908 2543 et
961 2477 1497 2564 indignationem,
1564 2481 1879 2547 frustrata
1936 2479 2419 2564 exspectatione
2465 2501 2599 2546 res-

651 2563 929 2647 pondet:
992 2564 1354 2648 „Experior
1413 2589 1451 2632 a
1495 2568 1770 2633 comitiis
1823 2567 2109 2633 alsaticis
2168 2573 2237 2632 et
2279 2566 2596 2650 colloquio

657 2648 1078 2727 Zaberniano,
1138 2672 1266 2734 quo
1315 2652 1622 2719 Guisiani
1663 2675 1810 2720 cum
1862 2652 2398 2736 Wiaeicmberyensi
2434 2652 2599 2720 duce

654 2735 1088 2816 contulerunt,
1133 2737 1382 2804 animos
1423 2739 1792 2823 principum
1833 2738 2029 2823 plane
2076 2739 2392 2805 alienatos
2436 2759 2597 2804 esse.

655 2823 832 2887 Ante
895 2821 1020 2887 hoc
1082 2822 1478 2908 colloquium
1542 2847 1620 2890 ea
1692 2844 1950 2891 mecum
2016 2832 2161 2890 acta
2225 2832 2378 2890 sunt·
2434 2845 2599 2908 quae

653 2907 999 2991 postulavi,
1044 2908 1449 2992 principibus
1473 2909 1727 2977 Galliae
1771 2911 2191 2996 significares.
2271 2909 2411 2975 Nec
2435 2910 2598 2975 finxi

652 2991 1026 3076 quidquam,
1114 2992 1228 3060 sed
1293 2996 1563 3061 fuerunt
1628 2996 2149 3063 vehementiores
2213 3016 2408 3081 quam
2475 3016 2596 3080 ego

655 3080 1315 3146 commemoraverim.
1405 3082 1597 3147 Nunc
1662 3092 1901 3162 autem,
1967 3103 2167 3167 quum
2238 3101 2315 3147 66
2372 3090 2598 3165 repeto

657 3171 723 3227 et
787 3163 1022 3229 horum
1087 3165 1263 3249 ipsos
1327 3188 1489 3251 quos
1554 3168 1879 3234 miserunt
1943 3168 2023 3234 ad
2089 3189 2195 3233 me
2258 3166 2597 3245 admoneo,

654 3268 925 3331 prorsus
991 3249 1319 3317 immutati
1384 3254 1802 3338 frigidissime
1843 3252 2300 3338 respondent.“
2383 3253 2599 3319 Mittit

655 3342 875 3399 autem
918 3338 1247 3421 praecipui
1291 3339 1625 3405 cuiusdam
1669 3339 1891 3405 literas
1925 3359 2089 3424 quae
2127 3340 2200 3404 16
2234 3338 2409 3405 11666
2446 3359 2596 3421 pro-

653 3420 1001 3503 pemodum
1042 3425 1439 3491 sententiam
1502 3434 1656 3492 sunt
1699 3427 2009 3513 scriptae:
2082 3423 2259 3502 „Diu
2303 3424 2482 3490 abfui
2524 3425 2595 3490 in

652 3506 1310 3660 31ῗὲῐῶωὲἒέ
1322 3561 1402 3679 ἐ)
1425 3509 1814 3664 ἰᾶὲῗωῗὲ
1848 3509 2156 3665 ωωὼᾚ
2210 3508 2599 3661 ’,ἳὲξοῖἓὲῗε

651 3677 1106 3743 Β166116611616
1153 3678 1236 3746 6(1
1279 3646 1626 3765 principes,
1678 3682 1805 3748 nisi
1849 3683 2017 3747 forte
2061 3649 2227 3748 cla'm
2271 3702 2595 3747 convene·

651 3765 740 3827 rit
785 3763 1262 3848 Rhinyravium.
1286 3772 1341 3844 θ)
1426 3767 1657 3851 Itaque
1714 3768 1879 3833 nihil
1936 3767 2332 3851 postulatum
2392 3774 2496 3833 est
2558 3788 2598 3832 a

654 3849 1070 3932 principibus.
1125 3849 1384 3918 Deinde
1418 3852 1778 3919 indicatum
1813 3868 1911 3919 est
1947 3853 2225 3937 principi
2247 3873 2393 3918 meo
2414 3854 2597 3919 111666

655 3934 901 4014 diebus,
969 3936 1222 4022 Regem
1252 3960 1308 4003 .a
1349 3938 1690 4005 Guisianis
1733 3939 1939 4005 veluti
1984 3940 2319 4022 captivum
2364 3940 2595 4005 teneri.

661 4022 741 4083 At
786 4019 976 4086 rebus
1018 4023 1110 4088 sic
1153 4024 1479 4091 stantibus
1520 4033 1588 4090 et
1629 4026 1814 4110 Rege
1854 4025 1924 4090 in
1961 4025 2262 4091 manibus
2304 4025 2598 4090 inimico-

653 4128 803 4171 rum
847 4108 1221 4189 exsistente,
1264 4110 1405 4193 ipse
1450 4111 1765 4195 intelligis
1808 4133 1940 4176 non
1982 4112 2119 4176 fore
2163 4120 2380 4176 tutum
2416 4113 2597 4195 prin-

649 4193 780 4275 cipi
825 4213 969 4257 11166
1010 4194 1317 4279 colligere
1361 4197 1722 4263 exercitum
1767 4204 1881 4262 aut
1917 4217 1987 4261 66
2029 4199 2301 4263 61166616
2342 4199 2441 4262 161
2484 4217 2596 4261 ve-

649 4277 779 4341 luti
826 4277 1225 4361 desperatae,
1293 4290 1358 4345 et
1414 4302 1615 4366 quum
1669 4281 2037 4347 fautoribus
2080 4282 2415 4366 religionis
2457 4291 2597 4346 tam

655 4362 866 4428 debile
910 4375 977 4428 et
1018 4363 1400 4432 destitutum
1463 4369 1550 4432 sit
1614 4379 1828 4452 caput,
1895 4389 2106 4451 neque
2163 4369 2469 4451 possibile
2512 4369 2598 4433 sit

658 4448 944 4531 equitem
986 4459 1051 4514 et
1106 4451 1392 4534 peditem
1449 4454 1591 4519 sine
1645 4453 2008 4520 sufficiente
2051 4455 2330 4538 pecunia
2372 4462 2439 4519 et
2481 4453 2597 4519 sti-

658 4532 893 4616 pendio
936 4534 1255 4619 colligere.
1344 4539 1544 4623 Ergo,
1588 4548 1665 4605 ut
1707 4561 1838 4605 uno
1880 4539 2081 4606 verbo
2125 4539 2355 4617 dicam,
2401 4538 2598 4605 rebus

656 4619 751 4684 sic
794 4622 1064 4685 mutatis
1106 4621 1273 4687 nihil
1315 4625 1539 4689 auxilii
1585 4625 1795 4692 ausim
1839 4624 1959 4690 tibi
1994 4624 2343 4709 polliceri·⁶
2412 4625 2598 4690 Haec

675 4917 685 4928 .
857 4844 922 4913 4)
963 4842 1114 4913 Quae
1166 4852 1463 4914 sequuntur
1520 4862 1587 4900 ex
1643 4847 1848 4902 nostn's
1898 4848 2151 4916 fontibus
2194 4862 2305 4915 pro
2364 4852 2599 4915 tempore

658 4915 941 4969 summare
971 4928 1083 4967 non
1106 4928 1405 5034 {⁰5⁰33wmm
1436 4922 1486 4969 et
1515 4930 1615 4983 per
1650 4930 1706 4970 se
1739 4916 1879 4971 satis
1911 4916 2144 4971 obscura
2178 4922 2320 4970 sunt.

864 4980 925 5117 ἓξ
939 4980 1312 5131 ,ἔζιιῗιςναῖιυο
1344 5055 1465 5105 erat
1496 5050 1594 5105 sed
1625 5051 1916 5135 6616161116
1950 5052 2220 5135 serviebat
2246 5058 2299 5107 et
2329 5068 2422 5123 ap.
2471 5053 2596 5107 Dre-

656 5123 809 5243 :²:535
833 5117 2414 5268 gafflffiffmwwmfflfflfl
2435 5123 2598 5246 333

655 5255 1120 5393 ἃοαεῦεῑὲἦέιῖσπα
1170 5257 1266 5311 sod
1313 5256 1578 5327 repulsam
1627 5259 1766 5314 tulit.
1867 5257 2150 5328 (Imma
2190 5274 2245 5327 p.
2320 5258 2402 5314 19.
2451 5259 2597 5314 Bar·

2161 402 2689 473 EPISTOLAE
2727 405 3152 473 3⁷81—3784

4482 411 4577 473 404

2704 596 3212 766 ffi‘ffiffi.
3227 596 3357 747 ²3³..
3371 594 3657 765 *iffi
3685 591 4196 745 31333631
4233 592 4584 763 ’6ἫῶῨέ

2702 766 2827 835 1166
2869 768 3133 834 6661166
3167 767 3550 853 gravissime
3584 786 3707 832 con
3751 764 4024 843 ueritur,
4070 771 4140 829 et
4171 762 4290 829 sibi
4326 764 4588 849 bonisque

2703 854 3059 921 maximam
3123 854 3429 919 iniuriam
3497 852 3638 918 fieri
3692 873 3728 918 6
3756 857 3949 916 61661.
4037 849 4220 915 Ρ6111
4288 858 4360 915 ut
4415 850 4589 934 ipsum

2704 938 2876 1024 apud
2921 948 2987 1006 te
3030 948 3097 1006 et
3141 940 3463 1024 principes
3508 957 3834 1005 excusem.
3923 934 4015 1001 86
4057 935 4164 1003 hic
4219 934 4383 1000 nihil
4421 936 4590 1020 egisse

2702 1047 2786 1091 ex
2842 1027 3186 1110 semetipso
3240 1035 3355 1091 aut
3435 1023 3581 1090 dolo
3633 1023 3822 1090 malo.
3910 1022 4053 1107 Ego
4109 1040 4267 1089 vero
4325 1021 4393 1085 in
4447 1020 4593 1087 hisce

2702 1109 3189 1178 difficultatibus
3223 1132 3355 1176 non
3392 1108 3671 1177 arbitror
3704 1107 4094 1187 consultum,
4130 1114 4205 1172 ut
4238 1106 4595 1192 principibus

2700 1197 2863 1265 11666
2898 1197 3172 1282 perfidia
3205 1195 3565 1281 detegatur,
3601 1194 3715 1262 sed
3749 1193 3912 1260 61166
3951 1214 4068 1278 per
4101 1193 4484 1260 occasionem
4514 1193 4595 1257 in·

2701 1282 2971 1362 dicetur,
3031 1283 3160 1349 nisi
3201 1283 3380 1349 aliud
3422 1281 3543 1348 tibi
3584 1281 3782 1348 fuerit
3822 1280 4056 1347 visum.
4143 1279 4289 1363 Ego
4332 1278 4596 1361 suspicor,

2699 1370 2832 1435 1166
2875 1368 3097 1435 videre
3139 1390 3246 1435 me
3288 1367 3583 1446 arbitror,
3624 1368 3787 1434 istos
3820 1366 4118 1432 homines
4152 1364 4298 1431 odio
4334 1364 4597 1431 sincerio-

2701 1456 2794 1522 ris
2837 1455 3168 1522 doctrinae
3210 1454 3418 1521 multa
3460 1453 3729 1539 indigna
3769 1453 3999 1518 facere.
4081 1449 4271 1533 Quae
4313 1448 4598 1515 Dominus

2701 1560 2819 1607 suo
2882 1549 3175 1625 tempore
3238 1541 3541 1625 requiret.
3631 1538 3706 1605 81
3772 1537 4152 1622 simpliciter
4205 1536 4600 1619 reciperemus

2700 1627 3168 1694 confessionem
3210 1628 3686 1712 Augustanam,
3730 1623 3899 1690 forte
3941 1644 4026 1688 ne
4071 1632 4227 1689 tunc
4262 1620 4507 1705 quidem
4543 1622 4601 1685 fi-

2703 1712 2931 1779 deliter
2973 1713 3277 1779 iuvarent
3337 1733 3475 1779 nos.
3566 1711 3891 1777 Dominus
3946 1731 4074 1774 non
4132 1707 4279 1775 vult
4320 1728 4437 1773 nos
4472 1726 4604 1790 pen-

2701 1797 2854 1863 dere
2898 1799 2978 1864 ab
3024 1798 3413 1877 hominibus,
3476 1798 3593 1865 sed
3636 1820 3675 1862 a
3719 1817 3791 1863 se
3834 1795 3988 1862 solo.
4080 1794 4265 1859 Adsit
4304 1792 4411 1859 1116
4450 1793 4603 1857 66616

2701 1893 2768 1950 61
2810 1892 3030 1950 servet
3070 1906 3204 1950 nos.
3267 1883 3478 1950 Valde
3514 1906 3620 1949 me
3654 1884 3780 1948 ista
3817 1881 4100 1960 turbant,
4146 1879 4259 1945 sed
4280 1877 4606 1944 Dominum

2701 1989 2817 2036 oro
2861 1979 2936 2036 ut
2980 1971 3188 2037 nostri
3231 1971 3635 2037 misereatur.
3725 1967 3921 2035 Nolui
3984 1975 4203 2031 tamen
4246 1965 4411 2031 11666
4450 1965 4469 2029 1
4550 1983 4605 2027 o·

2700 2076 2898 2122 16166.
2986 2057 3088 2121 ΤΠ
3142 2056 3224 2122 116
3283 2057 3447 2123 6666
3501 2063 3685 2121 utere
3742 2055 3825 2134 (si
3889 2050 4081 2118 modo
4143 2053 4354 2117 bonus
4409 2049 4607 2132 aliquis

2701 2163 2926 2208 eorum
2968 2164 3127 2209 usus
3171 2150 3296 2218 est)
3342 2164 3458 2226 pro
3505 2150 3619 2206 tua
3658 2141 3898 2225 pietate
3942 2147 4008 2203 et
4052 2136 4415 2221 prudentia.

2868 2227 3439 2294 Festinantissime
3484 2227 3644 2293 haec
3686 2225 3936 2309 scripsi,
3982 2222 4255 2308 proinde
4297 2220 4449 2287 boni
4480 2241 4606 2320 666-

2700 2314 2858 2380 sule.
2947 2314 3038 2379 Et
3079 2315 3137 2380 si
3191 2312 3345 2399 quid
3402 2313 3561 2379 certi
3608 2312 3932 2395 acceperis
3998 2310 4079 2375 de
4122 2307 4317 2375 rebus
4361 2306 4609 2382 Galbae,

2701 2399 2888 2466 nobis
2932 2400 3408 2467 communicare
3454 2420 3669 2484 perge.
3738 2398 3912 2464 Miro
3957 2398 4131 2462 enim
4173 2394 4281 2460 hic
4326 2393 4610 2460 desiderio

2703 2498 3025 2565 tenemur,
3067 2485 3328 2553 solliciti
3365 2507 3590 2551 sumus
3635 2492 3701 2549 et
3735 2484 4059 2567 angimur,
4104 2487 4367 2546 orantes
4412 2477 4614 2577 Domi·

2703 2592 2865 2637 num
2901 2593 2984 2636 ne
3007 2581 3105 2636 tot
3136 2572 3465 2655 tantisque
3487 2570 3655 2636 desit
3677 2569 3985 2644 eeclesiis,
4009 2589 4174 2633 neve
4195 2586 4316 2632 nos
4338 2563 4542 2631 tradat
4557 2583 4614 2626 16

2703 2678 2942 2723 manus
2995 2658 3284 2724 hostium
3338 2667 3729 2735 nostrorum,
3837 2656 3908 2720 ui
3948 2653 4309 2720 Dominum
4368 2650 4617 2717 oderunt

2703 2751 2768 2809 et
2823 2744 3163 2810 veritatem
3219 2743 3662 2811 conculcatam
3723 2763 3803 2809 vo
3830 2750 3966 2806 unt.
4056 2738 4241 2820 Vale,
4305 2758 4440 2803 una
4489 2754 4616 2801 cum

2702 2828 3014 2896 fratribus
3069 2837 3138 2895 et
3195 2829 3579 2915 symmystis
3632 2827 3952 2894 omnibus.
4040 2824 4267 2893 Nostri
4307 2842 4526 2889 omnes
4562 2828 4616 2883 te

2703 2936 2834 2982 una
2876 2937 3026 2983 cum
3070 2915 3200 2981 tuis
3244 2914 3549 2982 salutant.
3639 2912 3872 3000 Tiguri
3915 2916 3973 2978 3.
4019 2911 4182 2977 Maii
4234 2913 4415 2976 1562.

3670 3053 3852 3116 Tuus
3893 3049 4004 3115 ille
4049 3068 4242 3132 quem
4284 3049 4471 3112 nosti.

2872 3256 3206 3344 Significa,
3267 3259 3548 3337 obsecro,
3614 3278 3697 3325 an
3742 3258 3867 3324 hae
3910 3256 4029 3323 tibi

2699 3343 2931 3410 literae
2996 3343 3275 3411 traditae
3337 3347 3469 3411 sint
3539 3353 3812 3410 mature.
3898 3343 4030 3410 Eas

2699 3449 2836 3495 666
2879 3429 3062 3496 licuit
3105 3430 3412 3517 relegere.

3565 4145 3763 4215 3782.

3154 4299 3497 4367 ERBIUS
3552 4296 4186 4367 BULLINGERO.

2876 4473 3035 4555 Spes
3109 4478 3199 4537 est
3260 4478 3330 4536 ut
3391 4474 3464 4536 in
3524 4472 3752 4538 ditione
3806 4469 4240 4552 Rappoltstein
4305 4467 4623 4550 maclam

2705 4559 3004 4626 Palatino
3047 4557 3432 4642 evanyezium
3452 4557 3753 4623 abdicato
3785 4561 4034 4639 papatu
4074 4556 4452 4622 restituam.

2698 4731 2809 4801 (Ex
2842 4738 2968 4786 auto
3068 4730 3177 4800 pho
3210 4728 3372 4781 Arch.
3410 4727 3586 4781 Turio.
3623 4727 3763 4781 Plut.
3804 4726 3901 4794 VI,
3928 4726 4046 4782 Vol.
4066 4724 4184 4793 176,
4220 4727 4352 4781 olim
4370 4725 4531 4782 scrin.
4566 4722 4619 4776 Β.

3060 4816 3112 4870 p.
3148 4796 3299 4851 Tom-
3335 4794 3421 4859 37,
3454 4795 3546 4851 fol.
3582 4795 3699 4850 218.
3741 4823 3801 4834 -—
3838 4794 4035 4851 Simler
4069 4795 4194 4849 Vol.
4234 4793 4376 4862 106.)

2870 4970 3108 5038 Gratia
3162 4969 3283 5035 filii
3324 4969 3452 5035 Dei
3493 4980 3723 5035 tecum.
3816 4970 3959 5035 Etsi
4003 4968 4223 5046 velim,
4270 4964 4619 5032 doctissime

2697 5056 3102 5142 Bullingere,
3166 5055 3361 5140 plura
3410 5053 3531 5121 tibi
3582 5055 3885 5135 scribere,
3946 5060 4120 5121 certe
4175 5072 4309 5119 666
4371 5067 4621 5137 possum

2698 5143 2780 5209 ob
2822 5140 3403 5208 inflammationem
3445 5139 3697 5208 sinistri
3740 5138 3943 5226 pedis,
4010 5160 4175 5225 quae
4215 5137 4381 5205 mihi
4420 5135 4623 5221 priore

2698 5226 3105 5295 hebdomada
3145 5227 3421 5310 contigit
3463 5248 3547 5292 ex
3590 5226 3833 5313 herysy
3880 5227 3988 5306 ila,
4032 5235 4150 5293 etc.
4215 5224 4301 5290 In
4337 5224 4458 5289 1166
4491 5239 4617 5319 ιζθρ,

2698 5313 3303 5398 Rappoltsteinensi
3348 5333 3495 5396 spes
3539 5320 3640 5379 est
3682 5322 3757 5379 ut
3791 5334 3831 5378 a
3875 5312 4088 5379 dicato
4123 5318 4364 5395 papatu
4382 5309 4617 5376 ohnsn
