4850 6117
266 398 380 462 15¹7

424 580 498 648 S.
571 581 764 662 Ecce,
886 601 1046 648 uum
1120 580 1256 647 iam
1319 581 1446 646 iter
1510 580 1847 667 ingressus
1910 600 2124 649 essem
2148 585 2199 661 ¹)

262 675 592 735 revocatus
648 688 798 734 sum
913 667 1187 735 osidom'i
1203 667 1260 750 ²)
1316 665 1549 747 literis,
1607 669 1714 734 cui
1767 689 1845 734 eo
1886 665 2201 734 libentius

261 774 404 822 sum
435 774 476 820 o
630 761 831 820 nutus
863 750 1041 836 quod
1072 758 1328 837 patrem
1360 753 1598 820 rescivi
1620 758 1814 820 extra
1832 752 2202 838 periculum

261 859 412 909 esse.
437 838 493 922 ⁸)
647 837 831 906 istuli
892 838 1099 923 igitur
1161 838 1629 923 profectionem
1693 839 1778 910 ad
1820 839 2048 907 Nonas
2089 837 2201 906 Ia-

258 924 485 1008 nuarii,
568 945 698 1008 quo
768 931 1066 1008 tempore
1141 945 1333 1009 spero
1398 924 1664 992 omnino
1737 924 2199 992 dimittendum

259 1019 645 1079 conventum
703 1009 816 1094 qui
882 1009 968 1076 ad
1029 1032 1129 1077 xx
1192 1009 1392 1077 huius
1449 1010 1697 1078 mensis
1750 1010 2117 1080 habebitur.
2140 1015 2197 1086 ⁴)

258 1097 515 1163 Interea
555 1103 874 1181 quantum
918 1117 1003 1164 ex
1046 1095 1382 1163 Posidonii
1424 1097 1637 1162 literis
1692 1098 1971 1183 cognovi
2008 1117 2199 1180 prae-

257 1181 461 1250 sentia
502 1202 651 1248 mea
692 1203 827 1249 non
870 1181 1000 1248 erit
1039 1181 1315 1263 inutilis,
1358 1190 1436 1247 ut
1468 1182 1699 1249 saltem
1736 1205 1847 1249 eos
1879 1183 1951 1248 in
1984 1182 2199 1250 officio

257 1267 637 1347 contineam,
695 1289 857 1352 quos
898 1266 1145 1350 scribit,
1211 1267 1412 1336 simul
1456 1277 1648 1352 atque
1691 1267 1977 1350 discessi,
2032 1288 2200 1335 non-

254 1352 412 1454 nihil
490 1351 808 1453 dissidere
874 1354 1179 1454 coepisse.
1290 1353 1459 1454 Heri
1524 1364 1788 1422 coactus
1855 1353 2199 1455 hominum

255 1438 1619 1626 estzssffmsffihfflffi.
1653 1440 2199 1625 affixe:

256 1633 374 1678 nus
413 1631 716 1678 omnium
758 1610 1062 1677 ordinum
1105 1612 1233 1678 viri
1276 1619 1345 1678 et
1384 1611 1669 1678 femmae
1712 1612 1795 1678 ad
1829 1633 1948 1679 sex
1990 1610 2201 1677 millia

256 1695 371 1763 sub
390 1695 498 1763 dio
518 1699 967 1764 convenirent.
1021 1697 1310 1764 Tantum
1330 1698 1697 1764 animorum
1718 1696 2016 1764 ardorem
2036 1719 2201 1763 nun-

255 1803 443 1866 quam
502 1781 961 1849 animadverti.
1052 1781 1188 1849 Sed
1242 1783 1439 1868 plane
1486 1783 1875 1850 miserabilis
1919 1792 2061 1850 erat
2101 1782 2198 1848 fa-

256 1868 391 1935 cies.
477 1867 715 1951 Itaque
777 1888 1004 1935 omnes
1066 1867 1150 1934 ad
1208 1871 1643 1935 constantiam
1700 1868 2002 1936 hortatus
2043 1889 2198 1935 con-

255 1955 496 2020 cionem
542 1953 791 2038 abrupi.
862 1953 1030 2021 Oras
1071 1953 1142 2020 in
1187 1954 1406 2021 aulam
1448 1973 1756 2022 reversus
1799 1955 2021 2020 omnia
2052 1963 2199 2020 ten-

256 2038 519 2191 taffie
555 2039 764 2106 multo
799 2039 1022 2125 plures
1053 2061 1232 2107 nunc
1265 2040 1452 2125 aquis
1488 2061 1683 2124 quam
1719 2040 1877 2106 olim
1913 2039 2199 2107 flammis

256 2146 331 2209 pe
493 2132 629 2191 tur.

414 2210 686 2276 Audisti
726 2210 955 2294 procul
1000 2210 1196 2278 dubio
1239 2210 1321 2278 de
1375 2211 1660 2296 quadam
1703 2212 2065 2279 Serbonica
2123 2219 2202 2277 ut

256 2305 481 2365 vocant
540 2297 884 2377 tentativa,
946 2296 1019 2362 in
1076 2317 1207 2382 qua
1259 2318 1298 2362 a
1348 2297 1581 2364 ‘tatum
1631 2298 1757 2363 fuit
1820 2297 1901 2364 de
1942 2319 2203 2365 summa

255 2389 570 2534 Rotestate
611 2402 818 2466 papae
865 2381 936 2447 in
996 2382 1323 2467 spirituali
1368 2405 1447 2450 us
1503 2393 1570 2450 et
1625 2383 2112 2469 temporalibus.
2145 2388 2199 2462 ο)

312 2467 748 2535 udiustertius
788 2467 1034 2535 factum
1076 2476 1178 2534 est
1220 2469 1881 2551 senatusconsultum,
1926 2491 2054 2555 quo
2096 2470 2198 2536 iu-

256 2553 482 2620 bentur
554 2553 683 2620 duo
744 2554 1045 2639 magistri
1108 2556 1323 2621 nostri
1376 2562 1521 2621 tum
1575 2558 1645 2621 in
1707 2557 2012 2641 proxima
2076 2577 2199 2623 sua

258 2638 709 2725 disputatione,
756 2646 895 2706 tum
930 2639 1129 2706 etiam
1162 2640 1234 2705 in
1270 2639 1420 2708 aula
1454 2660 1674 2709 coram
1710 2642 1982 2709 consilio
2016 2641 2200 2728 regio

256 2726 764 2809 propositionem
800 2726 1103 2792 abiurare
1137 2734 1205 2792 et
1236 2728 1500 2794 veniam
1538 2748 1578 2794 a
1621 2728 1803 2814 regia
1828 2728 2198 2808 Maiestate,

258 2811 445 2878 totius
488 2810 826 2879 facultatis
868 2812 1136 2878 nomine
1168 2814 1439 2896 precari.

414 2897 615 2963 Missi
659 2906 815 2964 sunt
857 2896 985 2964 duo
1029 2898 1337 2983 Legati&
1379 2899 1451 2965 in
1493 2898 1932 2981 Provinciam,
1979 2898 2092 2983 qui
2125 2899 2199 2965 in

261 3462 309 3517 Π
358 3394 483 3518 4623
558 3393 727 3465 Quem
770 3401 951 3451 tanen
990 3402 1182 3464 postea
1229 3397 1568 3464 superstitem
1610 3410 1721 3451 non
1766 3394 1919 3451 vidit.
1987 3394 2200 3464 (Bam

262 3598 354 3656 σοι
406 3600 444 3656 1
485 3537 513 3600 )
551 3531 621 3589 de
652 3548 759 3603 quo
794 3534 1019 3601 saepius
1051 3548 1242 3602 capra.
1301 3532 1586 3589 Caeterum
1616 3539 1949 3603 proroqotus
1979 3533 2093 3599 fluit
2125 3531 2205 3588 ad

357 3638 370 3652 .
441 3617 540 3656 an.

451 3669 515 3737 5)
553 3669 668 3727 sca.
713 3669 777 3725 in
812 3668 1168 3738 Popincourt,
1212 3670 1492 3740 fauboary
1535 3668 1595 3726 S.
1643 3671 1898 3737 Antoine,
1945 3671 2045 3726 ubi
2068 3684 2200 3740 pro-

262 3739 573 3795 testantium
616 3744 915 3794 conum
958 3739 1225 3795 celebrari
1278 3739 1495 3795 solebat.
1580 3739 1875 3795 Habebunt
1913 3741 2203 3810 praeterea

261 3807 421 3862 aliam
465 3807 662 3874 locum,
709 3808 758 3862 le
805 3806 1129 3864 Patriarche
1183 3807 1406 3877 dictum,
1450 3809 1514 3864 ia
1556 3810 1815 3866 suburbio
1864 3807 1921 3863 8.
1972 3809 2202 3865 Marcet.

265 3874 332 3931 la
364 3890 426 3933 eo
456 3881 731 3933 oenventa
781 3875 850 3932 de
890 3892 1000 3947 quo
1046 3877 1136 3933 bic
1179 3877 1417 3948 loquitur
1460 3877 1675 3934 decreta
1705 3879 1818 3945 fuit
1850 3879 2202 3949 &mosyna-

590 3960 681 4000 am
715 3944 1123 4001 administratio
1157 3945 1448 4013 (Bruclart
1479 3948 1513 4001 1.
1547 3947 1584 4001 1.
1616 3947 1660 4002 1.
1694 3946 1802 4016 66).

455 4013 525 4084 6)
564 4012 810 4069 Journal
860 4013 927 4069 de
974 4014 1241 4070 Bruclart
1288 4015 1333 4070 I.
1386 4014 1486 4069 60.-
1550 4016 1627 4072 Μ.
1679 4016 1732 4070 le
1785 4015 1974 4087 prince
2026 4016 2095 4071 de
2148 4016 2204 4068 la

262 4081 714 4139 Rcche-eur-ch
748 4088 807 4137 et
839 4083 915 4139 M.
950 4084 1004 4136 le
1030 4084 1345 4138 Chaucelier
1379 4083 1545 4139 firent
1577 4085 1815 4155 plaincte
1849 4088 1885 4141 a
1909 4084 2202 4139 Messieurs

262 4151 327 4205 de
356 4153 411 4206 la
443 4152 619 4208 Gom-t
653 4152 723 4206 de
756 4152 1068 4206 Parlement
1111 4154 1181 4207 de
1224 4169 1287 4207 ce
1323 4153 1455 4223 qu’il
1490 4152 1699 4210 s'estoit
1740 4159 1904 4208 tenue
1938 4170 2044 4208 une
2077 4170 2202 4224 pro-

264 4221 489 4290 position
529 4237 633 4291 par
684 4239 759 4276 un
792 4220 1128 4291 Theologien
1162 4219 1340 4288 (Jean
1384 4221 1712 4292 Ταυρίωνα)
1755 4224 1851 4292 qui
1900 4223 2204 4277 demeuroit

264 4305 328 4342 au
358 4291 564 4358 college
600 4290 670 4343 de
695 4289 1003 4345 Harecourt
1037 4307 1145 4360 que
1182 4289 1347 4370 Papa
1451 4294 1553 4347 test
1583 4305 1737 4360 reyes
1769 4299 1821 4345 et
1851 4291 2204 4361 imperatores

267 4356 552 4416 melicos
699 4373 876 4416 onere.
957 4357 1044 4424 Of.
1090 4357 1293 4414 Butam
1398 4362 1485 4414 ist.
1532 4360 1688 4415 univ.
1729 4357 1903 4415 Paris
1943 4359 2036 4415 VI.
2080 4357 2186 4414 545

267 4454 327 4466 -
747 4443 805 4497 p.
841 4428 912 4481 11.
949 4426 1068 4482 160.
1104 4427 1158 4481 ἀ.
1195 4428 1249 4482 ἄ.
1281 4425 1368 4483 26.
1404 4427 1575 4484 Non„-
1642 4427 1995 4484 Serbonistae
2028 4445 2205 4499 nuper

268 4495 609 4577 disputarunt
648 4513 720 4550 an
773 4497 934 4551 liceat
978 4496 1229 4564 Pontifici
1279 4497 1435 4551 Rom.
1615 4515 1672 4551 m
1722 4497 2056 4551 haereticum
2110 4502 2207 4550 aut

267 4564 657 4620 schismaticum
692 4571 790 4621 aut
823 4566 1191 4624 discedentem
1226 4566 1297 4618 ab
1330 4564 1645 4621 obedientia
1676 4566 1955 4636 pontificia
1986 4567 2205 4636 privare

268 4649 427 4704 regno
462 4640 522 4688 et
553 4650 783 4715 regumn
825 4634 995 4716 ipsius
1040 4635 1099 4688 in
1143 4633 1310 4688 alium
1353 4634 1668 4690 transferre.
1739 4636 1968 4700 Quidam
2018 4636 2211 4690 dicunt

269 4718 355 4783 eps
394 4702 740 4786 conclusisse,
774 4703 868 4758 alii
910 4704 1099 4786 dicunt
1149 4703 1286 4758 nihil
1329 4704 1467 4757 certi
1500 4704 1862 4760 constituisse.
1933 4703 2209 4774 Quidquid

268 4771 1477 4924 fflffffffl⁰m⁸mtt⁰3ini⁸ssinp¹ffipi⁸3²qi⁰fi
1505 4773 1937 4924 ἓξὲξῗξιὶῑηῗῗῗ
1945 4773 2209 4911 ὧῗζῃῗῧῖ

269 4908 565 4978 seditiosos,
602 4914 839 4979 suntque
873 4926 941 4964 ex
974 4926 1110 4979 lpsis
1144 4911 1313 4980 aliqui
1346 4927 1457 4963 lam
1490 4911 1683 4965 traditi
1716 4911 2008 4966 custodiae.

464 4976 521 5044 7)
559 4976 881 5045 Praefectus
900 4977 1237 5036 Provinciae
1252 4979 1320 5034 de
1336 4978 1615 5048 Flassans
1642 4986 2007 5050 protestantes
2039 4996 2107 5034 ex
2141 4995 2209 5036 ea

273 5046 450 5127 eiicere
483 5052 713 5103 conam
741 5047 945 5114 fuerat.
1015 5046 1193 5117 Quum
1226 5048 1418 5103 turbas
1450 5048 1581 5104 inde
1612 5056 1779 5105 natas
1814 5047 2212 5132 ⁴lgocmmtencmg

272 5115 709 5240 &offla-if.
744 5116 867 5241 25..
878 5117 1088 5241 {52²ae
1106 5131 1502 5267 1232325⁶3YF11⁶
1505 5133 1658 5257 ω’ἑέῗ
1676 5124 2210 5257 mrtem

272 5252 693 5388 ἓέὢξαιέἒέιοίιῐ
707 5254 812 5376 832
845 5255 1024 5394 8Ρειᾶιῖει.
1103 5252 1213 5322 Qut
1263 5253 1314 5308 d.
1370 5254 1454 5311 10.
1490 5255 1624 5313 Dec.
1677 5272 1736 5312 eo
1778 5256 2015 5325 profecti
2061 5261 2207 5313 sant.

1940 394 2096 456 1561
2148 390 2558 472 DEOEMB.

4127 405 4250 466 158

2300 580 2571 648 sicarios
2648 587 2718 647 et
2790 578 3133 647 seditiosos
3196 578 3345 652 illos
3406 581 3765 665 inquirant.
3868 581 4169 649 Totidem
4195 587 4248 668 ⁸)

2302 667 2611 734 destinati
2675 676 2834 734 sunt
2895 668 3028 733 iam
3089 663 3348 749 pridem
3412 666 3767 747 Occitanis,
3843 670 3961 735 sed
4022 687 4250 736 eorum

2300 753 2497 837 culpa
2556 752 2772 820 adhuc
2813 752 3091 819 haerent
3131 752 3203 817 in
3245 752 3426 819 urbe.
3524 753 3562 819 1
3673 774 3759 820 ue
3800 773 3939 820 non
3981 775 4090 822 me
4129 756 4250 823 sed

2301 858 2373 903 se
2428 840 2607 924 ipsos
2660 847 2967 905 accusent
3020 846 3297 921 oportet.
3383 838 3584 923 Apud
3699 837 3975 908 adurcos
3997 844 4050 918 ⁹)
4094 862 4246 908 nar-

2298 933 2534 991 rantur
2575 927 2660 989 43
2704 945 2789 989 ex
2830 924 3077 991 nostris
3119 943 3252 990 uno
3293 924 3586 991 hostium
3621 926 3875 1009 impetu
3917 927 4246 994 trucidati.

2301 1008 2494 1091 Quae
2533 1010 2885 1077 crudelitas
2940 1030 3188 1089 omnes,
3245 1018 3320 1076 ut
3362 1030 3574 1095 spero,
3611 1011 4059 1079 commovebit.
4125 1013 4247 1079 Al-

2300 1094 2542 1162 biniaci
2603 1095 2834 1180 regulo
2858 1097 2946 1174 ¹⁰)
3012 1095 3155 1161 dies
3207 1093 3422 1163 dictus
3477 1107 3596 1176 est,
3673 1107 3752 1162 ut
3814 1118 4035 1164 coram
4090 1119 4247 1184 rege

2298 1184 2621 1249 rationem
2664 1180 2898 1248 reddat
2937 1181 3297 1247 multorum
3339 1203 3510 1265 quae
3541 1184 3612 1247 in
3654 1191 3914 1250 nostros
3947 1184 4249 1269 arguitur

2298 1266 2720 1336 commisisse.
2791 1266 3400 1367 Sacrocaesariensts
3440 1289 3676 1347 comes,
3702 1273 3819 1369 ¹¹).
3842 1270 3952 1352 qui
3996 1280 4065 1335 et
4101 1271 4246 1355 ipse

2298 1375 2433 1505 ῒὲἒ
2449 1353 2922 1519 midam,
2916 1353 3142 1505 ΞΕ.
3156 1351 3603 1538 Ὑξὲὲἓὶἐὲῗ
3626 1355 4249 1524 ffiffi'ssuffl

2300 1525 2456 1592 hoc'
2479 1526 2652 1592 facto
2709 1525 2779 1591 in
2836 1526 3013 1609 regis
3068 1523 3336 1589 consllio
3395 1525 3804 1606 decernatur,
3855 1527 3967 1594 ubi
4021 1528 4250 1612 procul

2302 1608 2499 1763 dubniff
2542 1609 2996 1690 obtinebimus,
3039 1611 3169 1676 nisi
3214 1610 3427 1675 omnis
3486 1613 3744 1678 iustitia
3783 1633 4053 1695 prorsus
4094 1613 4252 1680 hinc

2300 1718 2420 1763 exs
2492 1704 2576 1763 et.

2472 1781 2864 1865 Borqoinum
2896 1790 3191 1848 nostrum
3228 1779 3504 1848 miratus
3543 1803 3692 1848 sum
3735 1782 3819 1848 ad
3853 1783 4248 1851 Caldomon-

2300 1876 2498 1934 tanos
2523 1868 2605 1946 ι9)
2639 1868 2931 1946 missum,
2967 1868 3082 1951 qui
3113 1865 3305 1951 pauci
3338 1876 3495 1933 sunt
3528 1876 3595 1932 et
3626 1866 3923 1934 hostibus
3946 1872 4253 1953 proximi.

2300 1954 2576 2021 Mallem
2610 1973 2992 2020 concessum
3014 1952 3357 2019 Ambianis
3378 1953 3488 2018 vel
3507 1953 3946 2021 Rhenonibus
3980 1958 4091 2040 qui
4125 1977 4249 2026 nos

2302 2041 2445 2107 suis
2488 2038 2769 2105 assiduis
2808 2037 3323 2123 flagitationibus
3364 2037 3662 2124 fatigant.
3733 2040 3845 2106 Ex
3882 2041 4027 2107 istis
4061 2041 4250 2108 facile

2300 2124 2664 2209 intelliges,
2728 2126 2822 2190 mi
2883 2131 3090 2211 pater,
3156 2123 3524 2191 timendum
3575 2145 3711 2190 non
3765 2146 3927 2204 esse,
3990 2148 4074 2192 ne
4136 2128 4248 2194 vel

2304 2210 2544 2278 delitiis
2595 2210 2707 2277 vel
2748 2211 2881 2276 otio
2920 2230 3335 2278 marcescam.
3421 2210 3696 2276 Utinam
3738 2212 3854 2294 qui
3902 2211 4069 2277 mihi
4110 2214 4248 2278 ani·

2301 2318 2487 2364 mum
2527 2296 2763 2363 tribuit
2803 2317 2922 2381 pro
2964 2317 3084 2364 sua
3124 2295 3574 2363 misericordia
3629 2297 3805 2364 vires
3847 2299 4047 2363 etiam
4088 2319 4249 2383 sup-

2301 2383 2569 2468 peditet.
2638 2382 2931 2449 Coenam
2975 2381 3446 2449 celebravimus
3479 2381 3788 2449 Oalendis
3820 2382 4019 2449 huius
4060 2404 4248 2450 men·

2303 2469 2398 2536 sis
2476 2469 2549 2534 in
2624 2474 2840 2535 castro
2914 2470 3090 2552 quod
3159 2476 3264 2534 est
3327 2468 3783 2553 Sangermano
3849 2470 4244 2554 contiguum.

2301 2554 2755 2621 Interfuerunt
2819 2553 3081 2621 circiter
3142 2554 3560 2638 septingenta
3627 2555 3845 2638 capita
3898 2564 3967 2621 et
4018 2557 4090 2620 in
4144 2554 4251 2621 his

2304 2640 2709 2718 Navarrena,
2772 2640 3200 2707 Admiraldus
3237 2660 3388 2706 cum
3430 2660 3636 2706 uxore
3677 2648 3747 2705 et
3786 2641 4100 2725 principis
4144 2660 4249 2707 so-

2302 2749 2472 2794 crus.
2499 2730 2586 2805 ¹⁸)
2671 2726 2845 2792 Nam
2887 2727 3197 2810 princeps
3238 2727 3378 2811 ipse
3412 2747 3563 2792 cum
3597 2746 3806 2792 uxore
3840 2747 3958 2810 per
3995 2726 4253 2793 valetu-

2305 2812 2526 2879 dinem
2589 2811 2818 2879 adesse
2880 2833 3014 2878 non
3070 2811 3301 2895 potuit.
3398 2811 3783 2897 Ringuntur
3842 2812 4054 2892 multi,
4133 2813 4254 2878 sed

2303 2899 2570 2999 frustra.
2651 2898 3046 2997 'ljrecensem
3086 2897 3303 2982 episco
3349 2918 3463 2962 um
3485 2901 3574 2981 ²⁴)
3617 2898 3809 2963 audio
3867 2919 3986 2964 suo
4050 2899 4252 2964 etiam

2302 2992 3281 3152 iqgslgiqggatgguffi'bmtbssgoeilla
3312 2982 4255 3155 offisahgfipxffgugoegilanez

2300 3177 2422 3241 pro
2463 3156 2548 3222 iis
2585 3176 2893 3241 magnam
2928 3156 3048 3224 tibi
3082 3154 3364 3241 gratiam
3399 3154 3610 3222 habeo
3643 3156 3938 3222 omnium
3972 3156 4254 3222 fratrum

2301 3242 2590 3322 nomine,
2632 3240 2872 3326 quibus
2913 3241 3024 3309 hic
3065 3248 3224 3309 tuus
3264 3240 3448 3307 labor
3479 3241 3608 3307 fuit
3640 3243 4072 3326 gratissimus.
4144 3239 4253 3306 De

2301 3328 2632 3395 Baldwino
2653 3332 2740 3407 ¹³)
2793 3328 2906 3394 illo
2959 3327 3403 3395 infelicissimo
3454 3325 3612 3411 quid
3667 3327 3834 3392 mihi
3880 3326 4253 3394 faciendum

2300 3421 2512 3498 putes,
2557 3414 2724 3481 scire
2765 3415 3094 3501 percupio,
3137 3434 3261 3480 nec
3294 3413 3467 3497 ullae
3501 3433 3611 3479 me
3643 3433 3840 3479 curae
3873 3413 4251 3498 impedient,

2299 3501 2654 3654 ffiminm
2718 3500 3040 3568 desiderio
3106 3521 3268 3580 meo,
3348 3500 3404 3565 si
3449 3499 3569 3566 tibi
3632 3498 3980 3579 videbitur,
4060 3498 4252 3565 satis-

2426 3605 2554 3652 am.

2506 3809 2570 3947 83
2601 3809 2779 3864 Buris
2812 3813 2865 3863 et
2899 3807 3144 3874 Monate,
3179 3811 3324 3931 {gg-⁸⁰
3399 3809 3420 3890 ,⁶
3447 3809 3640 3875 frater.

2510 3877 2545 3933 9
2603 3875 3183 3948 Lametn.185.1
3257 3917 3270 3929 .
3384 3879 3471 3934 nst.
3516 3874 3880 3934 ccel.1.854.·
3951 3873 4024 3928 1¹·
4060 3889 4121 3930 eo
4242 3944 4255 3956 '

2300 3948 2436 4017 pido
2472 3947 2630 4029 plebs·
2667 3963 2706 4003 a
2749 3946 3121 4002 sacerdotnbas
3172 3948 3409 4002 meato
3454 3947 3511 4004 d.
3557 3943 3643 4027 35.
3695 3944 3836 4026 Noc.
3894 3942 4111 4024 donam
4178 4011 4251 4065 42

2300 4019 3118 4165 mammam&
3118 4015 3521 4165 :mom
3542 4013 3913 4152 tm
3840 4011 4254 4136 &aaz

2303 4152 3111 4278 locorumleggegczgurcenabuc
3138 4168 3241 4222 per
3276 4167 3609 4208 occassonem
3640 4164 3872 4220 poenam
3906 4155 4255 4218 compserunt

2304 4239 2434 4281 “⁴⁰⁸
2467 4239 2574 4414 ia»
2601 4290 2884 4414 ew
2916 4292 3085 4414 ⁶⁹⁶3.
3100 4291 3184 4413 ⁶3.
3197 4289 3457 4412 ww
3492 4286 3846 4411 wc...)
3881 4370 4060 4411 ...m
4102 4355 4227 4412 L..

2300 4429 2531 4500 graeciae
2547 4366 3094 4510 >iwanus-{offit-
3127 4427 3246 4483 εισι.
3262 4369 3650 4491 {malama
3946 4496 3957 4508 υ
4205 4385 4251 4506 .-

2478 4496 2573 4568 12)
2624 4497 2776 4554 Teste
2823 4497 2972 4552 Hwt.
3018 4496 3142 4553 eccl.
3183 4495 3226 4549 Ι.
3276 4492 3378 4548 767
3424 4493 3504 4548 ad
3546 4493 3850 4568 stemm-
3876 4494 4251 4568 massus-fau.

2309 4566 2599 4703 Fortalsgs
2608 4564 3131 4690 ffagingeRhgegit
3163 4566 3226 4618 in
3261 4561 3577 4618 Gbaamom.

2480 4702 2571 4767 14)
2609 4705 2688 4759 N.
2736 4701 2891 4758 3602.
3067 4741 3080 4756 .
3125 4699 3264 4755 3616
3298 4716 3376 4769 sq.
3412 4729 3482 4739 —-
3519 4698 3787 4769 Lau-quet,
3820 4715 3877 4768 p.
3916 4698 4047 4753 1842
4118 4699 4250 4753 Tre-

2307 4774 2540 4828 cassinm
2585 4774 2872 4843 episcopus
2928 4773 3149 4852 omnino
3192 4769 3479 4824 constituit
3497 4785 3633 4851 ‚non
3677 4769 3871 4850 cedere
3914 4770 4248 4851 episcopatu,

2307 4848 2367 4897 et
2409 4842 2580 4896 habet
2622 4847 2884 4922 patronos
2930 4856 3039 4893 non
3085 4855 3287 4908 parvae
3333 4843 3662 4904 autoritatus,
3708 4844 3767 4892 et
3811 4854 4063 4919 lnpnmis
4092 4838 4250 4919 'Con-

2307 4911 2518 4978 dacum,
2563 4912 2760 4991 quibus
2806 4913 2912 4990 est·
2935 4913 3152 4989 gratum
3196 4909 3308 4962 tale
3355 4908 3673 4987 exemplum·
3698 4912 3881 4972 statui,
3920 4913 3978 4989 et
4012 4924 4106 4987 qui
4140 4922 4252 4960 non

2305 4979 2466 5034 facile
2498 4980 2518 5032 i
2558 4995 2670 5032 sius
2704 4982 3065 5048 patroolmum
3114 4976 3382 5031 deserent.
3454 4978 3768 5057 :accersitus
3802 4982 3888 5057 est
3921 4992 4031 5030 iam
4064 4992 4122 5027 ιιι
4159 4992 4252 5027 au-

2306 5050 2433 5112 lam,
2479 5065 2515 5101 u
2554 5048 2576 5099 i
2619 5047 2741 5101 heri
2783 5045 2964 5100 audivi
3019 5063 3140 5100 eum
3184 5047 3591 5101 concionantem
3645 5063 3703 5098 1n
3747 5045 3972 5099 aedlbus
4015 5042 4253 5098 Gondaei

2309 5132 2433 5171 cum
2469 5115 2704 5170 maximo
2722 5116 3001 5196 applausu·
3021 5131 3209 5170 eorum
3246 5116 3341 5185 qni
3374 5121 3504 5170 sunt
3524 5118 3747 5170 nostrae
3779 5114 4072 5197 religionis.
4125 5112 4252 5168 Non

2307 5186 2453 5240 enim
2497 5185 2604 5254 ipsi
2649 5185 2805 5239 deest
2849 5183 3086 5267 erudltio
3132 5202 3243 5266 nec·
3283 5184 3534 5239 facundia
3580 5189 3636 5238 et
3689 5199 3933 5253 quanms
3977 5187 4050 5236 sit
4081 5181 4253 5235 Italus

2309 5254 2588 5392 eleganltbef
2610 5254 3085 5378 Itamggissssoqmtur
3116 5255 3325 5324 gallice.
