4850 6117
522 373 650 438 20⁷

522 559 695 625 ticus
759 556 1018 623 domino
1071 554 1196 621 hoc
1250 553 1678 637 permittente
1729 549 2105 635 impedisset
2163 549 2460 635 proposi-

524 650 689 711 tum.
795 640 1175 708 Olarissime
1238 638 1515 718 domine,
1576 636 1798 722 legere
1860 641 1962 703 est
2023 634 2223 702 etiam
2286 634 2463 721 apud

523 727 888 795 fabulosam
975 732 1374 793 vetustatem
1466 724 1695 807 magni
1779 722 2189 788 aestimatam
2263 721 2463 789 fuisse

524 813 989 881 beneficiorum
1043 809 1536 877 retributionem
1578 829 1656 876 ac
1712 808 2076 893 graciarum
2119 806 2460 874 actionem.

523 900 700 967 Nam
775 896 1106 964 Hesiodus
1166 904 1303 963 tres
1366 895 1519 963 fecit
1581 894 1781 960 etiam
1842 894 2113 978 gracias,
2183 893 2463 978 Aglaen,

524 984 1014 1070 Euphrosinam
1070 987 1139 1049 et
1180 980 1498 1048 Thaliam.
1586 980 1918 1046 Homerus
1967 999 2169 1044 unam
2220 998 2306 1043 ex
2359 979 2465 1045 his

524 1070 884 1138 Pasithean
936 1068 1222 1154 appellat
1280 1074 1476 1151 atque
1529 1065 1663 1131 illis
1724 1065 2138 1131 matrimonio
2202 1062 2461 1130 addicit.

524 1155 916 1240 Respieiunt
957 1175 1029 1221 se
1070 1153 1354 1220 invicem
1386 1149 1744 1238 complexis
1778 1149 2028 1216 dextris
2072 1156 2147 1215 ut
2185 1149 2465 1216 redditio

525 1241 991 1309 beneficiorum
1031 1246 1306 1306 notetur.
1384 1237 1677 1303 Hillares
1719 1245 1880 1303 sunt
1919 1236 2092 1303 sicut
2123 1235 2355 1302 dantes
2397 1242 2467 1301 et

527 1326 946 1411 accipientes:
993 1332 1328 1409 praeterea
1366 1324 1679 1409 virgines,
1737 1321 1909 1405 quod
1950 1323 2093 1389 sine
2136 1324 2275 1405 spei
2316 1341 2467 1388 con·

525 1413 827 1497 ceptione
867 1410 1087 1490 detur,
1145 1409 1438 1476 vestibus
1493 1408 1847 1475 fluentibus
1897 1415 1966 1474 et
2014 1407 2252 1474 lucidis
2293 1405 2465 1490 quod

527 1500 671 1566 sine
727 1496 1118 1582 obligatione
1173 1495 1442 1561 alterius
1498 1501 1614 1560 aut
1668 1494 2060 1579 obligatione
2102 1493 2461 1560 tribuatur:

529 1583 806 1667 denique
849 1583 1118 1648 iuvenes
1147 1581 1302 1665 quia
1344 1600 1477 1646 non
1518 1580 1678 1646 dent
1719 1579 2175 1646 beneficiorum
2216 1598 2465 1643 memo·

529 1670 631 1736 ria
649 1673 686 1710 ¹*
726 1688 1075 1735 senescere.
1156 1668 1321 1733 Tres
1362 1673 1534 1744 sunt,
1585 1665 2107 1749 promerencium
2159 1662 2468 1731 videlicet

531 1763 598 1820 et
639 1752 1052 1821 reddentium
1096 1759 1162 1818 et
1214 1751 1552 1818 amborum
1595 1750 1808 1830 simul,
1866 1750 1978 1834 qui
2026 1757 2213 1835 grate
2267 1749 2467 1816 bene-

529 1841 751 1907 ficium
806 1838 1040 1922 accipit
1094 1838 1382 1923 primum
1437 1837 1579 1901 eius
1644 1837 2018 1919 pensionem
2082 1835 2296 1902 solvit
2383 1836 2467 1902 In

533 1947 811 2006 summa,
854 1931 931 1990 ut
971 1926 1254 1991 comicus
1297 1929 1595 2000 testatur,

850 2043 1194 2129 Ἀχᾶριστος
1236 2039 1399 2118 ὅστις
1442 2032 1510 2106 εδ
1548 2039 1773 2106 παθών
1814 2041 2143 2122 ἀμνημονεῖ.

702 2179 780 2247 Si
836 2181 1039 2265 igitur
1095 2178 1274 2244 fideli
1327 2177 1726 2262 praeceptori
1782 2177 2000 2261 aliqua
2040 2175 2310 2243 debetur
2352 2177 2468 2243 ob-

531 2268 882 2345 servantia,
927 2273 992 2330 et
1025 2263 1281 2347 parenti
1321 2264 1600 2348 propitio
1643 2264 1860 2330 tenuis
1905 2263 2253 2348 gratitudo,
2297 2263 2469 2347 quod

532 2374 710 2420 nunc
747 2358 846 2417 est
881 2350 1398 2428 usitatissimum,
1443 2350 1553 2433 qui
1594 2349 1688 2414 ita
1721 2357 1822 2414 est
1854 2349 2167 2415 sollicitus
2202 2347 2283 2415 de
2317 2370 2469 2414 suo-

532 2459 687 2504 rum
741 2436 952 2502 salut-e
1007 2444 1084 2500 ut
1140 2433 1307 2499 nihil
1348 2433 1430 2499 ad
1486 2433 1773 2499 laborem
1831 2433 2165 2500 assiduum
2222 2434 2470 2518 requiri

532 2524 758 2608 possit,
816 2521 953 2600 tibi,
1006 2520 1127 2586 tibi
1181 2522 1466 2603 inquam,
1518 2520 1624 2586 vir
1680 2518 2099 2596 observande,
2154 2519 2335 2585 natio
2393 2541 2469 2587 ac

618 2629 698 2674 ns
760 2606 1146 2673 Pannonica
1208 2606 1332 2671 hoc
1394 2605 1539 2671 iure
1603 2604 1826 2671 divino
1889 2606 2125 2671 merito
2187 2604 2466 2672 deberet.

591 2691 876 2777 iquidem
931 2710 1051 2776 per
1103 2691 1437 2758 heroicum
1482 2690 1825 2756 Lutherum
1874 2690 2254 2758 inchoatum
2303 2712 2470 2776 opus

537 2800 655 2864 per
717 2780 993 2845 eandem
1024 2782 1076 2858 ¹)
1141 2786 1242 2844 est
1304 2776 1619 2842 divinitus
1682 2775 2066 2843 absolutum.
2156 2776 2470 2861 Disputa-

536 2867 748 2932 tiones
804 2883 959 2930 vero
1020 2882 1317 2947 pei-acres
1372 2861 1555 2927 fuere
1608 2860 1690 2927 de
1743 2869 2182 2930 sacramento:
2247 2873 2471 2929 tamen

535 2953 632 3018 ita
683 2958 837 3017 sunt
892 2958 1124 3034 pacata
1178 2946 1475 3013 omnium
1529 2947 1797 3032 ingenia
1849 2968 1933 3013 ex
1984 2948 2214 3014 ultima
2257 2948 2338 3015 V.
2383 2950 2470 3015 R.

536 3035 979 3103 admonitione
1023 3033 1106 3100 ad
1164 3033 1363 3099 Vesth.
1387 3037 1442 3111 ²)
1485 3040 1563 3099 ut
1602 3033 1777 3100 idem
1825 3034 2066 3099 sentire
2109 3033 2470 3102 videantur.

534 3123 856 3189 Doctrina
907 3117 1517 3205 praedestinationis
1572 3126 1642 3185 et
1704 3118 1894 3185 liberi
1956 3120 2210 3186 arbitrii
2273 3121 2473 3187 etiam

535 3206 852 3291 placitum
874 3210 908 3244 ¹*
951 3204 1288 3271 habuisset
1342 3224 1626 3283 cursum,
1681 3204 1878 3271 modo
1921 3226 2003 3270 ne
2047 3205 2475 3271 Stanoharico

539 3291 842 3377 dogmate
888 3290 1125 3357 fuisset
1164 3290 1515 3356 turbatum.
1600 3290 1842 3357 Parem
1890 3292 2177 3376 graciam
2226 3290 2475 3357 referre

538 3378 743 3445 eciam
784 3376 844 3443 si
885 3376 1049 3443 velit
1088 3383 1312 3443 nostra
1362 3374 1643 3442 lacerata
1681 3377 2023 3442 Pannonia
2064 3397 2181 3461 pro
2223 3377 2476 3443 meritis

538 3461 830 3531 eiusdem
873 3461 1130 3527 eximiis
1171 3482 1305 3528 non
1348 3462 1567 3544 possit,
1614 3483 1732 3529 nec
1771 3462 1949 3528 valet
1991 3461 2147 3546 quid
2188 3463 2315 3529 nisi
2357 3483 2476 3546 per

536 3568 778 3633 preces.
866 3547 961 3614 Ut
1027 3559 1249 3613 tamen
1310 3567 1393 3612 an
1520 3550 1611 3612 tia
1671 3548 1983 3631 temporis
2047 3558 2116 3613 et
2188 3550 2475 3614 tenuitas

538 3639 763 3701 nostra
802 3632 1115 3716 permisit,
1173 3638 1288 3698 aut
1336 3654 1369 3698 s
1436 3640 1572 3698 tem
1622 3632 1696 3698 in
1736 3633 1925 3700 unico
1974 3633 2317 3700 individuo
2359 3655 2475 3700 ex-

536 3720 829 3804 periatur
893 3717 1120 3784 eadem
1182 3738 1378 3802 quam
1436 3718 1569 3784 scio
1632 3717 1907 3784 eandem
1970 3740 2101 3784 non
2167 3728 2478 3805 expetere

536 3802 962 3957 gratitudinis
1013 3804 1362 3887 specimen,
1416 3803 1717 3887 precibus
1767 3823 1928 3870 vero
1980 3826 2319 3888 nunquam
2363 3804 2479 3870 de·

568 3898 761 3957 utura
794 3898 894 3956 est
912 3889 1275 3967 Pannonia,
1319 3888 1447 3955 nisi
1481 3910 1598 3972 per
1631 3910 1867 3957 manus
1892 3891 1973 3956 D.
1996 3890 2213 3958 1aooln·
2246 3889 2478 3957 biblio-

537 3977 725 4060 polae
768 3975 1124 4041 earundem
1166 3974 1247 4040 V.
1284 3975 1368 4040 R..
1410 3995 1677 4041 auream
1719 3983 2048 4042 monetam
2103 3976 2262 4042 satis
2305 3977 2478 4043 anti-

541 4083 736 4146 quam
790 4058 1258 4146 ponderantem
1310 4064 1348 4123 2
1404 4060 1747 4145 ungaricos
1802 4068 1869 4127 et
1921 4061 2227 4128 medium.
2314 4062 2478 4129 Bal-

539 4154 725 4213 teum
788 4167 864 4214 ac
926 4145 1282 4230 cingulum,
1340 4145 1587 4212 coclear
1649 4168 1853 4214 unum
1911 4154 1978 4213 et
2039 4148 2479 4231 strophiolum

541 4253 667 4317 quo
701 4231 1004 4297 sudorem
1038 4238 1396 4298 navantem
1429 4251 1693 4315 operam
1723 4231 1836 4298 dili
1884 4240 2099 4299 entem
2132 4234 2202 4299 in
2239 4234 2478 4301 divinis

542 4316 770 4384 eadem
832 4317 1182 4402 abstergat.
1273 4316 1526 4382 Verum
1591 4324 1659 4383 et
1710 4318 1796 4384 D.
1910 4338 2057 4385 ozae
2115 4318 2297 4399 misi,
2362 4318 2480 4385 sed

541 4402 722 4488 optio
766 4403 892 4468 erit
932 4421 1135 4487 penes
1174 4402 1259 4467 V.
1296 4402 1378 4468 R.

714 4488 809 4589 [Jt
848 4488 1068 4571 itaque
1109 4488 1329 4573 paucis
1374 4489 1816 4589 perstringam
1850 4511 1974 4588 nec
2025 4497 2211 4555 tanto
2255 4489 2479 4557 divino

545 4580 1182 4742 &³332ssssssAEssss
1196 4573 1581 4725 ‘mm’
1609 4573 2479 4745 ὴξῖῗιῷῗὲιέῗέῖὲἓωωὶ

547 4754 748 4809 tatem
791 4745 1020 4810 dextre
1072 4744 1347 4828 accipiat
1386 4752 1455 4810 et
1495 4744 1889 4813 munuscula
1941 4747 2078 4812 sint
2118 4746 2328 4812 eidem
2370 4769 2479 4814 ae·

547 4835 754 4930 cepta,
818 4830 930 4912 qui
994 4828 1212 4929 dantis
1274 4829 1497 4913 pocius
1558 4831 1853 4897 animum
1907 4832 2229 4916 inspiciat.
2331 4832 2479 4901 Hoc

547 4922 755 5000 igitur
797 4934 1000 4980 unum
1045 4935 1238 4980 anxie
1277 4935 1507 4998 precor
1544 4916 1628 4981 V.
1664 4917 1748 4983 Β.
1792 4924 1869 4984 ut
1963 4939 2037 4984 ro
2078 4938 2201 4985 sua
2238 4917 2481 5002 pietate

546 4997 860 5068 concedat
897 5008 965 5065 et
997 5000 1211 5067 oranti
1245 4998 1551 5068 exhibeat
1590 5021 1662 5069 se
1703 5023 1903 5071 exora
1943 5002 2128 5071 ilem:
2172 5005 2326 5088 quia
2359 5025 2483 5072 nec

548 5204 817 5341 ΜΒ
848 5203 1236 5343 aaa.

2021 358 2548 438 EPIE'DOLAE
2586 363 3004 428 3669—3671

4376 358 4500 419 208

2561 549 2923 619 Germania
2963 570 3087 617 nec
3118 550 3414 629 Polonia,
3457 569 3579 616 nec
3621 546 3801 616 aliud
3833 546 4046 613 ullum
4087 564 4367 630 regnum
4406 546 4504 610 ita

2560 644 2663 702 est
2703 638 2950 704 sontico
2997 635 3298 723 dogmate
3340 634 3663 703 stamhari
3687 636 3746 711 ⁸)
3788 633 4102 699 infectum
4142 639 4218 697 ut
4257 631 4502 699 misera

2560 722 2922 802 Pannonia,
2977 724 3275 790 consulat
3327 721 3557 788 eadem
3599 720 3797 786 saluti
3832 716 4217 785 Pannoniae
4259 715 4504 800 alioqui

2560 809 2722 875 satis
2763 807 3060 876 afflictae.
3149 809 3324 875 Nam
3365 806 3717 874 autoritate
3765 804 4058 872 eiusdem
4094 811 4164 869 et
4203 801 4506 871 Helveti-

2561 914 2786 963 corum
2827 893 3162 961 doctorum
3205 901 3343 961 tota
3384 915 3563 960 nnnc
3604 892 3842 958 nititur
3884 890 4249 956 Pannonia.
4328 888 4507 955 Vere

2562 1002 2718 1048 vere
2769 1001 2902 1047 non
2955 981 3083 1046 erit
3144 981 3373 1048 irritus
3428 987 3498 1045 et
3547 977 3803 1045 inutilis
3863 975 4050 1042 labor
4102 977 4177 1041 in
4239 974 4502 1041 domino

2563 1066 2857 1134 eiusdem
2914 1066 2987 1133 in
3031 1067 3394 1133 Pannonia.
3483 1067 3625 1132 Aut
3686 1063 3920 1130 saltem
3984 1061 4212 1128 folium
4276 1060 4508 1128 emitat

2562 1158 2793 1220 contra
2844 1152 3249 1219 “anetarum
3308 1152 3380 1219 in
3433 1150 3808 1219 Pannonia:
3872 1148 4000 1216 erit
4060 1147 4508 1231 gratissimum

2562 1260 2808 1305 munus
2861 1240 3163 1305 omnibus
3203 1238 3333 1322 piis
3385 1236 3770 1324 symmystis
3822 1234 4107 1319 egregiis
4151 1241 4219 1300 et
4258 1233 4505 1300 Barro-

2564 1325 2776 1390 nibus.
2865 1324 2992 1391 Est
3047 1325 3431 1407 praesertim
3487 1320 3754 1406 quidam
3794 1321 4026 1410 Barro,
4085 1320 4281 1386 homo
4337 1317 4510 1384 mili-

2564 1410 2747 1490 taris,
2792 1411 2905 1494 qui
2947 1417 3174 1477 contra
3195 1411 3478 1476 'I'urcam
3510 1429 3631 1493 pro
3666 1427 3855 1474 muro
3891 1406 4157 1473 habitus
4197 1415 4300 1471 est
4333 1405 4510 1471 intra

2565 1495 2955 1563 decennium
2996 1497 3069 1561 in
3112 1516 3262 1561 arce
3295 1496 3593 1573 finitima,
3628 1494 3890 1577 Gaspar
3912 1491 4259 1576 Mayooeki,
4294 1510 4510 1557 comes

2648 1592 2919 1667 rpetuus
2952 1582 3300 1648 comitatus
3321 1582 3608 1659 Thorna,
3653 1580 3765 1664 qui
3800 1589 3867 1645 et
3885 1578 4220 1646 Ecclesiae
4253 1595 4511 1642 summo

2593 1669 2787 1736 abore
2839 1667 3110 1737 consilio
3166 1677 3234 1733 et
3290 1667 3537 1733 auxilio
3589 1687 3848 1751 semper
3890 1674 3956 1730 et
3999 1662 4210 1730 adfuit
4251 1670 4318 1728 et
4359 1681 4511 1745 pro-

2566 1755 2706 1820 fuit.
2794 1755 2985 1822 Licet
3028 1753 3514 1821 Ferdinandum
3573 1753 3836 1831 serviat,
3902 1749 4335 1816 nihilominus
4397 1749 4512 1813 fir-

2567 1840 2761 1907 miter
2808 1851 2943 1908 stat
2994 1848 3061 1906 et
3113 1841 3329 1925 pergit
3381 1840 3454 1903 in
3509 1860 3631 1906 sua
3684 1836 3963 1904 statione
4005 1845 4071 1900 et
4114 1835 4345 1902 stadio.
4434 1833 4516 1901 Si

2567 1926 2795 1993 iuditio
2861 1926 2942 1992 V.
3007 1927 3090 1991 R.
3155 1925 3311 1992 huic
3385 1923 3712 1992 dicaretur
3788 1924 4104 2006 scriptum
4178 1919 4513 2006 pagellum

2566 2022 2795 2080 contra
2826 2012 3245 2088 standarum,
3292 2012 3462 2077 foret
3493 2010 3727 2077 maiori
3758 2008 4027 2075 utilitati
4067 2007 4275 2075 tocius
4330 2006 4511 2071 Pan·

2566 2099 2817 2164 neniae.
2906 2099 3123 2163 Homo
3167 2098 3345 2163 enim
3389 2118 3544 2164 vere
3588 2097 3752 2162 bene
3796 2095 4069 2163 meritus
4109 2103 4211 2159 est
4255 2092 4338 2158 de
4379 2092 4511 2158 Ec-

2567 2184 2782 2251 clesia.
2884 2185 3076 2251 Hunc
3147 2184 3351 2269 igitur
3416 2182 3618 2250 velim
3693 2181 3903 2248 eidem
3980 2177 4512 2247 commendatum

2569 2292 2730 2337 esse.

2738 2357 3083 2423 Postremo
3140 2363 3316 2438 peto,
3372 2354 3565 2420 liceat
3618 2353 3784 2419 mihi
3831 2351 4188 2436 impetrare
4243 2370 4516 2416 manum

2567 2451 2829 2508 vestrae
2870 2442 2952 2506 R.
2998 2441 3167 2526 pecii
3210 2442 3269 2506 d.
3317 2439 3610 2507 Iacobum
3650 2451 3727 2505 ut
3768 2438 4085 2522 acciperet
4126 2446 4196 2503 et
4237 2435 4516 2503 aliorum

2570 2528 2911 2595 doctorum
2953 2526 3463 2594 Genevensium.
3536 2525 3725 2593 Deus
3767 2525 4040 2591 deorum
4082 2524 4233 2607 pius
4277 2521 4512 2607 guber-

2570 2622 2765 2679 nator
2806 2613 2979 2678 adsit
3019 2634 3179 2679 suae
3221 2612 3555 2680 Ecclesiae
3607 2624 3675 2678 et
3716 2612 4056 2679 columnas
4098 2629 4366 2676 suarum
4407 2628 4512 2673 ec·

2571 2699 2921 2766 clesiarum
2961 2698 3076 2765 diu
3118 2699 3305 2767 nobis
3359 2707 3427 2763 et
3480 2697 3602 2763 toti
3656 2697 3797 2763 orbi
3851 2696 4210 2764 christiano
4251 2714 4512 2761 conser-

2574 2793 2688 2851 vet
2740 2793 2808 2851 et
2861 2785 3153 2852 eiusdem
3208 2785 3465 2850 animae
3518 2793 3586 2850 et
3627 2783 3915 2868 corporis
3957 2783 4133 2849 vires
4173 2786 4511 2848 sustentet.

2574 2870 2972 3023 Xitebergae
3042 2871 3116 2936 in
3190 2872 3358 2937 festo
3423 2868 3495 2936 S.
3552 2868 3880 2953 Stephani
3955 2867 4266 2952 martyris
4343 2885 4514 2930 anno

2620 2958 2825 3024 omini
2865 2961 3047 3023 1561.

3048 3094 3328 3162 Vestrae
3370 3093 3803 3160 Reverentiae
3844 3090 4139 3158 addictus
4182 3087 4513 3156 studiosus

3143 3187 3212 3247 et
3252 3186 3574 3248 scrutator
3617 3178 3882 3245 divinae
3924 3178 4069 3244 viae
4109 3183 4429 3242 ostensae.

3355 3264 3749 3332 Franciscus
3792 3262 4225 3348 Καπροφόντης

3029 3352 3246 3437 patria
3288 3351 3788 3419 Orasanananus
3832 3351 4095 3415 natione
4128 3349 4511 3413 Pannonus.

3215 3967 3222 3972 „
3446 3861 3648 3936 867⁰.

3064 4034 3533 4103 CALVIN'US
3576 4032 4039 4101 FARELLO.

2750 4210 3021 4295 Attinqit
3060 4208 3248 4275 obiter
3286 4226 3390 4274 res
3437 4205 3725 4273 Gallicas
3764 4211 3823 4272 et
3866 4205 4319 4273 Nemausenses.

2577 4384 2902 4453 (Exemplar
2945 4380 3088 4435 Bibl.
3142 4383 3422 4449 pastorum
3467 4376 3912 4433 Neooomensium
3963 4374 4307 4430 amanuensis
4355 4390 4523 4427 manu

2579 4454 2843 4523 scriptum
2887 4466 3010 4505 cum
3055 4448 3265 4502 subseri
3303 4448 3453 4501 tione
3504 4446 3856 4517 autographa,
3906 4444 4006 4499 sed
4056 4460 4123 4498 ex
4173 4448 4332 4513 parte
4386 4458 4521 4513 prae

2967 4522 3240 4572 vetustate
3294 4533 3526 4571 acerum.
3563 4545 3629 4556 —
3664 4515 3874 4569 Perrot.
3912 4531 3965 4584 p.
4003 4511 4148 4580 133.)

2782 4793 2843 4863 8)
2889 4792 3194 4849 &anemae
3244 4805 3299 4845 o.
3354 4786 3487 4843 1553
3544 4803 3612 4843 σω
3665 4786 4018 4869 Potomia-ia
4068 4784 4420 4865 Hunqaro'om
4470 4788 4523 4839 a

2588 4863 3076 4934 Tramsylvcmima
3109 4875 3166 4915 ee
3198 4857 3500 4916 contulerat
3531 4863 3582 4914 et
3628 4871 3731 4940 quq
3765 4856 4018 4940 decu-tm
4050 4853 4303 4912 mestas
4335 4854 4523 4909 urba·

2580 4939 2787 5086 aab
2828 4929 3070 5081 Qaaflga
3104 4924 3538 5064 mm
3555 4998 3749 5079 ceptro
3798 5009 3916 5049 eam
3969 4990 4271 5049 edida-unt.
4339 4937 4524 5046 1³⁰2:

2586 5203 3530 5345 fflgoeaffifiofw
3574 5208 3627 5259 et
3668 5200 4049 5258 Unctae-nom
4091 5214 4156 5255 m
4197 5197 4315 5255 mco
4360 5203 4528 5254 m
