4850 6117
662 377 787 438 611

664 584 788 630 nec
831 563 1049 629 animo
1105 580 1226 627 nec
1289 581 1555 644 corpore
1619 561 1784 629 satis
1839 561 2172 629 valentem
2225 559 2626 645 Argentinae

664 648 1029 733 relinquere
1048 647 1269 727 malui,
1294 668 1494 731 quam
1536 668 1758 714 meum
1778 647 1862 713 ad
1905 669 2026 714 vos
2057 644 2344 713 reditum
2378 644 2628 713 diutius

667 735 949 801 differre.
1035 733 1364 816 Principis
1425 754 1649 801 socrus
1676 736 1732 813 ⁸)
1788 734 1978 800 salva
2032 731 2302 799 tandem
2355 752 2433 798 eo
2475 752 2626 816 per·

664 821 865 899 venit,
926 819 1040 887 ubi
1096 841 1135 885 a
1193 820 1587 904 magistratu
1641 827 1746 887 est
1801 819 2276 903 perhonorifice
2328 825 2621 901 excepta.

663 906 829 972 Eius
871 904 1100 972 literas
1120 908 1178 986 ⁴)
1232 906 1372 989 ipse
1425 903 1509 971 ad
1552 913 1617 972 te
1674 908 2016 990 perferam.
2101 904 2452 971 Andelotus
2490 906 2624 969 iam
2660 916 2670 930 ⁴

664 991 897 1077 incipit
938 990 1242 1076 progredi
1279 998 1345 1057 et
1376 1012 1496 1075 pro
1538 1000 1717 1058 certo
1753 991 1838 1058 ad
1880 996 1953 1056 15
2001 990 2173 1057 diem
2211 991 2404 1056 huius
2438 1011 2624 1055 men-

664 1079 754 1144 sis
797 1079 923 1143 erit
971 1079 1042 1142 in
1077 1077 1478 1161 Campaniae
1521 1078 1794 1145 finibus:
1820 1082 1871 1159 ⁵)
1917 1078 2172 1143 utinam
2219 1099 2303 1142 ne
2345 1076 2624 1141 nimium

663 1183 830 1230 sero.
917 1162 1211 1230 Adducit
1275 1166 1404 1230 tria
1466 1164 1858 1230 selectorum
1923 1164 2220 1247 equitum
2284 1161 2494 1228 millia
2558 1168 2626 1225 et

662 1249 962 1334 peditum
1018 1250 1306 1332 quinque
1365 1257 1432 1316 et
1476 1249 1639 1316 alias
1679 1249 2084 1317 voluntarias
2136 1249 2356 1332 copias
2397 1247 2624 1313 subse-

664 1344 985 1419 quuturae
1028 1335 1327 1405 arbitror.
1408 1335 1678 1402 Utinam
1723 1336 2208 1402 Germanorum
2253 1334 2624 1418 principum

663 1421 1039 1505 exemplum
1102 1421 1302 1488 vicini
1345 1422 1778 1487 imitarentur.
1865 1421 1968 1487 De
2012 1421 2380 1504 Anglorum
2422 1441 2497 1485 co
2543 1420 2624 1485 iis

660 1507 831 1572 nihil
852 1507 1152 1590 accepist)
1174 1508 1300 1573 nisi
1322 1505 1756 1591 quadraginta
1776 1508 2057 1574 navibus
2078 1506 2428 1573 traiecisse.
2543 1503 2624 1570 ed

663 1613 891 1659 eorum
939 1592 1197 1678 legatus
1215 1598 1274 1670 ⁷)
1319 1592 1553 1678 Spirae
1601 1593 2100 1677 exspectabatur
2155 1591 2260 1658 die
2305 1596 2388 1656 26
2429 1612 2622 1676 supe-

661 1679 858 1745 rioris
898 1681 1161 1758 mensis,
1206 1679 1358 1745 inde
1397 1678 1481 1744 ad
1524 1680 1890 1746 Germanos
1933 1679 2260 1764 principes
2300 1698 2437 1744 una
2474 1698 2624 1744 cum

664 1763 911 1831 Montio
952 1766 1182 1832 iturus.
1272 1764 1333 1830 O
1394 1765 1453 1831 si
1495 1774 1718 1850 posset
1757 1764 2135 1832 universale
2179 1762 2442 1847 aliquod
2484 1764 2619 1829 foe-

664 1850 788 1917 dus
831 1851 1034 1917 coire!
1101 1851 1330 1936 Neque
1368 1850 1594 1917 dubito
1629 1852 1792 1937 quin
1835 1851 1960 1917 hoc
2003 1850 2331 1931 moliatur,
2368 1848 2487 1914 sed
2518 1849 2623 1914 in-

664 1934 995 2003 credibilis
1073 1944 1177 2003 est
1247 1937 1588 2003 hominum
1664 1949 1907 2021 stupor.
2017 1936 2296 2002 Caetera
2379 1954 2622 2002 coram.

662 2021 941 2088 Interim
985 2022 1133 2089 vale
1167 2043 1318 2090 cum
1354 2022 1659 2090 omnibus
1701 2022 1984 2107 collegis,
2027 2023 2119 2088 mi
2162 2030 2365 2107 pater,
2409 2028 2477 2086 et
2509 2021 2622 2087 ob·

664 2107 847 2174 dura.
935 2108 1111 2174 Nam
1165 2109 1534 2195 quicunque
1589 2110 1676 2175 sit
1716 2110 1974 2174 futurus
2015 2110 2296 2175 istarum
2337 2116 2623 2191 tempes-

663 2201 874 2260 tatum
932 2195 1149 2261 exitus
1205 2196 1686 2280 appropinquat
1740 2193 2101 2280 redemptio
2156 2202 2399 2273 nostra,
2447 2191 2623 2276 quod

661 2301 870 2346 unum
924 2302 1031 2347 me
1078 2281 1474 2347 consolatur.
1552 2281 1809 2351 Iterum
1866 2281 2033 2348 vale.
2135 2279 2455 2361 Basileae,
2496 2277 2622 2345 Oa-

663 2364 876 2432 lendis
920 2364 1345 2451 Septembris.

2027 2505 2210 2572 Tuus
2252 2504 2448 2571 Beza.

1551 3082 1753 3155 8845.

1172 3237 1417 3305 BEZA
1458 3236 2096 3305 BULLINGERO.

843 3408 1123 3476 Tandem
1185 3407 1529 3491 aliqnando
1578 3409 1803 3477 Gallia
1858 3409 2077 3477 relicta
2117 3411 2370 3478 domum
2409 3433 2618 3480 rever-

665 3516 778 3564 sus
822 3515 900 3562 a
942 3494 1166 3561 itinere
1198 3514 1319 3577 quo
1361 3497 1433 3560 in
1474 3500 1644 3562 statu
1707 3516 1809 3563 res
1850 3494 1945 3562 ibi
1984 3495 2308 3582 reliquerit
2349 3500 2616 3583 exponit.

663 3667 775 3735 (Ex
811 3663 1149 3735 autographo
1186 3663 1315 3719 Cod.
1355 3664 1558 3720 Gener.
1597 3666 1714 3735 118,
1749 3668 1844 3723 fol.
1881 3666 1966 3722 14.
2003 3697 2070 3708 —
2105 3667 2304 3724 Simler
2336 3666 2460 3727 Vol.
2499 3669 2622 3729 105.

1282 3735 1458 3788 Baum
1492 3735 1565 3791 ΙΙ.
1600 3737 1741 3806 App.
1778 3754 1836 3807 p.
1872 3735 2022 3804 190.)

835 3903 906 3972 S.
969 3903 1266 3971 Tandem
1329 3904 1566 3973 adsum
1636 3906 1996 3988 redivivus,
2061 3908 2295 3976 mediis
2357 3909 2617 3994 elapsus

670 3990 955 4068 Achivis,
994 4011 1206 4076 neque
1248 3998 1470 4058 tamen
1515 3992 1596 4059 de
1650 3992 1868 4061 reditu
1911 3994 2316 4080 cogitassem,
2358 3996 2493 4063 nisi
2534 4017 2619 4062 ex

964 4078 977 4090 '
1053 4076 1342 4158 consilio,
1402 4081 1515 4162 qui
1557 4099 1775 4146 meam
1830 4100 2097 4165 operam
2139 4081 2210 4146 in
2255 4080 2620 4149 Germania

664 4170 734 4229 et
774 4161 1086 4230 Helvetia
1127 4162 1251 4229 sibi
1293 4163 1526 4231 utilem
1567 4166 1705 4232 fore
1758 4165 2181 4233 existimavit.
2271 4167 2451 4234 Eum
2493 4168 2618 4254 igi-

664 4258 780 4314 tur
823 4248 1133 4315 Aureliae
1175 4249 1412 4333 reliqui
1436 4255 1487 4331 ¹)
1532 4271 1683 4318 cum
1716 4251 1804 4318 D.
1840 4252 2178 4320 Amiraldo
2219 4260 2289 4320 et
2328 4253 2617 4320 militum

867 4538 925 4601 3)
962 4538 1123 4658 λῦαα.
1157 4538 1226 4595 de
1265 4539 1435 4610 Royo.
1487 4540 1663 4609 (Ηίει.
1698 4540 1819 4599 θοοὶ.
1853 4542 1924 4596 11.
1962 4542 2101 4608 102.)

660 4741 827 4814 (Hm
869 4608 1112 4801 {galigo
1125 4614 1525 4815 :wau
1583 4684 1837 4748 aemam
1901 4679 2218 4738 remanebat
2279 4680 2624 4751 aliquamdiu

664 4883 789 4938 vais
821 4811 1402 4951 afwa
1434 4814 1652 4941 315·ae
1669 4885 1974 4942 Fer-riores·
2047 4817 2624 4958 aliqu-{bffdafeffl

670 4952 1101 5034 chag-vescant
1163 5019 1177 5033 .
1262 4952 2125 5038 masfla-mvndo
2180 4958 2621 5039 cumqe-‘pm

666 5018 1173 5083 (maccam
1238 5019 1648 5088 neeffleta.
1689 5023 2061 5083 octium
2103 5024 2620 5085 Wanmehsuam

665 5090 930 5146 mamus
960 5090 1024 5143 a·
1060 5089 1241 5145 Portu
1270 5092 1484 5159 maiae
1515 5093 1748 5163 appulit·

871 5156 929 5227 7)
961 5157 1141 5213 Hem.
1169 5156 1340 5214 Onoa-
1376 5157 1647 5217 montom
1671 5160 1952 5218 Ρνίᾶοηα
1990 5179 2311 5235 rasponum
2342 5167 2397 5223 εί
2426 5165 2619 5225 ἄαται»

665 5226 1222 5363 &Quam
1253 5224 1846 5366 affinia-⁸335&
1881 5297 2030 5371 654.)

2173 368 2701 439 EPIS'DOLAE
2743 372 3171 439 3844—3846

4523 374 4619 437 512

2724 558 2984 628 circiter
3049 566 3300 645 septem
3363 558 3686 641 millibus,
3746 560 3902 628 forti
3953 559 4170 626 animo
4226 567 4514 645 paratum
4557 563 4625 629 ad

2723 645 3128 713 tolerandam
3150 645 3551 713 obsidionem
3594 647 3913 731 tantisper
3933 645 4088 714 dum
4112 646 4468 714 subsidium
4503 649 4625 713 mit-

2724 739 2922 798 tatur.
2988 731 3303 818 Reliquas
3345 732 3563 816 copias
3602 733 3845 817 partim
3879 730 4390 818 Bhotomagum,
4426 734 4626 816 partim

2723 817 3067 903 Biturigas
3088 823 3147 896 ²)
3211 818 3396 885 misit
3457 817 3539 884 ad
3602 839 3716 885 eas
3771 817 4076 886 tutandas
4139 818 4439 886 civitates
4495 840 4627 904 quae

2721 905 2999 970 maximi
3032 911 3191 971 sunt
3224 905 3556 971 momenti.
3615 904 3857 971 Hostes
3892 903 4105 972 adhuc
4126 904 4345 972 Blesis
4367 905 4420 990 ³)
4456 916 4626 985 erant,

2725 989 2839 1056 sed
2883 990 3218 1075 copiarum
3260 998 3514 1075 partem
3551 988 3635 1055 ad
3668 990 4078 1074 occupandas
4111 1011 4347 1075 parum
4383 992 4629 1059 munitas

2724 1076 3026 1160 regiones
3111 1077 3700 1144 circummiserunt.
3824 1076 4126 1143 Pictones
4211 1076 4631 1145 sustinuerunt

2724 1162 3017 1229 hostium
3062 1163 3398 1247 impetum,
3445 1162 3558 1228 sed
3602 1160 3871 1228 tandem
3913 1164 4277 1248 expugnati
4320 1169 4474 1228 sunt
4509 1184 4632 1228 cum

2724 1257 2944 1334 strage
2984 1246 3180 1333 plane
3222 1247 3595 1329 miserabili,
3614 1247 3674 1333 ⁴)
3729 1248 4035 1332 quoniam
4092 1270 4169 1314 eo
4224 1269 4368 1315 sese
4412 1269 4634 1331 recepe-

2724 1343 2878 1401 rant
2895 1335 3293 1401 Turonensis
3317 1338 3371 1414 s)
3407 1343 3474 1399 et
3496 1334 3982 1415 salmuriensis,
4006 1334 4467 1414 Obinonensis,
4486 1334 4634 1400 Lau·

2726 1420 3039 1488 dunensis
3104 1431 3172 1488 et
3235 1419 3485 1505 aliquot
3546 1428 3882 1505 praeterea
3946 1421 4370 1488 ecclesiarum
4439 1441 4543 1504 gre

2726 1507 3042 1591 dissipati.
3125 1505 3371 1572 Hostes
3414 1527 3588 1586 vero,
3631 1505 3791 1590 ipsis
3833 1508 4033 1572 etiam
4076 1506 4312 1572 Turcis
4355 1505 4542 1572 crude
4566 1507 4636 1571 ‘o-

2724 1614 2878 1746 22⁸5.
2895 1592 3657 1764 ..3333311330
3689 1591 4638 1762 353331220313123335523‘2t

2724 1765 2976 1845 fecisse,
3019 1785 3183 1847 quae
3226 1763 3451 1848 procul
3494 1762 3692 1830 dubio
3728 1763 3886 1829 alias
3937 1763 4188 1848 aliquot
4219 1764 4419 1830 urbes
4450 1784 4639 1830 secum

2724 1850 2959 1931 trahet,
3006 1860 3082 1916 ut
3122 1850 3421 1934 Reginae
3468 1849 3806 1916 Navarrae
3847 1849 4044 1933 plane
4086 1851 4376 1929 timeam,
4423 1847 4497 1915 de
4533 1870 4640 1932 qua

2723 1937 2853 2002 iam
2909 1936 3162 2020 pridem
3229 1935 3397 2001 nihil
3456 1934 3668 2001 audio.
3689 1939 3746 2014 ⁷)
3833 1935 3942 2001 Ad
4000 1934 4161 2004 haec
4202 1935 4387 2001 mala
4425 1933 4640 2001 accedit

2723 2022 3307 2089 Matisconensium
3342 2021 3687 2106 repentina
3722 2028 3789 2087 et
3808 2020 4223 2089 fraudulenta
4242 2021 4578 2105 oppressio,
4590 2021 4638 2100 ⁸)

2723 2110 2796 2174 in
2838 2109 2998 2194 ipsis
3041 2117 3417 2174 nostrorum
3461 2106 3923 2173 Helvetiorum
3966 2108 4176 2176 oculis
4216 2116 4294 2173 ut
4333 2107 4447 2192 qui
4480 2106 4640 2191 quin-

2722 2216 2848 2280 que
2891 2201 3152 2261 tantum
3195 2193 3585 2260 milliaribus
3635 2191 3957 2261 abessent.
4780 2214 4781 2225 ¹

2893 2279 3092 2359 Alibi,
3157 2279 3226 2345 id
3287 2288 3387 2347 est
3442 2280 3511 2345 in
3554 2278 3983 2364 Delphinatu,
4038 2279 4396 2346 Provincia
4445 2287 4510 2343 ct
4545 2276 4642 2344 Al·
4780 2296 4781 2299 ’

2721 2367 2954 2434 vernia
2995 2387 3101 2433 res
3143 2374 3403 2433 nostrae
3446 2373 3607 2432 sunt
3648 2364 4081 2445 secundiores,
4128 2364 4246 2430 sed
4279 2386 4417 2431 non
4449 2364 4644 2431 dubito

2721 2454 2885 2538 quin
2924 2472 3151 2519 omnes
3208 2451 3473 2517 illarum
3526 2451 3817 2536 partium
3870 2453 4091 2536 copiae
4144 2451 4373 2517 statim
4429 2448 4509 2516 ad
4557 2458 4643 2515 tu·

2722 2536 2998 2605 tandum
3055 2537 3465 2623 Lugdunum
3527 2546 3938 2616 concurrant,
4021 2558 4225 2621 quum
4290 2537 4643 2621 praesertim

2724 2625 2948 2692 hostes
2990 2644 3238 2691 novum
3296 2623 3377 2690 ab
3422 2622 3614 2689 Italis
3671 2623 4036 2691 subsidium
4091 2623 4478 2707 acceperint,
4537 2621 4643 2687 tria

2722 2710 3033 2778 videlicet
3072 2708 3367 2794 peditum
3410 2708 3620 2775 millia
3674 2716 3744 2775 et
3799 2709 4054 2794 equites
4104 2709 4500 2795 quingentos
4550 2707 4641 2791 qui

2723 2796 3003 2864 Geneva
3042 2798 3178 2862 iam
3218 2816 3352 2863 non
3394 2795 3624 2879 procul
3679 2795 3906 2862 abesse
3972 2795 4283 2863 dicuntur
4324 2802 4397 2861 et
4436 2794 4643 2860 itinera

2722 2882 3191 2950 interclusisse.
3257 2880 3704 2949 Beruensium
3746 2883 3969 2965 copiae
4002 2903 4044 2948 a
4084 2880 4332 2948 nostris
4366 2880 4644 2947 remissae

2723 2976 2897 3048 sunt,
2943 2967 3117 3053 quod
3159 2966 3465 3053 progredi
3508 2967 3756 3034 nollent
3789 2968 3930 3037 sive
3964 2967 4163 3035 aliam
4197 2965 4279 3033 ob
4312 2987 4584 3034 causam.
4597 2968 4643 3044 ⁹)

2718 3053 2803 3120 In
2846 3075 3106 3121 summa
3145 3073 3386 3138 magno
3427 3052 3617 3120 nobis
3651 3053 3947 3138 sumptui
3981 3063 4050 3120 et
4084 3051 4251 3120 nulli
4284 3053 4437 3120 usui
4475 3052 4644 3119 fuisse

2721 3160 2834 3207 res
2887 3142 3034 3225 ipsa
3087 3138 3392 3209 ostendit.
3495 3138 3633 3207 Sed
3675 3139 3866 3207 cuius
3921 3138 4112 3224 culpa
4162 3138 4230 3204 id
4287 3138 4381 3205 sit
4435 3138 4647 3206 factum

2722 3226 2939 3294 adhuc
2991 3225 3243 3311 ignoro.
3331 3223 3468 3292 Sed
3520 3225 3645 3293 hoc
3701 3226 3898 3310 plane
3950 3223 4399 3292 miserandum
4454 3230 4547 3292 est
4589 3223 4646 3289 in

2719 3312 2866 3379 istis
2906 3312 3114 3378 tantis
3157 3317 3227 3378 et
3269 3317 3407 3377 tam
3449 3312 3649 3379 certis
3691 3311 3997 3397 periculis
4039 3321 4178 3377 tam
4217 3331 4462 3395 paucos
4493 3329 4644 3378 com·

2720 3397 2972 3465 moveri
3016 3397 3101 3464 ad
3143 3417 3491 3465 commune
3545 3396 3924 3465 incendium
3989 3396 4560 3483 exstinguendum,
4591 3400 4647 3461 et

2720 3483 2973 3551 nullam
3014 3484 3379 3569 pecuniam,
3424 3505 3509 3550 ne
3555 3483 3726 3550 datis
3767 3482 4036 3569 quidem
4079 3481 4343 3568 optimis
4385 3479 4646 3568 pignori·

2718 3570 2863 3649 bus,
2929 3569 3237 3649 inveniri,
3269 3572 3357 3651 ¹⁰)
3421 3590 3625 3652 quum
3689 3570 3913 3637 hostes
3979 3568 4231 3636 interea
4296 3568 4383 3636 ad
4447 3575 4647 3635 mutua

2719 3655 2971 3722 auxilia
3035 3652 3431 3723 conferenda
3485 3663 3624 3721 tam
3681 3653 4028 3741 diligentes
4082 3664 4279 3740 atque
4386 3662 4645 3736 romptos

2718 3741 3080 3808 videamus.
3166 3739 3342 3807 Nam
3384 3741 3622 3826 alioqui
3666 3742 3795 3808 nisi
3848 3741 4194 3826 peregrino
4236 3739 4326 3806 mi
4359 3741 4464 3818 ite,
4504 3738 4646 3806 Hel-

2718 3828 2948 3907 vetico,
2995 3826 3391 3895 Germanico
3433 3833 3501 3893 et
3544 3826 3769 3894 Italico
3832 3825 4202 3894 confirmati
4246 3836 4467 3893 essent
4509 3824 4645 3892 Gui-

2718 3913 2909 3993 m‘am‘,
2954 3913 3086 3978 iam
3108 3911 3367 3997 pridem
3386 3912 3498 3981 vel
3528 3913 3880 3998 periissent
3912 3914 4020 3981 vel
4052 3914 4125 3979 in
4168 3912 4400 3980 exsilio
4434 3918 4642 3978 essem

2718 3998 2988 4065 Interea
3020 3997 3180 4083 quid
3214 3997 3333 4064 tibi
3354 4019 3859 4066 commemorem
3881 3998 4317 4079 carnificinas,
4356 3998 4643 4073 lanienas,

2719 4085 3116 4165 vastitatem,
3161 4085 3422 4165 famem,
3476 4095 3748 4169 pestem,
3808 4085 4101 4171 gladium
4167 4092 4235 4151 et
4298 4084 4453 4170 quid
4513 4103 4640 4149 non.

2924 4410 3118 4534 wgo·
3165 4426 3223 4467 se
3272 4410 3469 4468 dedere
3516 4410 3693 4468 coacti
3741 4408 4059 4481 summ-iat
4108 4408 4224 4466 Gal.
4270 4408 4415 4479 Sept.
4491 4406 4642 4475 (Hist-

2720 4479 3221 4632 ⁶⁰⁰²¹¹ss›¹z⁷'.r'1›ee
3280 4548 3360 4605 aa
3404 4548 3652 4631 waeran
3709 4548 3848 4631 me
3902 4552 3953 4629 ετ
4004 4547 4150 4603 «a...
4198 4547 4411 4631 mee
4469 4544 4641 4626 <Bm

2733 4615 2926 4685 Touo-⁸,
2959 4617 3215 4686 Potum-s,
3255 4617 3517 4685 δεκανίαν)
3561 4634 3676 4673 tan
3710 4616 3862 4672 Iuleo
3905 4621 4126 4673 manuue
4171 4634 4208 4671 a
4244 4615 4440 4673 omno
4470 4630 4534 4669 ει·
4562 4628 4641 4668 ιιι·

2927 4754 2988 4824 4)
3070 4687 3500 4840 fffflff‘e.
3544 4753 3805 4837 agam,
3836 4753 3934 4824 qm·
3967 4755 4083 4808 aas
4114 4769 4223 4823 per
4253 4749 4643 4834 mutua

2719 4822 3665 4964 maffPm'ffiwmt
3692 4823 3868 4894 (Hui.
3890 4823 4013 4879 eccl·
4047 4822 4119 4880 11.
4153 4822 4259 4877 600
4279 4838 4417 4892 seqq.
4455 4821 4639 4882 Labore,

2925 4962 2987 5097 ἐξ
3019 4963 3174 5087 2:31
3202 4962 3328 5087 22⁸5.
3356 4962 3431 5085 ¹1¹1:
3463 4960 3584 5016 586
3633 4956 3831 5018 8888

2926 5167 2963 5290 3
3017 5097 3838 5303 {hsstgffiffiffiaqifiamffi
3872 5166 4051 5235 (Ηεει.
4084 5168 4203 5225 ωσι
4237 5167 4333 5224 111.
4366 5163 4464 5220 421
4496 5166 4585 5235 ες.)

2893 5305 2986 5373 10)
3019 5307 3092 5372 cf.
3125 5304 3204 5362 N.
3238 5304 3394 5361 3837.
