4850 6117
623 383 715 447 8⁷

621 588 807 637 nunc
870 567 1066 635 etiam
1129 587 1257 651 quo
1301 566 1504 632 latius
1553 564 1802 632 malum
1864 565 1985 633 hoc
2036 570 2261 649 pateat
2322 563 2567 633 latinus

623 653 889 740 prodiit,
946 652 1028 718 ad
1071 660 1139 718 te
1176 652 1387 733 mitto,
1445 650 1620 736 quod
1661 659 1729 717 te
1772 651 1950 718 hunc
1991 650 2280 717 nondum
2323 649 2568 718 vidisse

622 741 1010 808 existimem.
1121 738 1357 805 Missus
1421 744 1521 803 est
1598 737 1704 804 Au
1736 823 1749 838 ⁶
1797 745 1899 802 sta
1975 736 2058 803 ad
2122 735 2569 821 Bullinqerum

622 845 955 977 {ipissssem
975 845 1257 975 tm
1285 822 1662 974 Ἥῗὲῗέ
1711 843 2331 993 ἐὲοξῖῗεέχὲἑῖἳῗι.
2371 822 2566 976 3332

624 996 891 1063 obsecro
943 1016 1073 1079 ‚per
1126 995 1431 1061 Linenm
1493 1001 1808 1060 nostrum.
1910 994 2132 1062 Unum
2198 994 2377 1060 enim
2442 994 2566 1061 hoc

621 1101 810 1148 exem
857 1081 999 1147 lum
1041 1080 1128 1146 ad
1167 1100 1289 1146 nos
1330 1079 1652 1165 perlatum
1696 1088 1813 1146 est.

795 1103 991 1249 (guod
1030 1166 1348 1250 proximis
1414 1165 1624 1232 literis
1665 1167 1797 1231 tuis
1839 1165 2211 1232 exhilarare
2252 1186 2358 1231 me
2402 1164 2564 1232 adeo

622 1253 910 1319 volueris
972 1250 1276 1336 expedita
1339 1251 1470 1317 iam

620 1338 915 1422 atione‚²)
950 1338 1228 1421 gratiam
1263 1337 1385 1402 tibi
1417 1358 1485 1402 m
1559 1344 1627 1401 to
1656 1339 2013 1403 maximam
2046 1336 2273 1403 habeo.
2342 1337 2563 1404 Tuum

619 1425 796 1489 enim
839 1424 1153 1490 iudicium
1192 1423 1300 1490 hic
1342 1430 1419 1487 ut
1451 1423 1522 1488 in
1571 1422 1715 1489 aliis
1762 1423 2080 1490 hactenus
2111 1422 2564 1490 lubentissime

621 1508 1013 1660 {stata
1056 1509 1426 1661 &atgagg
1468 1507 2084 1679 tta-3253.
2107 1509 2399 1660 ”aas
2456 1510 2562 1575 ⁸¹²³

795 1678 1038 1747 Bonam
1094 1689 1393 1746 nostrum
1449 1679 1543 1744 nt'
1576 1681 1743 1745 meis
1799 1681 2034 1760 verbis,
2100 1681 2211 1746 ubi
2269 1679 2353 1745 ad
2408 1700 2561 1746 eum

622 1766 983 1849 scripseris,
1017 1766 1458 1832 amantissime
1491 1766 1975 1850 honorificeque
1995 1765 2241 1832 salutes
2275 1765 2560 1831 multum

618 1860 689 1916 te
731 1871 906 1937 rogo.
993 1851 1131 1918 Nos
1172 1851 1381 1937 ipsius
1423 1851 1797 1930 certamina,
1853 1851 2400 1935 quemadmodum
2446 1874 2558 1937 op-

617 1938 763 2001 timi
818 1936 1065 2004 Christi
1121 1937 1458 2021 martyris,
1513 1944 1583 2002 et
1622 1936 1896 2003 aliorum
1962 1938 2159 2004 etiam
2217 1958 2559 2022 nunquam

617 2020 930 2089 adiuvare
985 2023 1409 2090 auxiliaribus
1468 2042 1800 2089 sacrarum
1854 2023 2301 2106 precationum
2357 2024 2561 2107 copiis

614 2128 962 2188 cessamus,
1007 2116 1082 2174 ut
1122 2108 1226 2174 vir
1259 2107 1416 2174 belli
1448 2106 1778 2174 Dominus
1816 2108 2109 2175 Zebaoth
2141 2130 2261 2193 per
2295 2109 2443 2175 illos
2479 2110 2559 2176 de

614 2193 844 2260 mnndi
895 2194 1218 2277 sapientia
1261 2200 1327 2259 et
1367 2194 1659 2278 potentia
1702 2193 1984 2279 gloriose
2028 2194 2419 2279 triumphet:
2487 2197 2558 2261 in

613 2299 742 2363 qno
785 2287 862 2345 tu
906 2300 1178 2365 qnoque,
1221 2280 1314 2344 mi
1355 2281 1573 2345 anime
1616 2286 1683 2345 et
1723 2280 2058 2365 singulare
2101 2280 2298 2349 decus
2340 2289 2407 2347 et
2452 2302 2558 2347 or-

614 2373 997 2431 namentum
1042 2364 1351 2431 ecclesiae
1397 2364 1667 2442 Christi,
1722 2365 2094 2433 felicissime
2148 2367 2316 2433 vale.
2404 2365 2558 2433 Sal·

613 2457 811 2517 veant
842 2448 1085 2516 fratres
1120 2457 1524 2535 symmystae
1558 2459 1626 2516 et
1659 2458 1973 2535 quotquot
2004 2453 2154 2520 istic
2194 2453 2559 2519 Dominum

612 2535 831 2602 Iesum
905 2533 1242 2601 Christum
1306 2555 1462 2601 vere
1525 2534 1829 2619 diligunt,
1901 2539 2204 2623 inprimis
2267 2539 2557 2622 optimus

614 2619 839 2686 consul
881 2625 1101 2686 vester
1140 2620 1233 2687 M.
1289 2620 1574 2701 Rosam,
1617 2623 1725 2688 cui
1765 2630 1843 2687 ut
1882 2644 1989 2689 me
2032 2635 2336 2691 accurate
2377 2644 2553 2691 com·

613 2704 884 2772 mendes
927 2704 1213 2771 multum
1255 2713 1325 2771 te
1368 2727 1626 2791 quaeso.
1715 2707 1964 2774 Iterum
1998 2711 2369 2794 iterumque
2402 2711 2556 2776 vale

612 2799 679 2858 et
734 2792 1030 2877 proxime
1084 2792 1532 2876 impendentia
1585 2793 1816 2860 funera
1870 2815 2017 2861 mea
2069 2797 2326 2881 piorum
2369 2805 2556 2862 voto·

612 2898 763 2943 rum
825 2884 1086 2945 tuorum
1153 2878 1464 2945 comitatu
1527 2880 1810 2946 officiose
1861 2902 2267 2966 prosequere.
2357 2881 2557 2948 Vito-

613 2961 763 3029 duri
804 2965 893 3030 iii.
939 2963 1207 3031 Calend.
1247 2964 1640 3031 Novembris
1689 2968 1868 3032 1561.

1634 3100 1700 3169 Τ.
1732 3102 1959 3170 Ambr.
1996 3103 2377 3171 Blaurerus.

1582 1250 1788 1319 ridem
1844 1252 2044 1317 missa
2097 1249 2180 1317 ad
2245 1258 2310 1316 te
2364 1272 2562 1335 quae-

779 3305 1140 3372 Dominum
1172 3306 1395 3373 sedulo
1417 3328 1758 3392 precemur
1785 3330 1872 3375 ne
1908 3283 2397 3377 monstruosum
2434 3309 2552 3375 ali·

608 3387 796 3541 {uod-
846 3390 1127 3458 Interim
1188 3393 1556 3478 parturiant
1609 3394 1731 3495 ‚isti
1786 3395 1902 3497 qui
1964 3398 2043 3496 in
2109 3395 2330 3495 Gallia
2372 3417 2554 3462 nunc

659 3494 736 3543 oc
775 3497 911 3542 iam
953 3486 1160 3564 agunt
1201 3499 1285 3545 ne
1327 3479 1705 3565 evangehca
1747 3491 2085 3548 sinceritas
2129 3481 2437 3547 obtineat.

1481 4041 1681 4113 85⁰4.

1211 4214 1451 4282 BEZA
1498 4213 1935 4283 OALVINO.

790 4382 1155 4450 Novissima
1175 4387 1371 4454 tradit
1391 4406 1472 4453 ex
1492 4386 1646 4452 aula
1665 4391 1723 4452 et
1743 4388 2047 4466 eeclesiae,
2083 4387 2559 4473 discessumpa·

614 4488 793 4550 rans,
819 4468 1161 4536 Perrucelli
1194 4472 1539 4551 adventant,
1568 4470 1890 4540 Nomou-sii
1921 4475 2411 4541 coniurationem
2453 4481 2556 4543 etc.

616 4638 731 4763 gh
773 4639 1112 4709 autographo
1146 4639 1276 4696 Cod.
1313 4641 1515 4697 Gener.
1563 4640 1682 4724 11⁹3,
1725 4642 1817 4698 fol.
1861 4641 1934 4697 42
1996 4645 2120 4700 coll.
2167 4663 2212 4700 c.
2258 4647 2391 4704 Cod.
2441 4649 2562 4722 119,

676 4708 713 4762 ι
748 4706 832 4776 91,
856 4708 1000 4778 epp.
1029 4709 1195 4763 Bam.
1230 4708 1319 4764 vl.
1354 4728 1431 4833 Ἦ.
1445 4709 1812 4854 exp-81:335
1834 4686 1962 4769 νοΐ.
1983 4712 2100 4769 102.
2157 4715 2350 4772 Edicit
2382 4719 2561 4775 Bam

788 4948 855 5014 A
897 4947 1238 5016 Monsieur
1278 4948 1655 5034 Despeville

1856 5061 1893 5107 a
1937 5041 2389 5112 villefranche.

826 5289 888 5354 2)
917 5290 986 5346 do
1020 5289 1249 5348 Iudae-‘³
1283 5293 1373 5360 (N.
1408 5292 1563 5351 3371.
1596 5294 1772 5361 3431).

2136 372 2662 443 EPISmLAE
2718 375 3146 442 3593—3594
4531 379 4607 442 88

2841 560 2911 630 S.
2967 561 3182 630 Valde
3234 583 3381 630 sum
3440 564 3754 631 sollicitus
3817 563 3898 631 de
3954 571 4072 631 tua
4135 564 4534 644 valetudine,
4564 570 4607 647 ¹)

2668 650 2792 799 ἓξ.
2811 648 3394 820 μέῗῐὲἕὲἓηὲῗ
3445 650 3793 802 Ροῖῗοῗιὲΐῗ
3806 650 4607 821 ςξῖξηὲίῗζῖἰέἐῃᾙ

2667 822 2944 887 infinitis
2987 820 3415 887 incommodis
3449 822 3845 903 coniunctos,
3888 824 4249 890 accessisse.
4326 822 4605 890 Utinam

2668 906 2882 991 aliqua
2915 907 3169 973 ratione
3200 927 3510 990 praesens
3543 929 3798 992 possem
3834 916 3903 976 te
3927 908 4268 976 sublevare
4302 918 4370 975 et
4387 929 4609 975 meam

2665 994 2736 1057 in
2757 1003 2824 1058 te
2855 992 3166 1076 pietatem
3201 994 3445 1059 testari.
3504 992 3642 1060 Sed
3662 994 3921 1079 quando
3955 994 4026 1061 id
4058 996 4201 1062 fieri
4237 1015 4367 1062 nou
4388 1001 4607 1079 potest

2665 1079 2965 1163 precibus
3043 1078 3276 1145 saltem
3358 1079 3639 1146 assiduis
3715 1087 3783 1146 et
3856 1089 3924 1160 te
3987 1081 4226 1147 iuvabo
4288 1088 4608 1165 quantum

2666 1171 2891 1246 potero
2933 1172 3000 1229 et
3040 1185 3147 1229 me
3188 1165 3403 1248 ipsum
3448 1164 3721 1231 solabor.
3802 1163 3937 1233 Sed
3973 1186 4131 1252 rogo
4164 1175 4240 1233 ut
4280 1175 4401 1251 per
4445 1166 4607 1232 ami-

2665 1269 3010 1401 ?ostisaepe
3053 1250 3136 1315 de
3175 1250 3373 1316 rebus
3414 1251 3548 1317 tuis
3590 1252 3828 1318 certior
3867 1253 4040 1319 fiam.
4128 1252 4195 1318 N
4194 1273 4325 1319 unc
4388 1253 4614 1336 accipe

2689 1354 2766 1399 ae
2819 1355 2952 1401 ora.

2836 1420 3130 1487 Tandem
3193 1422 3563 1506 impetravi,
3640 1421 3773 1490 Dei
3837 1423 4070 1508 gratia,
4150 1431 4226 1489 ut
4288 1424 4605 1491 fratribus

2664 1508 2908 1573 nostris
2970 1507 3162 1573 liceat
3226 1528 3453 1575 secure
3516 1529 3670 1574 suos
3733 1516 4094 1576 conventus
4159 1509 4416 1590 habere,
4494 1508 4607 1575 sed

2663 1614 2746 1659 ex
2789 1593 2983 1658 tacito
3028 1591 3353 1659 duntaxat
3404 1614 3725 1661 consensu
3777 1595 4098 1679 tantisper
4141 1594 4293 1661 dum
4348 1596 4608 1662 solenni

2662 1678 2870 1745 edicto
2914 1678 3186 1745 meliora
3217 1687 3295 1758 ‚et
3331 1680 3606 1746 certiora
3638 1682 4137 1748 constituantur.
4157 1682 4217 1759 2)
4304 1681 4482 1747 Nam
4527 1702 4610 1746 ex

2661 1764 2954 1915 gnguliz
2994 1765 3418 1866 parlamentis
3482 1766 3610 1831 duo
3654 1766 3802 1866 ’huc
3865 1775 4219 1834 evocantur
4279 1764 4607 1919 adcdiem

2729 1870 2909 1916 ecem
2955 1873 3047 1915 ns
3092 1871 3495 1924 vnces1mum,
3604 1873 3674 1917 ιιι
3716 1875 3795 1919 su
3839 1874 4053 1919 remas
4097 1873 4322 1918 omnes
4428 1872 4606 1919 unas

2661 1944 3172 2020 repraesentent,
3237 1944 3312 2002 ut
3352 1873 3601 2004 auditig
3638 1874 3864 2004 eorulm
3929 1938 4258 2023 suffragiis
4335 1937 4516 2021 quod
4569 1958 4607 2004 a

2661 2024 2840 2106 regio
2883 2022 3153 2088 consilio
3196 2022 3393 2088 fuerit
3436 2021 3517 2089 de
3558 2031 3739 2089 statu
3782 2024 4119 2108 religionis
4175 2025 4608 2090 constitutum

2661 2106 2962 2191 deinceps
3018 2109 3280 2174 firmum
3340 2116 3408 2174 et
3450 2117 3665 2174 ratum
3707 2110 4043 2176 habeatur.
4061 2113 4119 2189 8)
4202 2110 4489 2189 Interea,
4534 2117 4608 2174 ut

2662 2193 2821 2272 dixi,
2867 2194 3073 2260 literis
3116 2191 3200 2258 ad
3242 2194 3674 2277 provinciales
3707 2217 3775 2261 m
3867 2197 4128 2261 ‘stratus
4175 2196 4442 2281 scriptis
4476 2196 4606 2261 fia·

2661 2288 2841 2344 trum
2882 2280 3219 2345 securitati
3253 2287 3544 2360 cavetur,
3580 2217 4084 2365 idqnoaffiversis
4106 2279 4605 2348 conditionibus.

2660 2365 2832 2431 Nam
2890 2366 2964 2430 in
3020 2366 3381 2449 Aquitania
3438 2387 3629 2450 spero
3686 2367 3824 2434 fore
3879 2374 3959 2432 ut
3998 2366 4170 2433 nihil
4211 2374 4530 2433 mutetur.
4550 2372 4603 2444 ⁴)

2660 2451 2744 2516 Iu
2785 2450 3195 2517 Normannia
3252 2470 3512 2535 quoque
3568 2452 3818 2536 optima
3869 2460 3970 2519 est
4022 2454 4245 2520 futura
4298 2452 4606 2519 conditio.

2663 2536 2841 2602 Alibi
2900 2538 3116 2601 minor
3170 2537 3298 2602 erit
3352 2536 3637 2617 libertas,
3695 2547 3894 2622 prout
3947 2559 4018 2605 se
4068 2539 4269 2605 habet
4325 2539 4604 2603 fratrum

2660 2621 3010 2688 multitudo
3063 2630 3130 2686 et
3181 2643 3300 2705 pro
3356 2622 3752 2707 populorum
3806 2624 4101 2709 ingenio:
4149 2623 4379 2690 volunt
4423 2625 4603 2690 enim

2660 2708 2854 2774 simul
2890 2716 2957 2773 et
2990 2707 3178 2793 regni
3214 2709 3674 2791 tranquillitati
3710 2719 3776 2775 et
3811 2709 3938 2776 Dei
3974 2710 4221 2796 gloriae
4242 2710 4602 2776 consulere.

2661 2796 2882 2877 Atque
2926 2794 3181 2859 utinam
3226 2793 3569 2878 utriusque
3603 2815 3825 2877 parem
3869 2795 4102 2862 saltem
4144 2816 4370 2861 curam
4412 2815 4604 2880 gere·

2659 2893 2825 2944 rent.
2915 2879 3220 2946 Lutetiae
3284 2881 3428 2945 fieri
3491 2901 3627 2946 non
3690 2890 3924 2966 potest,
3987 2883 4060 2947 in
4125 2889 4313 2947 tanta
4377 2880 4603 2965 populi

2658 2965 2856 3045 rabie,
2916 2974 2992 3030 ut
3055 2962 3293 3049 publici
3348 2975 3710 3032 conventus
3767 2967 4225 3035 concedantur.
4313 2967 4606 3032 'I'antum

2657 3237 2846 3293 8⁸04.
2867 3239 2926 3303 1)
3313 3239 3390 3294 ad
3423 3239 3500 3294 N.
3533 3238 3688 3294 3573.
3915 3268 3920 3274 ·

2861 3306 3006 3376 2)v.
3348 3306 4601 3366 M3579n0t.8.—mm.aeconddu.

2655 3373 2757 3430 531
2775 3398 2791 3427 .·
2840 3376 3090 3431 Extraict
3131 3377 3257 3432 d’un
3300 3376 3648 3432 mandement
3692 3377 3786 3447 qui
3831 3376 3950 3431 doit
3994 3378 4148 3432 avoir
4189 3379 4305 3433 este
4355 3378 4495 3435 faict
4538 3394 4605 3432 en

2656 3443 2867 3499 Franco
2911 3446 3177 3501 touchant
3220 3448 3304 3501 les
3346 3448 3671 3501 assemblees
3715 3446 3813 3500 des
3848 3445 4105 3500 sectaires
4139 3462 4277 3502 envo
4329 3447 4339 3462 ⁹
4395 3448 4431 3503 a
4477 3446 4602 3503 Chr.

2653 3513 2896 3568 Herman
2928 3514 3139 3569 facteur
3174 3514 3271 3569 des
3288 3515 3535 3584 anuers
3562 3513 3834 3584 (Fuaycr)
3865 3514 3934 3569 de
3960 3514 4115 3569 Paris
4149 3514 4236 3570 26.
4313 3533 4400 3572 ov.
4439 3514 4602 3570 1561:

2655 3581 2837 3652 Ayant
2870 3583 3067 3652 regard
3101 3600 3206 3637 aux
3239 3584 3695 3639 Bemonstrances
3729 3589 3788 3638 et
3820 3584 4171 3653 requisitions
4206 3585 4301 3666 qui
4334 3601 4475 3640 nous
4510 3590 4602 3641 ont

2656 3650 2774 3704 este
2806 3651 2996 3705 faictes
3040 3669 3143 3721 par
3186 3651 3241 3706 la
3284 3653 3532 3723 pluspart
3572 3653 3670 3708 des
3702 3653 3947 3774 Derntea
3989 3652 4087 3706 dee
4131 3657 4266 3708 trouv
4301 3654 4494 3710 Estats
4537 3654 4605 3708 de

2654 3725 2844 3775 nostre
2878 3720 3179 3790 Royaulme
3213 3726 3272 3775 et
3304 3721 3431 3775 affin
3466 3722 3537 3776 de
3572 3722 3749 3776 eviter
3803 3737 3862 3775 es
3896 3722 4280 3777 inconveniens
4315 3722 4410 3793 qui
4444 3739 4605 3793 pour·

2656 3789 2840 3843 roient
2874 3789 3102 3843 advenir
3145 3789 3179 3843 a
3211 3805 3371 3844 cause
3416 3789 3513 3845 des
3559 3790 3887 3845 assemblees
3934 3790 4326 3859 particulieres,
4372 3792 4602 3846 sembla-

2655 3857 2899 3912 blement
2931 3874 3070 3928 pour
3100 3859 3156 3911 la
3188 3859 3359 3912 verite
3393 3858 3463 3912 de
3496 3860 3551 3914 la
3566 3859 3826 3914 Doctrine
3858 3875 4000 3928 pour
4032 3859 4086 3913 le
4119 3859 4249 3914 faiet
4282 3860 4351 3914 de
4385 3861 4441 3915 la
4458 3860 4603 3915 Beli·

2657 3927 2802 4002 gion,
2839 3926 2934 3996 qui
2968 3928 3287 3996 pourroient
3329 3927 3640 3982 facilement
3672 3934 3899 3998 aporter
3931 3926 4241 3983 differenws
4289 3934 4347 3983 et
4379 3945 4603 3999 reprou·

2660 4011 2790 4050 vees
2824 4001 3001 4049 sectes
3036 4000 3095 4049 et
3128 3996 3401 4065 opinions:
3448 3996 3602 4051 Nous
3636 4013 3806 4051 avons
3848 3996 4099 4050 deffendu
4134 4002 4192 4050 et
4226 3995 4540 4053 deffendons
4569 3995 4606 4051 a

2659 4069 2841 4118 tontes
2874 4080 3171 4134 personnes
3215 4064 3285 4119 de
3327 4065 3562 4135 quelque
3596 4071 3741 4119 estat
3787 4064 3990 4135 qualite
4034 4071 4093 4119 et
4134 4066 4411 4121 condition
4448 4065 4606 4137 qu’ilz

2662 4133 2855 4201 soient,
2889 4134 3053 4187 soubs
3088 4134 3250 4204 peine
3282 4132 3479 4188 d'estre
3552 4135 3674 4189 unis
3707 4150 3916 4189 comme
3949 4134 4242 4188 sedicieulx
4279 4143 4336 4189 et
4371 4136 4603 4190 rebelles

2660 4202 2731 4256 de
2762 4219 2832 4257 ne
2868 4202 2986 4255 dire
3020 4219 3092 4257 ou
3119 4202 3256 4258 faire
3288 4202 3480 4273 injure,
3538 4220 3664 4258 orce
3693 4220 3764 4258 ou
3789 4203 4029 4257 violence
4060 4202 4096 4257 a
4120 4220 4256 4258 ceux
4329 4205 4386 4258 ui
4418 4207 4605 4260 serent

2663 4288 2731 4324 en
2783 4272 3129 4326 Assemblees
3178 4271 3498 4342 publicques
3544 4288 3686 4342 pour
3745 4288 3884 4343 ouyr
3928 4271 3983 4326 la
4028 4272 4245 4327 Parolle
4334 4274 4476 4328 'vine
4548 4275 4604 4325 et

2660 4340 2797 4394 faire
2832 4340 3040 4410 priercs
3074 4346 3132 4395 et
3175 4346 3358 4395 autres
3403 4346 3551 4396 actes
3595 4346 3954 4396 concernanta
3998 4341 4053 4394 le
4093 4341 4226 4395 saict
4257 4340 4326 4396 de
4371 4343 4426 4397 la
4461 4313 4602 4398 &eli-

2661 4409 2805 4480 gion,
2840 4425 3083 4477 ponrveu
3119 4426 3226 4479 qne
3259 4410 3415 4464 ceulx
3449 4410 3519 4464 de
3552 4411 3751 4464 ladiote
3785 4409 4085 4464 assemblee
4112 4427 4182 4464 ne
4216 4411 4395 4465 soient
4430 4408 4604 4465 arme’s

2662 4496 2737 4550 ny
2772 4478 3115 4546 abastonne's,
3151 4487 3210 4532 et
3240 4480 3418 4533 soient
3451 4479 3531 4533 les
3565 4480 3714 4532 lieux
3748 4477 3818 4533 oti
3859 4480 3930 4530 ilz
3977 4488 4237 4547 peussent
4271 4486 4434 4547 estre,
4471 4493 4602 4534 vena

2664 4552 2722 4601 et
2754 4548 2944 4670 νίεὲἱοι
2977 4563 3080 4617 par
3093 4546 3578 4669 bnggtoogfficiersrd?
3619 4563 3683 4630 ce
3717 4562 3952 4679 quanze‘
3972 4547 4285 4670 selme
4331 4549 4449 4604 dise
4494 4548 4602 4601 aul·

2663 4632 2799 4671 me
2870 4632 2995 4738 3οοθ
3028 4633 3092 4669 m
3122 4633 3147 4685 J
3252 4633 3338 4738 Π.8
3359 4631 3491 4738 ἷξε.-
3527 4631 3756 4739 Δῗιῗίεἰιειξι
3762 4684 3833 4737 ad
3867 4630 4173 4754 pro-xlimum
4207 4620 4447 4739 m)ensem
4483 4701 4603 4739 con·

2664 4753 2936 4808 vocandos
2992 4769 3060 4807 ex
3112 4752 3356 4822 quolibet
3409 4752 3748 4821 parlamento
3797 4754 4102 4822 praesidem
4160 4760 4218 4808 et
4280 4768 4605 4808 assessorem

2661 4839 2844 4887 unum,
2881 4830 2939 4875 et
2972 4837 3041 4875 ex
3088 4822 3331 4891 qualibet
3373 4822 3656 4890 provincia
3690 4838 3757 4876 ex
3801 4822 4192 4890 ecclesiasticis,
4236 4823 4520 4877 nobilitate
4552 4824 4609 4874 et

2661 4891 2865 4961 populo
2898 4890 3157 4960 singulos,
3189 4896 3254 4945 ut
3286 4890 3335 4945 is
3368 4899 3667 4945 conventus
3700 4897 4007 4961 opponatur
4039 4891 4120 4946 illi
4152 4891 4248 4961 qui
4281 4889 4500 4947 habitus
4524 4893 4605 4945 est

2661 4977 2734 5013 m.
2757 4959 2913 5014 Iunio
2948 4966 3007 5012 et
3024 4959 3162 5013 Iulio
3194 4965 3291 5024 tan
3331 4976 3456 5014 nam
3488 4960 3662 5028 magis
3695 4961 3948 5028 solennis,
3987 4966 4045 5015 et
4077 4960 4422 5015 rescindatur
4454 4976 4603 5015 sena-

2663 5035 2753 5082 tus
2787 5028 3092 5150 consultm'n
3137 5034 3266 5082 tunc
3329 5033 3525 5096 sctum,
3576 5045 3640 5083 ac
3684 5032 3953 5084 communi
3988 5030 4208 5084 decreto
4241 5030 4603 5086 concedantur

2659 5098 2864 5150 nostris
2896 5101 3008 5150 tem
3068 5113 3114 5150 a.

2863 5163 2926 5232 4)
2957 5164 3002 5218 I
3036 5182 3115 5217 em
3157 5163 3283 5217 151.-
3328 5166 3456 5220 Istis
3491 5165 3683 5220 edictis
3719 5168 4105 5232 (restitutionis
4142 5165 4485 5235 implorem)
4513 5182 4599 5219 an·-

2661 5232 2754 5287 dio
2788 5250 2899 5287 non
2934 5233 3318 5304 comprehendi
3348 5236 3635 5302 Vascones,
3671 5237 3802 5305 quia
3830 5238 4008 5290 sciunt
4030 5238 4424 5306 gubernatores
4457 5237 4599 5306 ipsos

2662 5318 2770 5356 non
2806 5304 3288 5373 obtemperaturos.
