4850 6117
251 445 385 505 593

246 629 432 697 Nam
476 634 544 696 et
576 650 829 696 moeror
863 629 1285 696 constrictum
1320 650 1425 698 me
1460 635 1660 708 tenet,
1705 635 1781 696 ut
1822 630 2044 714 segnis
2087 630 2214 696 sim

247 715 339 781 ad
400 737 597 782 omne
654 715 850 783 officii
902 736 1128 801 genus,
1186 716 1315 782 nisi
1369 736 1571 799 quum
1625 726 1817 799 urget
1858 716 2213 782 necessitas

249 808 318 868 et
379 803 575 886 quasi
628 801 911 869 invitum
971 800 1192 881 trahit,
1250 809 1317 867 et
1366 802 1434 866 in
1493 802 1690 868 rebus
1730 799 1890 868 adeo
1934 802 2213 869 turbatis

244 908 426 971 quae
473 886 672 954 dubia
705 895 861 953 sunt
903 887 1085 972 piget
1117 888 1416 967 scribere,
1462 908 1545 953 ne
1578 908 1734 953 mox
1777 908 1927 953 cum
1968 888 2215 971 pudore

245 973 341 1040 sit
384 974 875 1040 retractandum
912 972 1081 1057 quod
1123 994 1356 1040 verum
1392 994 1536 1039 esse
1577 971 1999 1039 credideram.
2059 974 2212 1039 Nou

245 1060 436 1125 enim
493 1060 717 1125 credas
773 1068 1021 1143 quanta
1076 1060 1163 1125 sit
1212 1058 1575 1124 mentiendi
1618 1059 1903 1125 licentia.
1991 1057 2213 1140 Quare

243 1165 333 1211 ex
372 1145 592 1212 taedio
660 1145 792 1211 iam
837 1146 974 1211 fere
1017 1144 1480 1213 hebetudinem
1532 1146 1850 1225 contraxi,
1894 1151 1969 1209 ut
2009 1145 2212 1211 nullis

241 1231 634 1299 rumoribus
678 1252 957 1297 movear.
1045 1233 1189 1297 Iam
1239 1252 1390 1299 vero
1436 1253 1554 1297 sex
1597 1230 1933 1297 mensibus
1974 1230 2212 1298 itinera

244 1317 348 1384 sic
394 1316 672 1384 fuerunt
712 1317 969 1384 occlusa
1003 1325 1078 1382 ut
1121 1316 1286 1382 nihil
1320 1319 1480 1383 certi
1523 1318 1908 1401 perferatur.
1995 1316 2213 1384 Hodie

243 1403 417 1486 quid
464 1411 665 1488 agant
710 1403 917 1468 nostri
975 1423 1271 1486 proceres
1313 1403 1654 1481 nescimus,
1701 1403 1831 1468 nisi
1873 1402 2042 1486 quod
2085 1404 2211 1469 cir-

244 1490 425 1556 citer
468 1491 666 1555 finem
710 1489 993 1578 proximi
1036 1490 1278 1554 mensis
1320 1487 1535 1555 adhuc
1589 1496 1778 1553 erant
1822 1487 2122 1555 Corbelii.
2161 1491 2210 1569 ²)

244 1573 597 1659 Oppidum
641 1583 741 1640 est
783 1575 1097 1659 exiguum
1141 1595 1263 1640 nec
1317 1573 1508 1640 valde
1547 1574 1896 1654 munitum,
1944 1575 2213 1641 Lutetia

245 1660 464 1727 distat
527 1670 809 1744 quatuor
874 1669 1132 1726 tantum
1200 1661 1512 1725 horarum
1577 1660 1824 1725 itinere.
1937 1659 2213 1727 Fecerat

243 1746 383 1813 loci
426 1748 876 1831 opportunitas
920 1756 998 1811 ut
1039 1747 1259 1812 hostes
1301 1745 1513 1812 modis
1555 1746 1857 1811 omnibus
1905 1745 2065 1810 illud
2109 1768 2212 1812 re·

244 1833 474 1898 tinere
515 1832 1002 1910 contenderent,
1057 1833 1208 1915 quia
1251 1840 1449 1915 ponte
1492 1831 1953 1898 intercluditur
1996 1840 2211 1899 trans·

243 1920 392 1985 itus
454 1939 752 1984 annonae
811 1938 977 2001 quae
1032 1939 1116 1984 ex
1160 1917 1549 2002 Burgundia
1606 1917 1974 1984 advehitur.
2075 1918 2212 1983 Ita-

244 2025 387 2087 que
432 2003 654 2070 sedem
710 2004 894 2068 illam
953 2010 1384 2086 occupaverat
1428 2003 1944 2070 Samandreanus
1960 2005 2019 2080 2)
2063 2025 2212 2070 cum

247 2090 483 2156 valido
530 2089 888 2172 praesidio:
954 2089 1069 2154 sed
1122 2098 1274 2155 ante
1332 2090 1885 2174 expugnationem
1939 2090 2211 2175 aufugit.

241 2176 521 2261 Regina
563 2175 646 2241 ad
682 2176 905 2241 solitas
950 2174 1332 2259 pacificandi
1377 2189 1549 2241 artes
1593 2176 1893 2241 redierat.
1915 2176 1969 2250 ³)
2045 2177 2214 2242 Nos-

245 2264 345 2327 tri
414 2283 571 2329 vero
637 2261 834 2328 nimis
899 2269 1096 2327 erunt
1158 2260 1424 2327 hebetes
1489 2262 1546 2326 si
1622 2263 1813 2327 toties
1877 2261 2212 2328 fallacibus

243 2346 599 2414 blanditiis
676 2346 930 2430 decepti
995 2367 1224 2413 rursus
1281 2368 1352 2413 se
1425 2347 1497 2411 in
1561 2346 1790 2431 plagas
1849 2348 2211 2414 coniiciant.

241 2434 510 2499 Eorum
572 2433 771 2517 legati
840 2434 1220 2499 humaniter
1293 2433 1548 2516 excepti
1611 2440 1769 2498 sunt
1832 2453 1872 2498 a
1917 2431 2215 2516 Caesare,

244 2519 398 2585 eius
435 2519 570 2585 filio
614 2529 682 2584 et
726 2517 1155 2598 Electoribus,
1216 2519 1329 2586 sed
1387 2539 1773 2602 responsum
1818 2539 1951 2584 non
1998 2518 2211 2587 datur.

243 2604 362 2670 De
405 2601 625 2671 Turca
676 2605 847 2688 quod
892 2604 1065 2688 apud
1111 2626 1226 2671 vos
1268 2625 1573 2688 sparsum
1624 2612 1726 2671 est
1768 2606 2063 2688 suspicor
2098 2626 2212 2671 va-

247 2711 422 2757 num
466 2712 627 2770 esse,
673 2711 827 2756 nam
868 2699 1044 2755 certe
1088 2690 1367 2756 verbum
1414 2690 1483 2755 in
1527 2691 1662 2756 suis
1704 2691 1914 2757 literis
1956 2691 2215 2757 fecisset

248 2778 429 2843 alter
481 2798 565 2842 ex
617 2777 870 2859 legatis,
926 2776 1034 2843 cui
1088 2775 1496 2842 familiariter
1534 2777 1838 2861 aperiunt
1885 2776 2214 2862 principes

248 2884 428 2947 quae
471 2872 698 2928 nostra
739 2863 904 2928 scire
938 2862 1229 2927 interest.
1318 2863 1577 2947 Regina
1621 2863 1901 2949 Angliae
1920 2869 1977 2940 ⁴)
2013 2864 2214 2930 nimis

247 2947 615 3014 liberaliter
662 2969 781 3013 sua
838 2948 1080 3013 auxilia
1129 2949 1433 3014 iactavit:
1479 2948 1619 3014 eius
1663 2951 1952 3015 vanitate
1993 2951 2212 3033 perdi-

248 3040 399 3100 tum
446 3035 574 3099 fuit
593 3034 1054 3118 Rotomagum.
1111 3036 1273 3099 Dux
1311 3034 1656 3101 Nemorsus
1687 3035 1988 3102 inducias
2029 3036 2213 3120 pepi·

247 3120 351 3205 git
408 3141 561 3186 cum
617 3120 882 3186 Barone
926 3120 1231 3185 Adressio
1255 3120 1308 3206 ⁶)
1362 3141 1526 3204 quae
1573 3122 1704 3187 iam
1759 3123 1984 3188 finitae
2038 3129 2210 3188 sunt.

251 3206 440 3287 Quia
484 3207 850 3288 praefectus
892 3205 1361 3290 Lugdunensis
1405 3207 1800 3290 aegrotabat,
1844 3209 2029 3290 petiit
2071 3209 2215 3273 eius

249 3292 685 3374 colloquium:
725 3299 1038 3375 negatum
1084 3301 1198 3357 est.
1258 3291 1576 3376 Lugduni
1618 3293 1821 3376 quies,
1864 3292 1978 3357 sed
2023 3314 2212 3358 num-

251 3397 521 3443 morum
590 3377 882 3459 penuria.
984 3378 1252 3442 Literae
1318 3385 1470 3443 tuae
1533 3399 1734 3460 quum
1800 3400 1836 3443 e
1902 3386 2215 3463 suggestu

250 3462 720 3529 descenderem
758 3462 925 3527 mihi
959 3461 1250 3529 redditae
1294 3478 1467 3529 sunt.
1555 3464 1697 3529 Iam
1736 3462 1912 3528 Dani
1954 3464 2215 3530 aliunde

249 3549 609 3629 sciverant,
662 3570 796 3615 non
853 3549 991 3614 fore
1050 3547 1174 3614 sibi
1218 3549 1627 3616 commodum
1684 3550 1857 3633 apud
1900 3571 2019 3616 nos
2064 3550 2215 3616 hos-

250 3805 448 3860 8882.
474 3806 532 3871 1)
572 3804 859 3859 Condaeas
898 3806 1127 3872 receptis
1159 3803 1441 3859 Andelotii
1483 3804 1657 3874 copiis
1691 3810 1740 3860 et
1783 3807 2032 3876 reliquiis
2064 3821 2215 3862 exer·

249 3877 402 3929 citus
436 3892 473 3930 a
513 3873 818 3930 Montlucio
863 3873 926 3928 in
959 3873 1267 3943 Aquitania
1317 3873 1435 3939 lusi
1485 3890 1607 3929 cum
1656 3872 1797 3929 8000
1841 3874 2117 3943 peditibus
2166 3882 2219 3932 et

252 3942 402 3998 6000
442 3944 711 4012 equitibus
747 3942 977 3996 Aurelia
1017 3941 1209 3996 relicta
1252 3941 1308 3995 d.
1362 3940 1410 3996 7.
1458 3942 1590 3999 Noc.
1626 3944 1904 3998 Lutetiam
1946 3945 2218 4001 contendit

251 4018 308 4068 et
343 4017 525 4081 captis
573 4010 796 4081 oppidis
833 4011 1127 4065 Pithiviers
1175 4016 1224 4064 et
1261 4010 1522 4080 Etampes
1568 4012 1621 4067 d.
1659 4012 1740 4066 16.
1781 4013 1925 4068 Non.
1972 4013 2050 4069 ad
2084 4011 2216 4068 Gor·

252 4081 457 4138 belium
501 4089 686 4137 castra
729 4082 911 4148 posuit
955 4087 1017 4134 ut
1055 4079 1339 4150 Sequanae
1377 4084 1670 4136 transitum
1704 4082 1813 4136 sibi
1843 4082 2217 4138 commodaret.

257 4151 357 4205 Ibi
406 4151 594 4217 plures
646 4150 764 4205 dies
823 4155 1109 4204 cunctatus
1160 4165 1279 4204 cam
1318 4148 1535 4217 Regina
1587 4150 1876 4205 tractando
1933 4150 2213 4220 transeqit,

255 4219 376 4276 scil.
411 4221 589 4284 fratre
622 4224 833 4273 mortuo
860 4219 1151 4286 proximus
1182 4219 1510 4286 reipublicae
1542 4220 1920 4287 capessendae.
1983 4219 2213 4275 Demum

255 4288 314 4344 d.
350 4286 422 4342 28
457 4288 733 4343 Lutetiam
767 4302 834 4340 as
868 4301 937 4340 ue
970 4302 1291 4355 progressus
1324 4294 1413 4342 est.
1470 4287 1641 4356 (Hist.
1676 4289 1799 4344 eccl.
1831 4289 1900 4342 11.
1939 4287 2042 4343 190
2075 4290 2214 4360 sqq.)

468 4355 527 4417 2)
567 4352 836 4411 Mare'cha
893 4355 959 4409 de
996 4353 1075 4410 St.
1116 4353 1317 4410 Andre'.
1365 4354 1543 4422 (Hist.
1579 4358 1699 4413 eccl.
1736 4356 1804 4412 ΙΙ.
1841 4356 1985 4423 191.)

272 4494 285 4506 ·
456 4425 502 4506 ,3
573 4424 709 4480 Vide
753 4424 886 4480 ibid.
933 4422 1061 4505 193·
1081 4439 1197 4505 sqq.
1272 4424 1537 4480 Gaisiani
1576 4433 1626 4481 et
1671 4425 1879 4495 leqatus
1927 4426 2216 4496 Hispanus

257 4491 491 4616 {zm
502 4492 1195 4643 mmmmm?
1206 4494 2044 4644 ἔὲἓξῗέἷέἴὲοξθῖἓὲᾱὲεᾞ
2062 4495 2215 4620 ἐξὲξ

257 4630 421 4685 chees
479 4648 548 4685 en
598 4632 779 4700 effigie
829 4647 1037 4685 comme
1083 4633 1359 4685 criminals
1410 4632 1480 4686 de
1535 4634 1647 4688 lese
1689 4633 1944 4699 maieste,
2000 4649 2063 4689 ce
2107 4650 2214 4703 qne

257 4700 546 4756 toutesfois
578 4701 648 4754 ils
683 4700 956 4754 n’oserent
989 4705 1263 4756 executor.

465 4767 523 4834 4)
584 4770 888 4823 Triumviri
930 4770 1236 4837 Anylorum
1291 4768 1579 4825 adventum
1637 4775 1925 4826 metuentes
1973 4773 2213 4840 neqlecta

257 4837 494 4893 Aurelia
517 4837 876 4906 Rotomaqam
908 4839 1313 4904 contenderunt,
1350 4840 1534 4893 urbem
1576 4841 1754 4894 minue
1788 4839 2069 4907 munitam,
2105 4855 2215 4909 qua

248 4905 421 4973 potiti
453 4913 687 4962 tractum
722 4907 1055 4961 maritimum
1088 4908 1314 4972 facilius
1348 4907 1633 4974 defendere
1659 4914 1934 4976 poterant.

462 4974 524 5042 5)
563 4977 859 5029 Ado-eseias
1035 4993 1064 5031 e
1103 4977 1288 5040 ferens
1335 4974 1645 5031 Soubisium
1688 4978 1801 5045 ipsi
1841 4978 2214 5045 praepositum

254 5044 388 5099 inde
421 5061 461 5098 a
495 5044 670 5100 medio
705 5058 885 5099 mense
984 5061 1066 5099 oc.
1100 5045 1239 5099 clam
1274 5059 1396 5098 cum
1434 5045 1700 5100 Nemorso
1727 5046 2127 5115 paciscebatur,
2163 5052 2214 5100 et

253 5113 499 5168 &duciis
520 5114 687 5177 factis
711 5116 900 5182 copias
916 5129 984 5169 ex
1003 5111 1345 5181 Delphinum
1376 5117 1627 5169 retraxit.
1675 5115 1872 5169 Verum
1890 5115 2055 5170 huius
2085 5130 2214 5182 pro·

253 5183 472 5238 vinciae
522 5188 699 5237 statas
744 5197 866 5237 eam
897 5187 960 5237 ut
999 5182 1333 5250 proditorem
1368 5181 1420 5236 d.
1454 5180 1531 5237 10.
1570 5184 1698 5240 Ian.
1735 5183 1871 5239 1563
1895 5186 1958 5239 in
1990 5183 2213 5238 vincula

254 5252 594 5308 coniecerunt
630 5267 698 5305 ex
731 5253 932 5322 quibus
958 5268 1098 5321 pace
1128 5266 1257 5305 mose
1293 5253 1510 5307 sancita
1541 5253 1805 5309 liberatus
1834 5254 1963 5318 fuit.
2013 5251 2211 5308 Postea

254 5320 431 5376 denuo
459 5320 573 5443 ἐπεὶ
598 5321 910 5454 pgn3tifieic3s
962 5322 1200 5377 wansiit.
1242 5321 1418 5386 (Hist.
1461 5322 1582 5378 eccl.
1617 5321 1713 5377 111.
1762 5320 1883 5376 233.
1929 5318 2045 5375 290.
2096 5335 2207 5390 sqq.

253 5389 454 5445 Arnau
747 5404 859 5459 sqq.

458 5473 687 5530 wei-ui·
721 5487 908 5545 opera.
991 5474 1103 5531 Vol.
1136 5473 1307 5532 XIX.

1953 443 2113 507 1562
2156 442 2562 511 DEOEMB.

4139 445 4269 508 594

2314 631 2565 715 pitium.
2678 629 2900 713 Quum
2964 650 3119 714 ergo
3174 629 3466 696 dicerent
3527 650 3599 696 se
3663 649 3809 696 cras
3866 650 4270 712 reversuros,

2313 717 2511 801 longa
2552 718 2973 786 excusatione
3009 737 3174 800 opus
3214 736 3347 780 non
3386 715 3513 780 fuit
3551 722 3619 783 et
3651 724 3827 782 certe
3869 716 4026 783 urbs
4067 717 4268 783 mise-

2314 803 2405 868 ris
2462 801 2797 869 exsulibus
2853 803 3066 887 magis
3120 822 3315 885 quam
3361 801 3637 867 antehac
3690 823 3981 885 unquam
4024 803 4268 869 referta

2314 897 2429 955 est.
2543 887 2901 954 Confluunt
2953 887 3290 954 turmatim
3354 887 3633 953 fortunis
3696 887 3996 955 omuibus
4059 889 4268 968 exuti,

2313 974 2504 1040 multi
2548 974 2710 1053 orbi,
2755 974 3000 1040 multae
3041 972 3296 1039 viduae.
3383 972 3467 1037 In
3504 972 3607 1038 his
3642 973 3963 1056 angustiis
3997 994 4132 1040 non
4166 974 4266 1044 fa-

2312 1060 2437 1127 cile
2501 1059 2878 1126 hominibus
2934 1060 3197 1144 linguae
3263 1058 3516 1125 alienae
3576 1060 3903 1143 reperitur
3959 1058 4260 1127 conditio.

2313 1146 2566 1211 Verum
2612 1155 2962 1229 antequam
2998 1145 3273 1212 verbum
3307 1143 3617 1225 facerent,
3655 1152 4020 1212 statuerant
4054 1166 4262 1231 usque

2313 1231 2395 1297 ad
2439 1231 2697 1298 Pascha
2737 1230 3035 1296 Basileae
3077 1251 3359 1296 manere.

2483 1318 2678 1383 Nunc
2722 1325 2982 1383 transeo
3021 1316 3103 1382 ad
3138 1315 3320 1381 aliud
3362 1323 3843 1400 argumentum.
3933 1314 4138 1400 Saepe
4182 1315 4264 1383 de

2313 1403 2629 1469 scelerata
2671 1402 2945 1488 perfidia
2987 1409 3053 1468 et
3085 1401 3468 1468 crudelitate
3502 1401 3688 1467 Petri
3727 1402 3997 1469 Tossani
4040 1401 4265 1469 admo-

2314 1489 2495 1554 nitus
2528 1488 2843 1556 iudicium
2867 1488 3264 1570 suspendere
3297 1486 3586 1552 maluisti
3621 1508 3818 1571 quam
3856 1486 3935 1553 de
3957 1488 4265 1571 opinione

2314 1574 2517 1640 semel
2575 1583 2887 1658 concepta
2942 1572 3288 1640 discedere.
3377 1573 3470 1639 Et
3509 1572 3623 1638 ille
3677 1573 4036 1639 crocodilus
4078 1574 4265 1640 miris

2314 1661 2397 1725 ad
2477 1660 2837 1726 fallendum
2915 1658 3251 1725 blanditiis
3331 1658 3545 1742 pollet.
3671 1659 3736 1723 N
3737 1679 3867 1724 unc
3944 1657 4266 1744 collegam

2313 1767 2510 1812 suum
2528 1745 2584 1831 ⁶)
2637 1747 2827 1812 novis
2881 1745 3136 1812 insidiis
3191 1743 3457 1810 adortus
3497 1744 3711 1810 effecit
3754 1751 3828 1809 ut
3871 1765 3912 1810 a
3953 1765 4074 1811 suo
4116 1766 4266 1812 mu-

2313 1853 2472 1898 nere
2516 1831 2598 1897 ad
2659 1840 2915 1914 tempus
2958 1829 3377 1915 supersedere
3420 1830 3640 1896 iussus
3683 1829 3787 1895 sit.
3868 1830 4037 1896 Nolo
4079 1831 4150 1896 in
4193 1852 4268 1897 re

2315 1918 2661 1984 manifesta
2701 1918 2963 2003 longam
2999 1916 3530 2000 disceptationem
3572 1915 3848 2000 ingredi.
3919 1916 4151 2000 Agitur
4187 1915 4268 1984 de

2314 2004 2932 2088 praedestinationis
3013 2003 3309 2070 doctrina
3383 2000 3465 2066 ad
3532 2002 3719 2067 cuius
3784 1999 4265 2069 abiurationem

2314 2111 2545 2175 cogere
2590 2090 2830 2156 bonum
2874 2090 3093 2156 virum
3137 2088 3363 2155 voluit.
3452 2084 3630 2168 Quid
3665 2088 3797 2152 iam
3832 2085 4082 2154 Ohristi
4116 2108 4268 2155 cau-

2314 2197 2456 2242 sam
2498 2177 2617 2243 tibi
2661 2173 3161 2243 commendem?
3221 2173 3322 2239 Ne
3357 2179 3579 2239 tamen
3628 2172 3978 2256 suspiceris
4019 2173 4268 2258 aliquid

2316 2273 2560 2327 temere
2602 2262 2898 2347 elapsum
2942 2281 3081 2327 esse
3125 2258 3298 2344 quod
3355 2258 3783 2325 offensionem
3849 2267 4123 2342 pareret,
4169 2260 4271 2327 vi·

2317 2347 2499 2414 debis
2545 2369 2631 2413 ex
2674 2355 2810 2413 tota
2849 2346 3102 2413 actione
3145 2344 3344 2411 nimis
3402 2343 3602 2410 fuisse
3644 2343 4109 2424 verecundum,
4154 2346 4267 2428 qui

2315 2433 2718 2500 tumultuose
2761 2431 2844 2499 ab
2885 2432 2998 2498 illo
3040 2432 3299 2516 piorum
3341 2431 3633 2497 omnium
3680 2429 3868 2496 hoste
3909 2430 4265 2514 impetitur.

2317 2520 2604 2586 Doctum
2647 2526 2713 2585 et
2751 2519 2932 2603 pium
2978 2520 3192 2585 virum
3229 2517 3417 2584 nobis
3460 2515 3958 2584 conniventibus
4002 2515 4271 2601 indigne

2318 2607 2545 2672 vexari
2591 2605 2859 2671 minime
2921 2604 3240 2671 convenit.
3331 2601 3509 2685 Quia
3552 2622 3709 2667 vero
3752 2600 4120 2686 opitulandi
4162 2624 4270 2668 ra-

2316 2691 2407 2756 tio
2453 2691 2616 2756 mihi
2658 2690 2841 2757 nulla
2883 2702 3000 2770 est,
3045 2690 3244 2755 fidem
3287 2698 3469 2754 tuam
3510 2687 3806 2771 imploro.
3896 2686 4087 2771 Apud
4137 2687 4269 2754 Ba-

2315 2777 2525 2843 livum
2577 2776 2683 2842 vel
2728 2776 3126 2861 praefectum
3181 2796 3332 2840 rara
3390 2774 3602 2859 gratia
3634 2780 3702 2839 et
3746 2774 4094 2840 autoritate
4137 2773 4272 2857 pol·

2316 2862 2429 2929 les.
2520 2863 2697 2929 Eum
2755 2861 3057 2946 quamvis
3106 2861 3422 2927 ToSsanus
3479 2860 3614 2926 suis
3663 2859 4035 2944 praestigiis
4077 2860 4269 2926 fasci-

2316 2949 2590 3027 naverit,
2635 2948 2818 3014 nullo
2861 2956 3082 3014 tamen
3122 2946 3383 3030 negotio
3426 2947 3492 3010 in
3538 2948 3712 3010 viam
3754 2944 4038 3012 reduces.
4101 2945 4271 3011 Nolo

2317 3043 2390 3100 ut
2436 3042 2499 3101 te
2542 3037 2801 3119 ingeras
2842 3033 2914 3101 in
2947 3036 3295 3101 obscurum
3336 3040 3686 3104 certamen.
3773 3032 4077 3097 Fratrem
4115 3031 4269 3097 hor·

2319 3127 2495 3186 tatus
2555 3141 2700 3186 sum
2759 3128 2832 3186 ut
2891 3121 3211 3188 actionem
3270 3139 3457 3185 suam
3513 3116 3597 3182 ad
3654 3125 3719 3182 te
3779 3115 4076 3183 deferret.
4165 3118 4269 3183 Re

2316 3206 2518 3289 probe
2546 3227 2693 3289 pers
2778 3215 2882 3274 cta
2923 3227 3043 3291 pro
3084 3213 3199 3272 tua
3242 3205 3566 3289 aequitate
3600 3209 3667 3269 et
3755 3202 4061 3269 rudentia
4100 3203 4271 3269 iudi·

2319 3292 2497 3358 cabis
2555 3228 2775 3375 quidpe
2755 3293 2932 3358 factu
2994 3293 3082 3359 sit
3136 3312 3321 3375 opus.
3408 3289 3661 3357 Saltem
3753 3309 3829 3353 oc
3872 3289 3987 3355 abs
4038 3295 4103 3355 te
4145 3290 4272 3355 im-

2318 3387 2575 3461 petrare
2645 3378 2833 3461 cupio
2900 3385 2974 3443 ut
3028 3375 3433 3460 praefectum
3500 3373 3991 3452 mansuefacias‚
4059 3397 4271 3459 quan-

2315 3485 2511 3547 quam
2570 3464 2829 3547 longius
2883 3483 3382 3547 progressurum
3440 3459 3719 3541 confido,
3769 3469 3845 3527 ut
3889 3460 3992 3525 vir
4026 3460 4269 3544 alioqui

2316 3549 2623 3616 cordatus
2678 3548 2821 3633 piae
2897 3551 3229 3632 iustaeque
3294 3568 3526 3614 causae
3593 3547 4024 3630 patrocinium
4091 3547 4269 3612 ultro

2315 3637 2648 3720 suscipiat.
2748 3634 2963 3703 Audio
3030 3636 3206 3701 enim
3262 3634 3523 3699 nonnisi
3588 3653 3806 3698 errore
3870 3652 4136 3714 peccare
4195 3638 4271 3697 ut

2315 3729 2576 3788 tantum
2631 3721 2955 3789 docendus
3011 3723 3113 3788 sit.
3194 3721 3372 3806 Ergo
3421 3720 3477 3786 si
3519 3719 3685 3784 serio
3729 3716 4085 3795 adlabores,
4131 3739 4267 3785 non

2317 3807 2694 3873 dubitamus
2747 3807 2828 3872 de
2884 3829 3193 3892 prospero
3247 3808 3448 3873 exitu.
3528 3804 3715 3884 Vale,
3772 3804 4015 3886 optime
4070 3813 4138 3869 et
4181 3826 4266 3869 ex

2316 3896 2536 3959 animo
2579 3893 2740 3958 mihi
2782 3892 3051 3958 colende
3083 3893 3306 3958 frater.

2486 3979 2675 4046 Nova
2719 3979 2986 4063 lugendi
3030 3979 3303 4044 materia
3344 3996 3425 4043 ex
3471 3984 3680 4042 morte
3728 3974 3905 4041 Petri
3946 3972 4268 4058 Martyris

2314 4066 2603 4132 accessit.
2683 4064 2861 4131 Besa
2917 4073 3141 4130 noster
3183 4064 3253 4128 in
3311 4064 3542 4129 castris
3585 4069 3701 4127 est.
3785 4058 4067 4127 Ribiuus
4111 4068 4266 4126 ante

2314 4172 2433 4216 sex
2474 4172 2732 4218 menses
2779 4150 3117 4217 Aureliam
3159 4151 3489 4234 profectus
3532 4155 3650 4224 est,
3694 4148 3933 4212 ascitus
3976 4146 4136 4212 illuc
4179 4145 4267 4212 ad

2313 4235 2589 4303 docendi
2609 4240 2931 4317 munus.⁷)
2981 4235 3306 4303 Dominus
3346 4243 3411 4301 te
3433 4243 3657 4301 servet
3677 4231 4095 4310 incolumem,
4119 4252 4264 4298 ma-

2313 4323 2543 4408 gisque
2578 4329 2646 4389 et
2687 4323 2896 4407 magis
2941 4322 3080 4388 suis
3121 4321 3314 4388 donis
3354 4319 3720 4405 locupletet.
3786 4317 4097 4404 Collegae
4132 4319 4266 4385 mei

2315 4419 2379 4476 te
2421 4409 2777 4494 plurimum
2819 4408 3121 4476 salutant.
3203 4408 3516 4475 Genevae
3557 4410 3635 4472 8⁰
3675 4403 3835 4471 Idus
3877 4403 4267 4472 Decembris

2519 4752 2581 4819 6)
2632 4752 2890 4809 Vatellum
2925 4749 3004 4807 N.
3038 4748 3195 4806 3881.

2520 4821 2583 4891 ’1)
2620 4821 2753 4891 Req.
2789 4820 2865 4876 du
2900 4817 3061 4876 Gens.
3099 4818 3180 4874 19.
3216 4816 3344 4874 Ian.
3382 4814 3534 4872 1562.
3571 4816 3644 4884 cf.
3682 4816 3758 4874 N.
3792 4815 3950 4873 3673.

3072 5131 3481 5142 —-—————
