4850 6117
268 399 373 465 521
465 380 474 387 ’

421 582 796 651 Clarissimo
857 583 1001 650 viro
1041 582 1129 649 D.
1171 582 1407 650 Ioanni
1451 580 1732 650 Oalvino
1777 581 2189 649 Genevensis

268 669 555 771 ecclesiae
616 669 866 754 pastori
931 667 1114 735 fideli
1175 667 1438 736 domino
1516 665 1783 734 colendo
1858 676 1926 734 et
2000 666 2188 733 fratri

539 774 580 822 ο
621 775 758 823 suo·
1798 837 2017 906 Genff.

420 1009 490 1077 S.
523 1011 611 1077 D.
682 1010 827 1077 Nisi
869 1017 1271 1096 opportunus
1316 1011 1424 1077 hic
1466 1010 1747 1076 nuncius
1788 1009 1872 1075 ad
1913 1029 2033 1075 vos
2075 1009 2189 1074 ab·

265 1100 393 1175 iret,
432 1117 566 1163 non
609 1096 876 1164 fuissem
919 1097 1037 1164 tibi
1081 1098 1394 1165 molestus
1435 1094 1622 1163 brevi
1661 1095 1785 1163 hoc
1826 1116 1973 1161 meo
2017 1095 2188 1177 epis-

265 1182 427 1249 tolio.
493 1185 590 1249 At
630 1181 966 1250 commode
1018 1203 1137 1267 per
1193 1184 1370 1248 hunc
1411 1182 1658 1266 poteris
1707 1181 2064 1247 rescribere
2108 1178 2188 1246 de

261 1267 445 1335 rebus
486 1266 766 1347 Galliae,
812 1269 893 1334 de
935 1269 1175 1352 quibus
1218 1288 1419 1351 quum
1460 1267 1858 1333 nuncientur
1898 1267 1970 1332 in
2014 1265 2189 1331 diem

264 1354 638 1432 tristissima,
683 1355 977 1420 maxima
1014 1375 1121 1420 me
1162 1355 1459 1420 afficiunt
1502 1353 1816 1419 molestia.
1886 1351 2188 1418 Moerore

261 1447 506 1505 tantum
563 1460 700 1505 non
754 1440 1075 1506 conficior.
1168 1439 1369 1505 Dolet
1424 1459 1509 1504 ex
1567 1439 1785 1505 animo
1841 1439 2188 1503 veritatem

261 1525 707 1610 blasphemari,
748 1525 1182 1592 idololatriam
1224 1525 1504 1602 restitui,
1558 1534 1818 1590 sanctos
1857 1522 1990 1588 Dei
2031 1542 2188 1589 con-

261 1611 520 1677 fessores
563 1619 632 1676 et
674 1612 981 1678 miseram
1022 1611 1429 1695 plebeculam
1470 1609 1746 1675 barbara
1787 1610 2054 1675 saevitis
2096 1609 2190 1672 ita

262 1697 481 1762 misere
514 1696 847 1777 trucidari,
891 1718 967 1763 ac
998 1697 1235 1781 impios
1268 1704 1608 1779 tantopere
1640 1695 1987 1760 exsultare.
2054 1694 2189 1759 Ve-

262 1802 396 1847 rum
437 1781 811 1849 huiusmodi
856 1782 1156 1866 querelas
1188 1781 1432 1848 multas
1465 1782 1716 1865 cogeris
1758 1779 1985 1845 audire
2027 1798 2188 1862 quo-

262 1865 426 1945 tidie,
481 1867 661 1933 unde
702 1870 939 1935 merito
983 1867 1271 1934 dolorem
1325 1867 1447 1935 tibi
1506 1887 1746 1952 augere
1787 1887 1922 1931 non
1964 1865 2188 1931 debeo.

262 1951 528 2020 Oremus
583 1954 949 2020 Dominum
1011 1975 1097 2020 ne
1161 1975 1279 2021 nos
1336 1952 1594 2019 deserat
1652 1952 1722 2017 in
1783 1961 2193 2034 perpetuum.

261 2037 667 2104 Mendacium
722 2038 832 2107 vel
876 2038 1188 2107 Mendoza
1240 2039 1498 2124 legatus
1541 2036 1836 2104 Gallicus
1890 2038 2056 2121 petit
2109 2037 2191 2103 ab

261 2125 299 2187 8
338 2122 761 2206 Cantonibus,
818 2125 1034 2192 adhuc
1089 2130 1130 2190 8
1186 2125 1407 2210 signa:
1442 2128 1493 2203 ¹)
1552 2144 1717 2207 quae
1773 2144 1881 2189 res
1934 2144 2042 2188 me
2083 2131 2191 2188 ut-

261 2229 504 2292 cunque
568 2211 959 2278 consolatur.
1053 2210 1129 2278 Si
1187 2212 1363 2277 enim
1417 2230 1524 2276 res
1586 2209 1997 2293 papistarum
2055 2217 2191 2273 tam

261 2293 468 2361 felices
510 2306 687 2376 sunt,
731 2306 810 2362 ut
851 2295 1247 2381 praedicant,
1291 2295 1447 2380 quid
1480 2316 1746 2362 necesse
1788 2303 1907 2373 est,
1950 2314 2193 2378 augere

261 2382 605 2448 exercitum
622 2382 657 2446 Ἰ
746 2382 852 2449 De
892 2382 1130 2468 Anglis
1172 2382 1339 2448 nihil
1380 2381 1660 2466 amplius
1702 2380 1914 2447 audio.
1933 2384 1989 2458 ²)
2056 2380 2191 2445 Ve-

263 2486 398 2531 reor
437 2488 613 2533 vana
656 2488 801 2534 esse
843 2488 1009 2552 quae
1050 2468 1362 2535 nunciata
1415 2476 1576 2534 sunt
1617 2466 1699 2533 de
1740 2468 2034 2551 ipsorum
2077 2464 2193 2530 ad·

262 2560 470 2618 ventu.
539 2555 635 2619 Et
690 2553 1059 2621 Germanos
1112 2562 1262 2639 post
1316 2555 1553 2620 festum
1606 2552 1839 2618 venire
1890 2552 2109 2618 timeo.
2129 2552 2190 2625 ⁸)

261 2635 418 2703 Nam
452 2638 561 2705 hic
595 2639 838 2706 dicitur
868 2661 985 2724 pro
1027 2649 1223 2720 certo,
1267 2638 1606 2707 Aureliam
1650 2637 2036 2723 gravissime
2077 2638 2190 2703 ob·

263 2721 462 2790 sideri.
485 2724 541 2810 ⁴)
610 2725 881 2792 Utinam
946 2724 1236 2793 feliciora
1288 2745 1330 2790 a
1384 2732 1451 2791 te
1514 2722 1778 2790 audiam
1833 2745 1951 2808 per
2013 2723 2191 2788 hunc

261 2806 603 2890 Polonum,
662 2812 776 2895 qui
830 2810 1014 2878 brevi
1068 2811 1152 2878 ad
1207 2831 1332 2878 nos
1382 2809 1639 2877 redibit.
1665 2814 1718 2889 ⁸)
1784 2807 2191 2875 Commendo

261 2892 462 2977 ipsum
505 2904 662 2962 tuae
703 2897 1121 2964 humanitati.
1191 2897 1364 2963 Nam
1397 2897 1506 2964 vir
1546 2905 1645 2961 est
1686 2897 1893 2963 bonus
1935 2903 2003 2960 et
2043 2894 2192 2960 doc—

261 2979 459 3047 trinae
515 2990 779 3049 nostrae
837 2982 1372 3064 studiosissimus,
1430 2981 1545 3065 qui
1603 2982 1660 3047 si
1715 2979 2062 3065 aliquando
2116 2980 2191 3045 in

261 3066 527 3145 patriam
560 3067 851 3149 redierit,
887 3070 1241 3154 plurimum
1282 3068 1513 3134 iuvare
1551 3068 1793 3151 poterit
1835 3065 2188 3133 ecclesiam.

263 3147 436 3231 Vale,
494 3153 759 3221 domine
801 3153 1069 3221 colende
1110 3161 1180 3221 et
1220 3154 1423 3219 frater
1465 3154 1813 3232 carissime,
1867 3172 1990 3236 sup
2037 3150 2192 3218 lice-

262 3254 523 3321 musque
563 3239 853 3306 Domino
894 3241 1037 3306 Deo
1079 3248 1307 3306 nostro
1360 3238 1635 3319 assidue,
1692 3245 1766 3304 nt
1818 3247 2028 3304 nostri
2067 3235 2191 3302 mi-

263 3332 562 3406 sereatur,
629 3332 699 3392 et
752 3345 871 3391 nos
935 3324 1169 3391 liberet
1231 3323 1313 3391 ab
1376 3323 1834 3391 infensissimis
1897 3322 2192 3389 hostibus

263 3411 508 3477 nostris.
591 3408 894 3478 Salutato
935 3410 1022 3477 D.
1065 3411 1311 3478 Beeam
1361 3409 1585 3476 ubiubi
1641 3412 1756 3490 sit,
1820 3408 1905 3475 D.
1950 3407 2193 3474 Ionvil-

266 3491 476 3578 hem,
514 3496 854 3563 Budaeum
908 3506 978 3563 et
1028 3497 1189 3563 alios
1240 3502 1502 3561 nostros
1555 3496 1815 3563 amicos.
1885 3492 2197 3562 Salutant

265 3584 327 3726 {e
363 3601 496 3646 una
547 3602 701 3649 eum
753 3582 888 3649 tuis
939 3583 1243 3650 omnibus
1285 3580 1495 3648 nostri
1549 3601 1792 3648 omnes.
1861 3579 2192 3664 Septemb.

1353 3804 1535 3870 'l'uus
1580 3801 2026 3888 Bullingerus.

269 3968 427 4028 8851.
449 3975 507 4098 12)
542 3974 636 4100 1373
664 3975 803 4098 31⁸3&
806 3992 951 4032 nova
983 3976 1248 4046 Matiene
1279 3974 1418 4030 alati
1448 3972 1588 4030 mm
1619 3974 1859 4043 leyimus.

460 4112 495 4166 3
562 4111 710 4182 Quos
756 4112 1059 4169 Andelotus
1118 4111 1358 4167 adduoen't
1397 4125 1589 4166 revera
1634 4115 1758 4179 post
1803 4111 2001 4176 fesium
2049 4126 2204 4167 vene·

271 4182 405 4232 runt.
533 4197 707 4235 eman
751 4197 804 4238 a.
849 4182 904 4236 ἀ.
961 4182 1060 4237 Vl.
1106 4180 1199 4237 la.
1239 4180 1355 4237 Oct.
1390 4180 1733 4236 Bacaratam
1777 4180 1992 4236 adnm
2035 4179 2202 4236 Roto-

271 4259 533 4383 naam&
557 4264 1057 4401 {goma
1087 4256 1323 4387 pesam
1357 4322 1408 4372 et
1441 4317 1721 4372 tormentis
1751 4316 1952 4373 bellicis
1983 4317 2205 4400 ἅεεζίὑις-

272 4385 354 4435 aaz
382 4384 707 4468 Antidotum
741 4403 908 4443 amm
950 4392 1267 4456 aspectans
1308 4386 1453 4442 nilus!
1482 4391 1690 4441 tentare
1727 4392 1946 4456 poterat
1974 4401 2206 4442 masone

434 4459 524 4603 ,35
570 4521 831 4580 semma
886 4490 1124 4579 niciam
1174 4524 1342 4578 sanus
1390 4527 1567 4591 putat.
1663 4523 1861 4578 vorum
1901 4523 2048 4581 hm
2089 4525 2204 4579 §aa

271 4598 738 4719 mats
758 4590 1130 4731 §aas
1162 4590 1436 4650 ...a
1492 4592 1913 4663 mm*
1975 4591 2204 4650 0...

1919 396 2084 459 1562
2128 391 2579 462 SEPTEMB.

4100 401 4225 466 522

3174 581 3369 654 8852.

2739 735 3306 806 DATHAENUS
3351 736 3784 805 CALVINO.

2464 904 2762 973 Primum
2823 913 3078 974 enarrat
3137 928 3358 974 novam
3418 909 3891 976 controversiam
3955 909 4228 978 stanco-

2285 990 2532 1074 fordiae
2585 994 2748 1058 inter
2790 1013 2913 1075 per
3031 995 3157 1060 ‘nos
3209 998 3425 1074 ortam,
3481 995 3702 1061 deinde
3743 994 4034 1063 describit
4075 1016 4228 1079 pro-

2288 1077 2490 1143 lioeam
2545 1078 2864 1160 quandam
2911 1014 3409 1146 f‹329'2251122tationem
3462 1079 3852 1164 theoloyicam
3908 1102 3996 1148 aa
4044 1081 4228 1148 liceat

2288 1183 2453 1316 3313
2506 1163 2781 1246 infantes
2836 1184 2985 1231 sao-3
3027 1164 3411 1232 Lutheranis
3459 1166 3771 1233 ministris
3825 1167 4229 1251 baptizandos

2436 1268 2555 1315 ere.

2597 1420 2711 1487 (Ex
2745 1422 3080 1491 autographo
3114 1421 3244 1477 Ood.
3279 1421 3480 1478 Gener.
3522 1422 3639 1492 112,
3672 1423 3763 1478 fol.
3800 1422 3944 1490 113.)

2460 1589 2838 1658 Clarissimo
2890 1593 3036 1658 viro
3091 1592 3177 1659 D.
3220 1593 3454 1659 Ioanni
3506 1593 3787 1661 Calvino
3847 1593 4108 1661 domino
4161 1601 4228 1662 et

2289 1678 2698 1762 praeceptori
2740 1700 2858 1744 suo
2899 1687 3216 1764 perpetua
3257 1679 3386 1745 fide
3427 1679 4056 1833 ‘’demimaeg‘eme,

2462 1932 2535 2000 S.
2570 1934 2649 2000 P.
2718 1933 2986 2000 Literae
3038 1942 3191 2000 tuae
3241 1939 3336 2001 18.
3379 1934 3555 2002 Iunii
3589 1937 3637 2014 ¹)
3681 1934 3956 2004 Geneva
3996 1936 4080 2002 ad
4121 1957 4231 2003 me

2293 2020 2599 2103 scriptae,
2665 2019 3024 2086 clarissime
3083 2021 3192 2088 vir
3254 2028 3323 2085 et
3384 2027 3763 2105 praeceptor
3827 2022 3898 2087 in
3964 2021 4232 2089 Christo

2293 2105 2761 2184 colendissime,
2827 2105 3036 2172 modis
3100 2106 3399 2173 omnibus
3462 2106 3733 2172 fuerunt
3787 2107 4229 2192 gratissimae:

2292 2191 2523 2275 quibus
2555 2191 2722 2256 mihi
2757 2190 3012 2257 abunde
3053 2192 3299 2258 factum
3339 2212 3481 2258 esse
3522 2194 3681 2258 satis
3715 2214 3870 2261 vere
3912 2201 3980 2259 et
4021 2195 4231 2261 sentio

2291 2286 2359 2343 et
2398 2277 2625 2343 fateor.
2697 2274 3097 2342 Alterutrum
3155 2278 3333 2343 enim
3376 2277 3745 2344 faciendum
3789 2299 3930 2345 esse
3963 2280 4232 2345 omnino

2292 2363 2516 2430 doces:
2561 2362 2874 2428 nimirum
2908 2370 3025 2428 aut
3056 2361 3276 2430 sedem
3311 2363 3527 2429 exsilii
3559 2364 3962 2445 mutandam,
4006 2372 4122 2430 aut
4160 2366 4233 2431 in

2291 2450 2704 2533 perceptione
2755 2447 3059 2530 baptismi
3116 2446 3197 2513 de
3251 2448 3383 2515 fide
3450 2450 3776 2515 contraria
3831 2451 3902 2516 in
3957 2451 4232 2518 articulo

2294 2553 2535 2601 coenae
2577 2541 2647 2599 et
2685 2533 3139 2601 coniunctione
3194 2555 3345 2601 cum
3386 2532 3689 2602 omnibus
3732 2535 4017 2602 ecclesiis
4058 2535 4234 2602 idem

2293 2619 2724 2686 sentientibus
2788 2618 3161 2685 testandum
3227 2640 3386 2685 esse.
3476 2620 3757 2704 Utrique
3820 2621 4075 2687 consilii
4137 2623 4235 2687 tui

2294 2706 2469 2791 parti
2532 2705 3012 2789 acquiescimus.
3103 2706 3400 2773 {Dentatis
3463 2706 3637 2772 enim
3699 2707 3946 2774 trustra
4001 2706 4235 2774 mediis

2293 2790 2595 2857 omnibus
2636 2811 2757 2857 nos
2789 2789 2961 2856 bona
2991 2811 3076 2856 ex
3112 2798 3300 2876 parte
3330 2791 3405 2857 in
3426 2792 3870 2859 Palatinatum
3888 2795 3949 2878 ²)
3992 2793 4234 2859 transi-

2294 2877 2532 2956 vimus,
2589 2877 2701 2942 ubi
2755 2877 3033 2960 pristino
3089 2884 3312 2942 nostro
3352 2877 3712 2945 ministerio
3751 2877 3883 2944 Dei
3925 2887 3995 2945 et
4035 2879 4233 2945 Prin-

2294 2964 2460 3046 cipis
2520 2961 2841 3029 Electoris
2915 2962 3229 3029 beneficio
3302 2963 3609 3042 fruimur,
3688 2970 3755 3030 et
3813 2964 4236 3031 Francofurti

2296 3047 2624 3133 quondam
2669 3049 3031 3128 haerentes,
3074 3048 3229 3132 quid
3264 3047 3346 3114 de
3378 3068 3577 3116 coena
3619 3055 3684 3115 et
3722 3050 4044 3133 baptismo
4085 3071 4234 3117 sen-

2294 3137 2586 3213 tiremus,
2643 3142 2865 3217 aperte
2920 3154 3179 3218 semper
3233 3155 3453 3202 coram
3506 3142 3738 3201 senatu
3779 3149 3846 3201 et
3895 3138 4235 3203 conciona-

2292 3221 2548 3286 toribus
2589 3219 2814 3286 testati
2864 3240 3111 3298 sumus,
3166 3227 3236 3286 et
3275 3221 3676 3304 corruptelas
3718 3221 4236 3305 improbavimus

2295 3304 2846 3389 quemadmodum
2887 3313 3033 3371 acta
3073 3306 3218 3389 ipsa
3257 3314 3328 3371 et
3378 3313 3705 3373 wstantur
3745 3307 3880 3372 iam
3921 3314 3988 3373 et
4027 3308 4235 3374 fusius

2293 3390 2509 3458 adhuc
2550 3389 2983 3457 testabuntur.
3064 3389 3232 3472 Quis
3288 3392 3464 3458 enim
3507 3412 3663 3460 vere
3703 3392 3855 3476 pius
3905 3392 3996 3459 ibi
4037 3391 4233 3459 fidem

2296 3497 2486 3544 suam
2540 3475 2864 3543 serviliter
2921 3476 3304 3557 dissimulet,
3359 3477 3475 3544 ubi
3528 3478 3669 3544 sine
3722 3478 3902 3544 omni
3953 3478 4126 3544 vitae
4168 3485 4234 3543 et

2295 3562 2708 3628 fortunarum
2772 3560 3142 3630 discrimine
3209 3571 3276 3628 et
3328 3584 3561 3631 verum
3624 3563 3816 3629 fateri
3871 3570 3939 3628 et
3993 3562 4234 3629 falsum

2295 3650 2646 3732 reprobare
2703 3655 2770 3713 et
2809 3647 3067 3731 publice
3108 3656 3176 3715 et
3227 3648 3540 3733 privatim
3580 3647 3778 3716 licet?
3848 3646 4234 3714 Heidelber-

2297 3754 2531 3820 genses
2585 3733 2876 3817 theologi
2927 3734 3173 3800 factum
3227 3744 3525 3801 nostrum
3566 3736 3938 3818 probarunt.
3957 3733 4016 3819 ⁸)
4085 3733 4233 3801 Hoc

2296 3821 2512 3905 ipsum
2555 3819 2752 3885 etiam
2808 3820 2960 3886 fecit
2999 3818 3085 3885 D.
3132 3818 3568 3899 Hammonius,
3624 3820 3758 3884 imo
3814 3826 3883 3885 et
3932 3818 4235 3885 eruditis-

2298 3907 2504 3972 simae
2544 3904 2774 3971 literae
2823 3913 2974 3972 tuae
3014 3925 3134 3970 nos
3186 3905 3444 3971 abunde
3495 3910 3797 3990 purgant.
3866 3903 3933 3971 N
3934 3925 4042 3971 am
4082 3924 4236 3972 con-

2300 3990 2614 4058 ditionem
2672 3990 2856 4056 illam
2919 4011 3175 4075 semper
3228 3989 3651 4068 obtinuimus,
3711 4011 3908 4074 quam
3964 3999 4039 4056 tu
4088 3988 4239 4056 illos

2302 4281 2489 4338 8852.
2512 4281 2568 4347 1)
2601 4280 2667 4337 N.
2698 4277 2852 4335 3807.
2891 4279 2976 4347 Of.
3009 4282 3172 4337 etiam
3208 4280 3285 4338 N.
3318 4279 3472 4335 3777.

2505 4349 2569 4419 2)
2598 4350 2711 4406 cca.
2756 4352 2820 4403 ia
2852 4348 3013 4403 Fran
3286 4349 3584 4418 Senem,
3620 4347 3700 4404 St.
3734 4347 3992 4403 Lao-bert
4036 4354 4090 4404 et
4121 4349 4242 4404 alia

2506 4436 2559 4473 αι
2612 4418 2818 4488 oppida
2860 4416 3070 4488 (Statu,
3114 4419 3296 4475 Hrtn.
3342 4418 3538 4489 Beysr.
3580 4416 3745 4484 mles.
3802 4415 3936 4470 1852
3981 4433 4040 4485 p.
4091 4416 4237 4487 140).

2355 4504 2455 4543 ars
2496 4494 2676 4544 mmm
2709 4487 3076 4554 Francofurti
3108 4502 3215 4557 pro
3255 4493 3487 4557 tempore
3526 4487 3791 4541 remansit
3846 4493 3907 4540 at
3965 4486 3977 4499 ⁸
4009 4500 4077 4540 sa
4106 4487 4241 4544 haec

2300 4558 2531 4625 epistola
2560 4557 2726 4612 docet.
2794 4555 3121 4611 Damaemu
3151 4558 3177 4611 i
3213 4571 3272 4611 so
3300 4558 3649 4612 meionator
3681 4528 3896 4610 aala'eus
3925 4501 4240 4612 {aedelber-

2297 4623 3111 4694 9a0facwsest,quodstcfi
3150 4572 3270 4680 ἔα.
3303 4625 3566 4693 Buatp.
3601 4622 4069 4680 massalenas.
4105 4623 4242 4680 1560

2297 4695 2548 4763 referunt
2578 4691 2805 4758 (Struma
2833 4693 2959 4762 paz.
2996 4691 3132 4748 ΚΗ.
3167 4692 3310 4762 105).

2300 4761 2567 4887 adiacet)
2586 4760 2842 4886 Faeantes
2868 4760 3129 4900 2223!
3159 4760 3811 4914 &capacitati-‘wire
3842 4830 3982 4898 ipsis
4012 4774 4240 4912 §aureas

2299 4898 2501 4954 «ierom.
2662 4899 3073 4969 ademeram
3152 4898 3463 4966 Olevtanao,
3526 4897 3584 4952 Β
3815 4937 3831 4965 ,
3909 4896 4239 4965 Tremellm,

2303 4967 2599 5036 Neam-us,
2643 4974 2796 5025 caat.
2841 4967 3027 5037 pridie
3058 4967 3147 5023 Id.
3185 4967 3359 5024 Mart.
3400 4966 3750 5037 namatus·
3780 4982 3882 5022 sao
3912 4969 4115 5037 scripto
4146 4967 4239 5023 de-

3439 5037 3709 5092 oaehfflitas
3740 5053 3807 5092 ιι.
3844 5035 3992 5090 lulio
4022 5041 4075 5090 et
4108 5036 4240 5091 Dec.

2299 5103 2437 5158 1561
2483 5112 2534 5161 et
2569 5106 2782 5162 Martio
2829 5104 2966 5160 1562
3007 5106 3316 5172 amptum
3356 5121 3402 5161 s.
3446 5107 3664 5161 omnino
3696 5109 4084 5162 mentam
4124 5118 4241 5158 em

2295 5175 2670 5299 merumque
2701 5181 2764 5231 ut
2792 5175 2882 5229 illo·
2910 5174 3251 5244 hospitaliter
3280 5177 3666 5244 aetheream.
3743 5173 3947 5228 Paucis
3972 5177 4098 5241 post
4128 5171 4241 5226 die-

2434 5245 2599 5314 hyat·
2634 5243 2904 5300 Hectoreo
2944 5249 2997 5298 et
3029 5243 3385 5314 Landgrram‘i
3422 5244 3759 5300 adme
3796 5241 3939 5298 iden
3979 5254 4239 5298 conm-

2301 5311 2511 5371 dames.
2561 5312 2795 5384 (Hem,
2827 5312 3064 5370 deutsch-
3100 5312 3255 5371 Prot.
3285 5313 3327 5370 1.
3361 5311 3512 5382 466.)

2299 5037 2603 5102 doeamnt,
2634 5040 2998 5102 confessiones
3029 5037 3100 5092 ab
3130 5038 3408 5093 amm
