4850 6117
264 444 375 508 ³17

259 632 370 698 hoc
404 634 657 696 avertat
693 626 1039 705 Dominus,
1091 630 1202 712 qui
1244 628 1629 699 mirabiliter
1667 629 1984 697 haetenus
2026 650 2178 696 nos-

259 725 494 783 trorum
536 713 788 780 animos
830 716 903 779 in
944 714 1158 783 officio
1198 715 1542 784 continuit.

411 798 556 884 Ego
598 798 727 883 qui,
770 801 830 866 si
873 800 1116 884 liceret,
1169 799 1342 867 nihil
1381 802 1593 886 magis
1634 821 1940 884 cuperem
1983 821 2178 885 quam

256 886 614 972 longissime
656 885 738 950 ab
792 885 938 952 istis
987 887 1273 954 motibus
1324 887 1569 966 abesse,
1633 895 1854 954 tamen
1897 887 2177 955 fratrum

255 970 538 1060 precibus
596 983 1011 1057 expugnatus
1077 972 1294 1039 adhuc
1356 972 1466 1039 hic
1529 972 1767 1040 haereo
1827 983 1895 1040 et
1957 976 2181 1040 omnia

255 1058 536 1143 experior
589 1064 666 1123 ιιι
716 1065 977 1125 nostros
1032 1057 1115 1124 ad
1175 1059 1558 1143 patientiam
1600 1079 2004 1144 componam,
2057 1081 2179 1128 nec

252 1146 486 1212 interea
526 1143 671 1210 sine
712 1144 1020 1211 maximis
1061 1145 1368 1228 periculis
1410 1145 1519 1212 hic
1562 1165 1805 1212 versor.
1875 1145 1983 1212 Ad
2017 1143 2181 1213 haec

254 1229 645 1298 incommoda
697 1229 945 1297 accedit
1001 1250 1236 1314 parum
1292 1251 1605 1316 prospera
1644 1230 1973 1311 valetudo,
2018 1233 2178 1299 assi-

254 1316 387 1383 duis
447 1316 621 1382 curis
678 1324 746 1382 et
797 1315 1127 1383 laboribus
1182 1318 1279 1383 ita
1332 1338 1441 1384 me
1490 1316 2046 1401 distorquentibus
2101 1323 2178 1385 ut

251 1409 409 1469 totus
448 1402 583 1467 iam
627 1411 693 1467 et
735 1423 1073 1469 canescam
1118 1412 1185 1469 et
1226 1423 1620 1470 marcescam
1664 1405 1875 1488 magis
1920 1423 1996 1469 ac
2036 1424 2177 1469 ma-

251 1489 358 1573 gis.
439 1486 678 1571 Itaque
730 1495 798 1554 te
853 1508 1011 1574 rogo
1067 1497 1160 1567 ut,
1227 1491 1284 1556 si
1328 1509 1620 1572 unquam
1674 1489 1855 1570 alias,
1920 1491 2048 1556 mei
2106 1492 2175 1555 in

248 1573 467 1642 vestris
509 1573 811 1657 precibus
853 1575 1298 1642 memineritis.
1390 1575 1616 1642 Habes
1657 1576 1922 1643 brevem
1966 1578 2177 1642 maxi-

249 1680 490 1725 marum
532 1680 756 1725 rerum
801 1681 1145 1727 summam.
1232 1661 1405 1727 Nam
1448 1660 1809 1745 singularia
1849 1662 2058 1729 multa
2091 1684 2174 1728 ex

245 1765 313 1811 eo
351 1765 739 1831 cognoscere
760 1748 1004 1830 poteris
1047 1748 1158 1830 qui
1200 1746 1319 1812 tibi
1361 1747 1485 1814 has
1527 1746 2020 1828 literas.reddit‚
2055 1747 2175 1812 ho·

244 1831 407 1896 mine
447 1838 516 1896 et
554 1833 663 1915 pio
705 1840 773 1898 et
803 1831 1146 1899 industrio.
1181 1891 1189 1898 .

398 1916 545 1982 Iam
566 1920 623 1994 ⁶)
664 1918 861 1984 venio
904 1916 988 1983 ad
1030 1940 1109 1985 ea
1149 1939 1314 2003 quae
1347 1940 1466 2004 per
1505 1916 1839 1988 Calvinum
1871 1927 2174 1985 nostrum

244 2003 393 2067 mihi
434 2003 839 2088 significasti,
903 2025 943 2069 a
1007 2025 1137 2088 quo
1194 2005 1395 2071 etiam
1451 2011 1602 2072 tuas
1656 2004 1882 2071 literas
1936 2005 2175 2071 nudius

244 2089 463 2154 tertius
505 2090 745 2173 accepi.
823 2089 1035 2157 Crede
1077 2091 1260 2171 mihi,
1305 2092 1397 2157 mi
1438 2098 1646 2176 pater,
1690 2091 1861 2157 nihil
1902 2093 2172 2175 gratius,

242 2173 396 2240 nihil
450 2175 666 2259 magis
723 2177 1110 2261 tempestive
1175 2175 1363 2244 nobis
1404 2178 1705 2243 nunciari
1747 2178 1977 2261 potuit.
2064 2176 2174 2243 Da

241 2260 429 2344 igitur
471 2280 743 2344 operam
807 2270 887 2328 ut
950 2271 1173 2329 noster
1233 2264 1378 2340 iste,
1444 2264 1559 2347 qui
1614 2263 1786 2331 hanc
1838 2283 2037 2329 unam
2091 2263 2172 2329 ob

241 2366 488 2412 causam
542 2347 715 2413 istuc
771 2349 1218 2432 proficiscitur,
1276 2350 1499 2415 omnia
1553 2349 1632 2416 cl.
1678 2350 1801 2415 viri
1846 2349 1930 2414 D.
1978 2348 2173 2415 Hart-

240 2433 447 2499 mni
487 2432 616 2500 hac
657 2433 728 2498 in
773 2454 847 2499 re
889 2435 1159 2502 consilia
1199 2435 1545 2521 intelligat,
1604 2444 1678 2501 ut
1733 2455 1928 2519 quam
1971 2434 2173 2501 celer-

241 2519 389 2585 rime
430 2519 598 2585 certi
640 2519 975 2605 quidpiam
1032 2522 1229 2588 istinc
1285 2522 1492 2605 possit
1543 2522 1783 2601 afferri,
1839 2520 2011 2606 quod
2054 2542 2171 2586 nu·

240 2610 475 2671 tantem
533 2614 830 2672 nostram
888 2605 1304 2692 αότοκρώορα,
1325 2611 1380 2687 ⁷)
1440 2614 1506 2673 et
1558 2607 1836 2673 assiduis
1878 2627 2168 2691 quorun-

240 2688 376 2755 dam
438 2690 937 2774 perfidiosorum
1000 2695 1198 2760 minis
1271 2695 1613 2777 imparem,
1701 2692 1918 2776 aliquo
1979 2691 2171 2758 modo

237 2775 447 2843 fulcire
489 2797 570 2843 ac
609 2778 881 2861 proinde
922 2786 1173 2846 certam
1212 2779 1400 2846 nobis
1444 2778 1764 2845 adversus
1799 2777 2171 2845 Antichris-

238 2866 365 2928 tum
417 2863 766 2929 victoriam
820 2884 1057 2948 parare
1111 2865 1340 2950 possit.
1426 2863 1774 2931 Ourabunt
1824 2865 2032 2950 igitur
2071 2863 2171 2929 illi

237 2968 389 3031 quae
430 2946 517 3014 ad
563 2948 937 3016 Germanos
979 2958 1292 3035 spectant.
1392 2951 1497 3017 'l'u
1539 2972 1699 3017 vero
1738 2948 1889 3017 vide
1931 2971 2169 3035 quaeso

238 3034 416 3099 etiam
455 3056 497 3101 a
570 3056 655 3101 ue
696 3036 894 3102 etiam
929 3044 1007 3102 ut
1038 3058 1173 3103 non
1205 3045 1533 3104 vestrates
1563 3035 1775 3115 modo,
1818 3034 1937 3102 sed
1969 3037 2171 3102 etiam

236 3119 471 3187 vicinos
601 3120 830 3188 eadem
850 3122 1122 3189 consilia
1139 3123 1457 3207 impellas,
1482 3143 1649 3206 quae
1673 3129 1740 3188 et
1759 3123 1950 3190 nobis
1970 3121 2176 3188 utilis-

238 3205 390 3271 sima
443 3213 512 3273 et
570 3206 754 3274 vobis
810 3228 1063 3293 quoque
1120 3208 1672 3296 (quandoquidem
1717 3208 1798 3274 de
1836 3209 2176 3274 communi

235 3311 418 3358 causa
474 3292 655 3360 disee
699 3299 927 3373 tatur),
983 3315 1116 3360 non
1170 3293 1579 3362 incommoda
1629 3295 1767 3360 fore
1828 3301 1970 3360 tute
2011 3295 2175 3360 satis

234 3376 560 3463 intelligis.
690 3399 842 3444 uam
863 3387 1084 3446 autem
1106 3380 1347 3464 agendi
1366 3381 1689 3447 rationem
1712 3379 1935 3447 fideles
1958 3381 2171 3447 nostri

413 3485 525 3530 ros
588 3464 877 3532 maxime
941 3465 1315 3549 expeditam
1383 3473 1451 3532 et
1513 3474 1948 3550 opportunam
2026 3484 2172 3532 esse

232 3546 531 3631 iudicent,
576 3551 796 3616 omnia
837 3549 1115 3635 denique
1158 3550 1241 3616 ad
1275 3552 1401 3618 hoc
1436 3550 1800 3618 curandum
1834 3552 2175 3636 negotium

231 3635 644 3718 pertinentia,
699 3645 921 3702 noster
962 3637 1089 3703 iste
1131 3637 1390 3704 abunde
1432 3638 1552 3703 tibi
1597 3644 1882 3721 exponet
1923 3644 1998 3703 ut
2029 3636 2175 3722 plu-

231 3720 403 3787 ribus
447 3723 613 3789 haec
655 3743 696 3787 a
736 3743 843 3789 me
885 3723 1083 3790 scribi
1116 3723 1392 3789 minime
1427 3725 1515 3791 sit
1548 3743 1828 3802 necesse,
1872 3743 2039 3807 quae
2066 3743 2173 3791 co-

231 3827 365 3873 ram
405 3808 619 3874 multo
660 3807 922 3897 plenius
964 3830 1050 3875 ex
1092 3810 1235 3894 ipso
1277 3830 1647 3894 cognosces.

389 3893 582 3961 Bene
622 3894 788 3974 vale,
831 3895 927 3959 mi
968 3903 1173 3979 pater,
1215 3893 1547 3963 Dominus
1590 3894 1779 3961 Iesus
1820 3902 1888 3959 te
1919 3894 2170 3960 incolu-

230 3998 396 4044 mem
453 3986 682 4047 servet
731 3987 801 4046 et
856 3989 1085 4047 sancto
1140 4002 1259 4048 suo
1311 3982 1546 4065 spiritu
1590 3981 1799 4065 magis
1843 4000 1919 4046 ac
1961 3979 2172 4064 magis

228 4063 291 4128 in
329 4085 528 4149 opere
583 4087 699 4132 suo
741 4068 1098 4133 confirmet.
1184 4067 1269 4133 D.
1316 4065 1402 4131 M
1571 4087 1667 4132 em
1706 4075 1964 4150 patrem
2005 4065 2173 4131 mihi

227 4148 579 4232 plurimum
651 4151 1126 4219 observandum
1204 4161 1621 4237 caeterosque
1684 4150 2172 4218 colendissimos

227 4235 478 4317 stauos,
535 4258 696 4321 rogo
754 4248 830 4303 ut
882 4259 1030 4305 meo
1082 4239 1347 4305 nomine
1398 4238 1659 4318 salutes,
1714 4246 1784 4303 et
1824 4236 1939 4302 ubi
1979 4257 2169 4322 prae-

230 4330 475 4388 sentem
520 4322 781 4389 Galliae
823 4331 1071 4390 statum
1113 4325 1198 4391 iis
1234 4324 1632 4409 exposueris,
1668 4329 1930 4390 nostras
1964 4323 2167 4391 eccle-

228 4407 367 4485 sias,
452 4408 732 4476 vixdum
773 4430 893 4494 per
934 4410 1229 4476 infinitas
1273 4416 1693 4495 tempestates
1736 4419 2166 4495 emergentes,

229 4491 500 4561 assiduis
566 4495 874 4580 precibus
949 4496 1238 4562 Domino
1317 4496 1804 4564 commendetis.
1914 4496 2168 4561 Iterum

230 4577 391 4645 vale.
480 4580 791 4648 Lutetiae
834 4590 1020 4648 sexto
1063 4581 1289 4649 Nonas
1329 4582 1627 4649 Martias.

1572 4717 1758 4785 'I'uus
1800 4718 1993 4785 Besa.

319 5007 2168 5090 ‘mrotunhocmuamqm'bmdanopoymphism

421 5118 493 5215 ’7)
522 5147 787 5218 Reginam
820 5148 1271 5217 gubernatricem.
1341 5147 1515 5212 (Bau.
1549 5149 1612 5201 επ
1644 5147 1936 5216 mm.)

1996 442 2157 504 1562
2202 438 2482 508 MART.

4092 447 4216 512 318

2845 625 3259 714 summm
3291 629 3662 715 mapsa.-

2447 800 2771 885 Beqmsiti
2814 800 3172 887 evangelici
3213 799 3287 866 in
3321 799 3558 882 Gallia,
3599 801 3946 885 qualenam
3988 812 4217 888 petant

2278 886 2646 966 concilium,
2689 887 3167 971 responderunt

2410 973 2478 1056 1)
2520 971 2847 1040 Nolumus
2897 994 3177 1057 usquam
3219 974 3570 1039 convenire
3610 994 3695 1038 ex
3735 973 4074 1042 Pontificis
4114 976 4218 1043 in-

2526 1057 2806 1126 dictione
2849 1057 2964 1126 sed
3005 1081 3094 1126 ex
3133 1059 3341 1126 nostri
3381 1057 3709 1144 Principis
3740 1059 4066 1127 mandato.

2406 1142 2478 1230 2)
2521 1143 2778 1212 Locum
2833 1144 3225 1229 requirimus
3280 1144 3364 1211 ab
3402 1146 3581 1211 omni
3636 1145 3961 1229 pontificis
4000 1154 4218 1232 potes-

2523 1236 2660 1295 tate
2721 1231 3084 1297 immunem
3144 1240 3211 1297 et
3274 1230 3488 1315 quoad
3552 1231 3751 1297 etiam
3814 1233 3957 1299 fieri
4015 1234 4219 1317 pooeit

2408 1323 2936 1485 3)‘‹‘2¹{.⁰1f¹²01¹i1³²u¹20¹¹¹‘

2525 1488 2772 1554 tinuari
2810 1488 2928 1554 'Pri
2972 1488 3269 1555 entinum
3304 1487 3825 1556 conciliabulum.

2407 1573 2479 1658 4)
2521 1573 3018 1641 Controversias
3098 1593 3324 1640 omnes
3400 1596 3483 1640 ex
3549 1574 3678 1641 Dei
3744 1574 3944 1641 verbo
4008 1573 4219 1642 decidi

2409 1744 2477 1828 5)
2520 1659 3087 1814 {gsfflfiffozshon
3130 1745 3535 1846 admittimus
3578 1767 3696 1830 pro
3735 1746 4062 1845 iudicibus
4103 1745 4217 1814 sed

2525 1852 2644 1916 pro
2698 1832 3133 1918 antagonistis
3186 1852 3262 1899 ac
3311 1831 3586 1916 proinde
3638 1839 3925 1914 petimus
3965 1839 4219 1900 certum

2523 1919 2832 2002 utrinque
2890 1938 3240 1985 numerum
3302 1916 3825 2001 oolloquutorum
3889 1918 4216 2001 constitui,

2524 2005 2657 2086 qui,
2715 2005 3167 2088 praesentibus
3224 2003 3607 2088 Principum
3664 2003 3900 2088 legatis
3955 2002 4037 2069 de
4080 2004 4216 2071 sin·

2426 2113 2431 2118 ·
2523 2089 2695 2174 gulis
2737 2091 3198 2158 controversiis
3241 2088 3624 2173 disceptent,
3679 2097 3747 2154 et
3787 2090 3845 2155 si
3887 2090 4031 2155 fieri
4073 2109 4217 2173 pos-

2526 2177 2617 2241 sit
2658 2177 3077 2243 constituant.

2404 2262 2475 2343 6)
2518 2258 2797 2328 Salvum
2862 2262 3254 2330 conductum
3297 2262 3585 2345 petimus
3627 2259 3931 2328 idoneum
3968 2262 4039 2327 in
4083 2279 4214 2345 quo

2523 2344 2763 2414 diserte
2819 2348 3220 2433 infringatur
3277 2347 3654 2414 constitutio
3699 2346 3779 2414 de
3822 2346 3952 2413 fide
3993 2346 4214 2414 haere-

2520 2433 2687 2513 ticis,
2733 2442 2809 2499 ut
2850 2443 3108 2513 vocant,
3151 2455 3286 2500 non
3326 2431 3742 2519 praestanda.

2829 2571 3181 2655 Descripta
3220 2569 3383 2637 haec
3425 2592 3508 2637 ex
3552 2568 3783 2636 charta
3824 2570 4133 2653 imposita

2828 2656 2936 2724 his
2978 2656 3189 2724 Besae
3229 2656 3454 2723 literis.

2980 1402 3217 1468 etimus
3255 1402 3570 1483 inchoari,
3631 1423 3759 1468 non
3803 1410 4023 1470 autem
4064 1425 4218 1472 con·

2446 2828 2822 2896 Cardinalis
2886 2827 3330 2895 Fmariemie
3403 2828 3662 2913 legatus
3728 2826 4073 2894 Pontificis
4147 2828 4219 2893 in

2274 2912 2500 2981 Gallia
2539 2914 2711 2999 petit
2747 2915 3012 2980 nomine
3053 2916 3243 3000 regni
3263 2913 3522 2980 Galliae
3542 2914 3719 2979 mitti
3760 2915 3830 2979 in
3852 2912 4220 2981 Concilium

2273 2998 2569 3154 33:133ss
2601 3004 2726 3153 11?ss
2771 3000 3040 3153 32⁰1)oe
3062 2998 3460 3080 Gallicanos,
3502 2995 3596 3066 Et
3635 3007 3714 3065 ut
3756 3020 3828 3067 se
3871 2998 4219 3067 subiiciant

3151 3595 3349 3668 3732.

2888 3753 3131 3820 BEZA
3174 3751 3605 3820 GALVINO.

2447 3926 2817 3993 Novissima
2835 3946 2912 3992 ex
2934 3926 3202 3993 Lutetia.
3261 3924 3676 3990 Navarremas
3699 3923 3998 4005 perfidus.
4060 3923 4218 3990 Gui-

2268 4014 2434 4166 ἴέξθ
2451 4018 2790 4079 νουοοαῡων.
2893 4010 3131 4080 Variae
3169 4011 3608 4095 neqotiationes
3656 4008 4017 4075 subobscure
4058 4015 4216 4078 trac-

2266 4269 2380 4340 (Ex
2426 4270 2741 4341 apographo
2787 4268 3054 4324 Perisonii
3097 4269 3171 4389 iuf
3197 4266 3347 4404 ιῦοὲἰ.)
3380 4267 3646 4336 Lugduno
3663 4266 3904 4320 -Batavo
3950 4265 4122 4320 Perit.
4158 4264 4211 4331 5,

3164 4353 3199 4390 o
3221 4377 3235 4391 .
3305 4376 3318 4389 .
3763 4376 3776 4383 -

2441 4511 2505 4576 A
2539 4510 2881 4576 Monsieur
2924 4508 3252 4576 Monsieur
3285 4503 3678 4589 D’espeville

3494 4611 3536 4656 a
3578 4589 4038 4660 villefranche.

2440 4766 2510 4833 S.
2567 4766 2733 4844 Iam,
2778 4775 2857 4830 ut
2888 4784 3099 4849 spero,
3143 4762 3504 4847 cognovisti
3546 4784 3630 4829 ex
3672 4762 4023 4846 postremis
4063 4763 4210 4830 lite-

2268 4855 2361 4919 ris
2403 4853 2571 4918 meis
2612 4852 2758 4934 quis
2796 4850 3002 4917 fuerit
3040 4855 3304 4915 nostrae
3346 4848 3844 4933 colloquutionis
3885 4849 4124 4916 exitus.
4161 4848 4211 4936 ι)

2267 4935 2465 5019 Quod
2544 4936 2962 5020 antiquitatis
3036 4934 3409 5002 testimonia
3482 4953 3634 5001 oum
3711 4955 4019 5019 expresso
4081 4935 4210 5000 Dei

2266 5022 2470 5091 verbo
2522 5022 3010 5103 coniunximus,
3064 5041 3198 5087 non
3253 5027 3355 5089 est
3411 5039 3454 5087 a
3507 5020 3718 5100 nobis,
3776 5020 3945 5087 mihi
3997 5017 4207 5098 crede,

2267 5117 2515 5177 temere
2571 5111 2835 5175 factum.
2923 5107 3098 5175 Nam
3154 5107 3400 5193 alioqui
3457 5125 3796 5191 nunquam
3854 5108 4207 5173 fuissemus

2266 5365 2455 5425 aves.
2479 5366 2538 5436 1)
2570 5367 2634 5423 zv.
2668 5365 2823 5422 3723.
