4850 6117
244 422 364 485 429

407 607 531 673 Est
572 601 922 691 singularis
981 605 1380 671 fortitudinis
1421 607 1544 685 vir,
1607 607 1929 673 Hercules
1971 629 2012 673 a
2058 605 2176 672 Sa-

244 693 350 760 lios
373 698 418 772 ¹)
463 699 531 758 et
570 691 738 757 alius
781 691 1158 775 capitaneus
1203 691 1529 777 Georgius
1574 692 1815 760 Kar-lin
1855 695 1967 776 qui
2000 690 2170 758 Con-

246 778 500 846 densem
546 799 806 845 causam
850 777 1105 843 fortiter
1148 786 1433 844 tuentur.

987 1072 1395 1083 ———-—--————-

1115 1289 1310 1359 3799.

619 1444 1285 1513 BULLINGERUS
1342 1442 1776 1513 CALV1NO.

398 1619 579 1687 Idem
621 1622 1050 1703 armamentum
1087 1619 1374 1700 pressius
1403 1619 1824 1700 persequitur.

519 1789 793 1858 (Sequitur
825 1788 1237 1857 praecedentem
1274 1789 1330 1842 in
1366 1795 1595 1871 utroque
1632 1788 1859 1853 codice.)

392 1961 777 2030 Clarissimo
834 1961 976 2026 viro
1022 1960 1104 2025 D.
1150 1961 1385 2026 Ioanni
1430 1959 1707 2027 Calvino
1752 1961 2166 2028 Genevensis

226 2050 532 2117 ecclesiae
564 2046 813 2131 pastori
848 2046 1228 2113 fidelissimo
1263 2046 1524 2112 domino
1559 2046 1831 2114 colendo
1876 2057 1943 2113 et
1975 2047 2165 2114 fratri

224 2158 362 2202 meo
406 2133 761 2203 carissimo.

1771 2220 1992 2286 Genff.

387 2392 464 2459 S.
490 2392 576 2458 D.
619 2392 786 2458 Heri
809 2392 1039 2473 scripsi
1073 2392 1189 2458 tibi
1227 2393 1761 2459 festinantissime
1784 2393 1864 2459 de
1886 2393 2162 2460 Rha-etis

219 2500 345 2545 non
368 2476 865 2563 praetereundis
900 2488 968 2542 et
1001 2476 1363 2544 salutandis
1385 2499 1503 2562 per
1537 2479 1771 2546 illustr.
1797 2481 2159 2565 principem

222 2564 612 2644 Condensem,
676 2566 832 2628 item
878 2561 957 2629 de
1004 2569 1040 2629 5
1077 2565 1412 2647 Pagorum
1451 2566 1850 2648 profectione
1891 2566 1962 2631 in
1998 2567 2160 2632 Gal-

219 2651 368 2716 liam
415 2671 650 2717 versus
693 2650 1062 2715 Divionem.
1134 2649 1351 2716 Hodie
1387 2652 1568 2716 venit
1602 2651 1682 2717 ad
1720 2672 1825 2717 me
1859 2653 1965 2717 vir
1991 2653 2159 2718 mul-

219 2748 431 2802 tarum
477 2756 696 2802 rerum
738 2737 1009 2818 peritus,
1076 2744 1144 2801 et
1184 2736 1358 2801 inter
1402 2736 1532 2802 alia
1572 2736 1899 2817 brevibus,
1944 2739 2159 2823 Cupe-

218 2844 369 2901 rem,
417 2823 651 2905 inquit,
691 2819 917 2887 fideles
958 2822 1031 2886 in
1075 2821 1292 2887 Gallia
1337 2822 1693 2906 vigilantes
1732 2844 1873 2889 esse
1916 2831 1981 2889 et
2024 2845 2159 2889 non

215 2908 294 2974 ad
334 2907 741 2976 credendum
782 2907 1018 2973 faciles.
1107 2907 1254 2973 Hoc
1295 2908 1447 2987 scic,
1492 2908 1869 2995 Guysianos
1921 2908 2157 2975 dunta-

215 3004 326 3060 xat
367 2994 719 3061 extrahere
776 3001 1033 3077 tempus
1098 3003 1173 3059 ut
1215 2994 1666 3061 instructiores
1708 2994 1961 3061 interea
2004 2996 2155 3061 facti

215 3091 277 3147 et
319 3082 386 3147 vi
450 3089 517 3145 et
574 3078 737 3144 dolis
794 3079 1143 3163 derepente
1195 3080 1572 3164 opprimant
1624 3101 1851 3147 omnes
1902 3080 2152 3147 fideles:

215 3187 541 3250 cuperem,
585 3166 874 3248 inquam,
939 3165 1086 3231 illos
1130 3186 1270 3232 esse
1313 3166 1694 3250 vigilantes:
1761 3173 2014 3233 certum
2056 3176 2158 3233 est

214 3256 384 3318 enim
423 3252 558 3317 illis
599 3251 977 3335 impendere
1020 3251 1267 3317 malum
1308 3253 1542 3337 ingens
1576 3275 1658 3318 ex
1680 3252 2010 3319 Mai-eilia:
2055 3273 2158 3320 ca-

215 3345 412 3404 veant
438 3347 513 3403 ut
534 3338 933 3423 Lugdunum
956 3340 1072 3404 fiat
1092 3336 1425 3404 Caletum:
1466 3338 1836 3421 Gay-§ianus
1857 3338 2157 3406 Caletuin

215 3445 289 3489 ex
333 3424 694 3507 improviso
747 3425 1101 3507 oppressit:
1169 3423 1326 3508 quid
1369 3425 1426 3490 si
1467 3427 1657 3509 signa
1696 3425 2158 3491 Helvetiorum

213 3511 599 3576 simularent
640 3531 710 3574 se
752 3510 1013 3576 abitura
1056 3510 1428 3590 Divionem,
1474 3521 1541 3575 et
1583 3510 1934 3594 derepente
1970 3511 2156 3577 inva-

211 3594 448 3662 derent
480 3595 930 3680 Lugdunum?
967 3596 1266 3681 vigilent,
1303 3595 1599 3679 vigilent,
1641 3618 1725 3661 ne
1748 3595 2156 3680 Lugdunum

214 3680 563 3765 derepente
607 3682 927 3746 amittant.

381 3767 573 3833 Haec
614 3766 724 3833 ille
767 3766 1083 3833 eiusmodi
1129 3766 1210 3831 ad
1254 3787 1359 3832 me
1415 3766 1630 3832 verbis
1675 3770 1844 3833 serio
1883 3768 2157 3852 protulit

216 3862 278 3918 et
318 3852 507 3931 abiit,
552 3853 820 3918 adiectis
863 3853 969 3919 his
1014 3853 1211 3917 etiam
1271 3855 1444 3918 inter
1484 3852 1868 3919 abeundum·
1903 3854 2153 3920 verbis:

215 3938 357 4003 Non
406 3938 638 4017 credis,
702 3940 1105 4022 Bullingere,
1151 3959 1346 4021 quam
1391 3938 1805 4004 admirabiles
1840 3940 2154 4022 proditio-

215 4045 348 4102 nes,
396 4024 532 4089 doli
577 4031 645 4088 et
688 4035 860 4089 artes
901 4025 1326 4090 concinnatae
1361 4026 1510 4089 sint.
1577 4024 1864 4090 Proinde
1899 4036 2149 4109 repeto:

214 4111 496 4194 vigilent
537 4110 688 4175 boni
734 4121 799 4175 et
841 4120 1030 4176 orent
1089 4109 1312 4175 sedulo
1358 4121 1434 4174 ut
1476 4109 1837 4175 liberentur
1882 4132 1919 4175 a
1961 4112 2153 4178 malo.

213 4194 564 4261 Cunctatio
626 4197 1032 4261 incrementa
1073 4195 1187 4261 dat
1229 4195 1420 4261 malis
1465 4195 1727 4261 artibus.
1797 4196 1981 4264 Haec
2025 4197 2151 4264 ille.

215 4281 359 4346 Non
398 4283 581 4363 potui
615 4292 832 4346 autem
861 4283 1188 4364 quiescere
1226 4282 1570 4364 animoque
1605 4282 1958 4365 tranquillo
1993 4304 2157 4363 esse,

214 4366 338 4432 nisi
372 4376 635 4432 mature
671 4368 832 4433 haec
865 4366 945 4431 ad
984 4378 1047 4431 te
1082 4368 1450 4445 scriberem,
1497 4377 1573 4432 ut
1609 4378 1677 4430 tu
1715 4377 1967 4433 mature
2004 4390 2152 4435 nos-

214 4459 366 4529 tros,
417 4453 472 4516 si
509 4453 797 4518 nondum
839 4452 1152 4518 admoniti
1197 4460 1368 4531 sunt,
1427 4474 1724 4519 moneres
1767 4468 1831 4518 et
1868 4475 2151 4538 urgeres.

215 4536 489 4604 Certum
532 4550 633 4604 est
656 4537 1072 4605 Froelichium
1109 4541 1154 4615 ¹)
1200 4540 1611 4623 capitaneum
1635 4540 1908 4605 mirifice
1932 4541 2154 4624 urgeri

213 4793 376 4850 8707
382 4835 395 4848 .
418 4796 470 4862 1)
507 4811 544 4849 a
583 4795 741 4849 Salis.
825 4795 1088 4850 Firmiter
1132 4796 1347 4864 quidem
1391 4796 1771 4862 reformationi
1813 4812 1869 4850 se
1914 4796 2150 4863 addixit,

215 4864 570 4919 adsumimus
603 4866 704 4919 sab
735 4865 952 4933 restibus
985 4864 1200 4919 Galliae
1235 4863 1512 4932 stipendia
1545 4866 1796 4927 merebat,
1831 4865 1967 4920 adeo
2001 4873 2065 4921 ut
2096 4883 2150 4920 a.

219 4930 349 4986 156⁷
385 4949 473 5002 ap.
516 4932 569 4988 S.
605 4933 937 5002 Dionysium
973 4940 1164 4990 eontra
1205 4937 1564 5001 protestantes
1604 4935 1884 5003 pugnant.
1955 4934 2154 4989 Postea

215 5001 350 5056 rude
386 5002 622 5057 donatus
656 5005 693 5056 i.
729 5018 773 5060 e.
807 5019 924 5057 cam
1120 5005 1132 5016 '

216 5070 307 5124 ud
320 5141 329 5152 .
343 5079 559 5140 accepto
593 5075 794 5153 nuncio
828 5072 894 5126 de
936 5072 1097 5127 caede
1133 5070 1540 5126 Banolomat'ca
1569 5073 1882 5140 pensionem
1919 5072 2153 5140 amplius

213 5205 393 5263 8700.
413 5157 470 5277 le)
487 5148 860 5291 νέξὲἒΐίἷῖιιίηε
882 5226 1019 5290 unus
1065 5210 1173 5261 iam
1210 5214 1295 5261 est
1342 5211 1431 5289 qni
1475 5209 1580 5262 hoc
1623 5209 1896 5291 negotium
1940 5225 2148 5290 summa

213 5284 374 5346 urget
415 5279 712 5347 diligentia.
793 5278 911 5331 Nisi
957 5279 1046 5331 hic
1094 5285 1252 5341 esset,
1296 5277 1486 5331 dubito
1529 5295 1596 5330 an
1641 5279 1841 5331 milites
1886 5276 2146 5332 educendi

213 5353 396 5399 essent
430 5346 598 5414 (Bau.
633 5349 694 5401 ὄπ
728 5347 1007 5415 ηιανρίπε).

2046 420 2206 483 1562
2249 416 2434 485 IUN.
2472 392 2481 402 ’

1272 5004 1428 5069 reaia
1472 5003 1732 5057 dimissus
1777 5003 1952 5073 Soyh‘i
1992 5004 2158 5063 coivit,

4092 429 4219 493 430

2279 628 2318 670 a
2367 606 2628 690 Gaysio,
2673 606 2770 671 ita
2811 615 2886 672 ut
2928 608 3206 692 ipsemet
3250 608 3353 675 his
3397 607 3626 677 diebus
3667 610 4038 677 Lucernam
4080 612 4216 679 abi-

2274 691 2420 771 erit,
2465 691 2571 759 hic
2618 691 2990 777 (Lucernae
3034 694 3332 777 inquam)
3377 705 3440 760 et
3483 695 3639 761 alibi
3678 706 3926 781 urgeat,
3984 700 4090 782 agi
4136 699 4216 767 de

2273 777 2483 842 salute
2519 780 2823 861 antiquae
2858 779 3197 865 religionis
3232 778 3401 847 etde
3434 781 3853 864 pensionibus
3889 784 4209 867 ipsorum:

2272 863 2401 929 nisi
2445 871 2702 929 mature
2744 886 2815 930 se
2859 863 3211 949 expediant
3254 876 3319 929 et
3361 867 3679 933 auxilium
3716 868 3950 946 ferant,
3994 882 4212 936 actum

2273 970 2413 1014 esse
2435 948 2516 1014 de
2537 948 2641 1015 his
2663 951 2979 1016 omnibus.
3041 951 3389 1016 Festinant
3427 972 3600 1036 ergo.
3660 952 3933 1020 Interim
3959 955 4122 1021 aliae
4144 968 4212 1023 et

2271 1034 2437 1100 aliae
2476 1056 2765 1101 remorae
2799 1057 2869 1101 se
2905 1037 3237 1102 obiiciunt.
3312 1037 3766 1115 Abbatiscella‚
3813 1042 3981 1123 quod
4019 1041 4211 1109 hodie

2272 1121 2480 1197 audio,
2507 1121 2745 1188 dicitur
2776 1122 2960 1195 (licet
2980 1120 3290 1189 Saloduri
3326 1126 3726 1190 consenserit
3746 1147 3891 1191 cum
3920 1133 3955 1189 5
3983 1128 4210 1213 Pagis)

2270 1207 2563 1291 graviter
2605 1207 3012 1292 prohibuisse
3067 1230 3150 1273 ne
3206 1212 3352 1292 quis
3410 1209 3762 1275 militatum
3806 1212 3875 1275 in
3922 1212 4210 1280 Galliam

2272 1291 2475 1357 abeat.
2573 1296 2685 1359 An
2765 1315 2916 1358 vero
2993 1294 3230 1377 perditi
3296 1295 3591 1362 homines
3648 1296 4028 1364 mandatum
4087 1300 4208 1368 hoc

2271 1381 2595 1461 recepturi
2660 1379 2797 1443 sint
2861 1380 3098 1446 dubito.
3200 1378 3436 1447 Adhuc
3501 1396 3805 1448 constans
3862 1385 4034 1450 fama
4089 1396 4205 1467 est,

2271 1468 2330 1528 8.
2389 1463 2566 1530 Iunii
2630 1466 3029 1548 profecturos
3087 1472 3123 1529 5
3182 1467 3414 1551 Pagos.
3517 1467 3787 1533 Utinam
3854 1469 4207 1554 adimpleta

2270 1551 2360 1615 sit
2412 1549 2672 1615 tandem
2717 1551 3233 1617 Amorrheorum
3302 1552 3632 1635 iniquitas.
3722 1554 4081 1622 Graviores
4143 1564 4208 1623 et

2271 1636 2768 1702 truculentiores
2812 1638 3031 1703 hostes
3080 1659 3209 1703 non
3273 1639 3470 1703 habet
3512 1639 3705 1704 hodie
3748 1660 3944 1707 causa
3988 1651 4209 1709 nostra

2270 1720 2442 1786 bona
2483 1742 2647 1805 quae
2678 1722 2927 1789 Christi
2970 1732 3086 1789 est.
3153 1723 3489 1790 Christum
3530 1745 3685 1809 ergo
3721 1745 3834 1791 oro
3871 1726 4208 1794 dominum

2268 1817 2335 1871 et
2399 1829 2618 1889 regem
2677 1818 2971 1875 nostrum
3030 1819 3103 1874 ut
3158 1810 3534 1877 invocantes
3600 1833 3669 1876 se
3728 1810 3952 1879 audiat
4016 1826 4081 1879 et
4123 1814 4204 1880 ab

2268 1892 2373 1958 his
2438 1894 2661 1976 pravis
2726 1904 2792 1959 et
2856 1895 3292 1979 sanguinariis
3355 1894 3723 1962 hominibus
3779 1920 3897 1964 nos
3956 1899 4203 1967 liberet.

2268 1981 2483 2044 Amen
2528 1982 2759 2045 Amen.
2849 1979 2934 2044 D.
2986 1979 3337 2065 Goiqnetius
3409 1983 3602 2067 plane
3670 1987 4110 2051 contemnitur
4163 2007 4203 2050 a

2266 2065 2469 2149 Pagis
2512 2076 2578 2131 et
2620 2065 2812 2132 audio
2855 2067 2981 2149 ipsi
3025 2067 3272 2132 malum
3317 2069 3483 2134 strui
3528 2070 3778 2153 ingens.
3848 2069 3924 2137 Si
3969 2071 4203 2138 vicerit

2272 2150 2557 2235 Guysius
2619 2152 2817 2235 (quod
2884 2161 3139 2218 avertat
3200 2164 3430 2238 potens
3488 2154 3611 2219 Dei
3666 2158 3871 2222 nostri
3937 2157 4199 2241 manus)

2266 2247 2484 2303 actum
2551 2239 2678 2304 erit
2740 2259 2888 2305 cum
2935 2236 3260 2322 Cotynetio.
3341 2239 3601 2320 Quaeso
3666 2252 3750 2319 te,
3816 2242 3910 2306 mi
3975 2244 4193 2322 frater,

2264 2324 2562 2408 significa
2602 2344 2717 2406 per
2759 2326 3046 2407 primum
3088 2326 3403 2391 nuncium
3447 2345 3529 2390 an
3597 2326 3721 2391 hae
3762 2349 3942 2393 meae
3996 2328 4076 2392 ad
4134 2337 4198 2393 te

2264 2410 2396 2475 sint
2456 2409 2713 2475 allatae.
2823 2408 3056 2476 Scribo
3120 2410 3239 2477 has
3310 2418 3365 2477 5.
3412 2411 3589 2476 Iunii
3655 2414 3776 2478 sub
3841 2434 4196 2497 vesperam.

2263 2494 2426 2560 Heri
2488 2495 2638 2560 dedi
2698 2494 2779 2560 ad
2833 2505 2898 2560 te
2952 2496 3110 2561 alias
3155 2498 3236 2563 de
3279 2497 3557 2563 Rhaetis
3600 2519 3728 2564 non
3775 2497 4199 2583 negligendis,

2265 2602 2424 2664 quas
2467 2581 2658 2648 hodie
2702 2580 2962 2647 demum
3007 2582 3198 2649 audio
3237 2590 3599 2667 asportatas
3643 2585 3761 2651 sub
3806 2586 4199 2651 matutinam

2263 2666 2512 2733 horam.
2578 2667 2747 2732 Vale
2791 2687 2940 2733 oum
2985 2669 3285 2735 omnibus
3321 2669 3646 2736 fratribus.
3715 2671 3939 2737 Nostri
3974 2692 4194 2738 omnes

2263 2761 2327 2817 te
2371 2754 2662 2819 salutant
2708 2759 2764 2820 5.
2810 2755 2986 2819 Iunii
3035 2758 3217 2821 1562.

3215 2892 3397 2959 Tuus
3441 2913 3524 2957 ex
3570 2893 3787 2958 animo
3833 2903 4026 2959 totus.

3114 3439 3314 3511 380⁰.

2560 3593 3009 3660 LARCHER
3033 3599 3085 3671 ¹)
3129 3597 3191 3660 A
3236 3592 3909 3662 CHAS'I'ELLION.

2432 3764 2531 3830 La
2569 3787 2790 3850 querre
2832 3766 3009 3832 civile
3051 3787 3126 3832 en
3172 3765 3438 3833 France.

2580 3938 2955 4007 (Autograpbe
2989 3937 3057 3991 de
3092 3940 3145 3992 la
3181 3937 3558 4007 Bibliotheque
3594 3938 3661 3990 de
3698 3936 3872 4003 Bale.)

2256 4108 2321 4173 A
2364 4129 2518 4173 mon
2560 4109 2853 4175 trescher
2907 4109 3078 4175 frere
3122 4108 3467 4175 Sebastian
3512 4107 3877 4174 Chateillon
3946 4108 4189 4189 profes-

2583 4216 2733 4260 seur
2776 4216 2929 4279 grec
2967 4193 3047 4259 de
3089 4195 3488 4260 l'universite
3528 4193 3608 4259 de
3651 4193 3863 4258 Basle.

2426 4366 2497 4432 S.
2560 4366 2880 4431 Trescher
2944 4368 3131 4443 frere,
3189 4369 3257 4448 je
3320 4388 3483 4431 vous
3548 4367 3684 4448 prie
3747 4385 3851 4430 me
3916 4368 4189 4431 mandet

2253 4461 2580 4518 comment
2622 4474 2691 4517 se
2734 4460 2995 4535 portent
3051 4451 3147 4516 les
3191 4452 3416 4517 enfans
3482 4451 3561 4516 de
3608 4452 3866 4516 Tristan
3910 4461 3978 4516 et
4020 4473 4190 4521 ceux

2251 4535 2330 4603 de
2352 4536 2643 4604 Iverdun
2679 4559 2804 4622 que
2832 4541 2899 4622 je
2937 4557 3101 4602 vous
3136 4536 3629 4622 recommanday
3666 4537 3900 4601 laultre
3938 4540 4109 4621 jour.
4131 4538 4188 4623 ²)

2254 4622 2385 4689 Car
2428 4624 2603 4689 leurs
2648 4644 2880 4707 parens
2924 4624 3212 4688 desirent
3252 4623 3382 4687 fort
3446 4643 3530 4689 en
3573 4625 3826 4689 scavoir
3869 4622 3983 4688 des
4027 4645 4188 4689 nou*

2250 4710 2470 4776 velles.
2538 4709 2728 4774 Dites
2770 4710 2915 4774 leur
2958 4728 3154 4793 aussy
3197 4708 3370 4791 quilz
3415 4710 3743 4775 escrivent
3786 4729 3906 4793 par
3946 4710 4007 4776 le
4041 4732 4187 4794 pre-

2252 4805 2400 4861 sent
2445 4817 2485 4859 a
2527 4794 2703 4859 leurs
2747 4794 2875 4859 dits
2916 4802 3198 4876 parents.

2419 4880 2556 4946 Nos
2617 4900 2779 4963 gens
2844 4886 2960 4944 ont
3017 4878 3229 4945 donne
3282 4899 3486 4964 conge
3551 4901 3679 4948 aux
3736 4885 4065 4966 prebstres
4123 4892 4187 4948 et

2252 4986 2520 5049 moynes
2561 4964 2657 5041 :de
2714 4966 2910 5049 Lyon
2966 4965 3224 5031 Vienne
3287 4964 3577 5033 Valence
3641 4968 3931 5035 Romans
3990 4969 4185 5035 Coste

2248 5050 2318 5118 S.
2366 5049 2593 5116 Andre
2648 5049 2978 5116 Grenoble
3031 5051 3244 5117 'Pours
3288 5051 3638 5120 Bordeaux
3696 5056 3927 5121 Rouen
3979 5063 4044 5119 et
4101 5075 4183 5117 en

2256 5193 2350 5201 ——

2247 5274 2517 5406 8800·ss
2546 5271 2943 5412 pltobffipsslement
2978 5344 3073 5399 des
3100 5347 3515 5413 pensionnai'res
3551 5344 3615 5399 de
3651 5342 3990 5399 Chastelh'on.
