4850 6117
660 395 788 460 559

535 577 547 587 ’
660 579 830 647 tiani
870 578 1146 663 pectoris
1186 575 1569 663 simpliciter
1608 580 2032 661 amanterque
2072 574 2369 660 recipies.
2440 572 2613 641 Can-

664 665 784 733 dor
825 665 1002 731 enim
1038 662 1518 747 verborumque
1561 661 1929 746 eloquentia
1971 660 2091 727 tibi
2133 681 2392 744 semper
2436 680 2614 727 eom-

659 751 921 818 monia*
939 755 1059 829 est,
1075 749 1267 816 nobis
1282 769 1443 816 vero
1458 747 1784 815 Sarmatis
1805 747 2164 815 commonia
2176 748 2237 830 2)
2261 794 2612 813 .........

663 836 889 988 quum
932 843 1153 902 autem
1195 836 1269 901 in
1299 835 1564 920 negotio
1597 833 1952 900 christiano
1996 831 2138 899 sola
2170 833 2414 900 veritas
2458 831 2617 897 sim-

662 945 706 1008 p
734 943 819 989 ex
870 922 1246 1005 requiritur,
1310 941 1391 987 ea
1451 920 1658 1004 igitur
1719 918 1889 986 sotia
1941 940 2141 985 ausus
2205 938 2355 984 sum
2408 915 2494 982 ad
2549 924 2617 982 te

662 1010 880 1076 virum
921 1008 1054 1073 Dei
1095 1006 1201 1073 his
1261 1005 1562 1091 *pauculis
1626 1004 2003 1072 acelamare.
2089 1004 2319 1070 Primo
2361 1011 2440 1067 ut
2495 1002 2615 1068 tibi

661 1094 1002 1162 caritatem
1058 1113 1275 1159 meam
1329 1091 1816 1160 commendem:
1879 1110 2158 1158 veneror
2214 1088 2393 1155 enim
2449 1088 2618 1155 dona

660 1179 796 1245 Dei
849 1180 922 1244 in
979 1186 1046 1244 te
1102 1178 1376 1262 largiter
1431 1178 1613 1243 efusa
1667 1186 1737 1243 81
1790 1176 2009 1242 virum
2051 1175 2181 1241 Dei
2236 1183 2302 1241 te
2358 1196 2618 1259 semper

662 1286 916 1344 censeo,
961 1273 1028 1331 et
1069 1285 1183 1330 oro
1226 1264 1584 1331 Dominum
1626 1261 1850 1329 Iesum
1892 1261 2235 1328 Christum
2273 1267 2352 1326 ut
2403 1267 2471 1326 te
2513 1262 2617 1325 in·

665 1351 807 1418 dies
847 1359 914 1416 et
955 1350 1244 1416 cumulet
1276 1371 1399 1416 sua
1431 1348 1648 1433 gratia
1682 1357 1749 1415 et
1783 1347 2032 1413 animet
2063 1368 2183 1414 sua
2214 1346 2615 1412 fortitudine.

663 1436 841 1503 Item
901 1444 982 1503 ut
1043 1435 1165 1502 tibi
1226 1434 1716 1519 naufragiorum
1792 1432 2231 1499 satanicorum
2307 1432 2615 1517 pericula,

666 1544 836 1608 quae
878 1542 999 1589 888
1019 1521 1305 1588 Ρ818888
1347 1521 1455 1588 1118
1496 1525 1788 1600 1888881,
1834 1518 2234 1585 declararem
2276 1518 2362 1585 ad
2402 1527 2615 1601 teque,

667 1610 889 1675 virum
939 1607 1090 1687 Dei,
1155 1605 1570 1691 appellarem,
1633 1625 1869 1672 manus
1931 1612 2008 1669 ut
2067 1604 2366 1689 porrigas
2429 1604 2618 1670 nobis

669 1702 838 1761 tuas.
929 1693 1233 1760 Petimus
1308 1692 1490 1759 enim
1566 1691 1787 1776 pusilli
1851 1691 2066 1757 ventis
2141 1690 2618 1757 haereticorum

668 1779 976 1865 quassati.
1048 1778 1299 1844 Verum
1356 1785 1432 1843 ut
1487 1776 1746 1844 facilius
1834 1776 1975 1842 ium
2032 1782 2261 1859 pectus
2303 1784 2493 1842 tuum
2534 1774 2619 1841 ad

668 1863 1262 1964 commiserandum
1295 1866 1539 1942 flectas,
1585 1884 1671 1929 ex
1705 1799 1934 1930 ordine
1969 1861 2087 1928 tibi
2120 1867 2330 1929 totum
2364 1861 2620 1946 explico

670 1973 754 2019 ne
840 1961 1023 2016 tium.

755 1973 1067 2117 goQuum
1118 2034 1382 2101 videam
1438 2041 1691 2102 astutos
1745 2032 2059 2119 quosdam
2116 2042 2182 2100 et
2238 2043 2622 2118 arrogantes

668 2122 967 2189 homines
1008 2121 1353 2189 nobiscum
1384 2130 1730 2188 versantes
1773 2121 1846 2186 in
1888 2118 2157 2188 ecclesia
2178 2120 2307 2185 Dei
2350 2118 2622 2186 fraudu-

667 2208 881 2274 lenter
919 2208 1097 2274 inter
1140 2228 1261 2273 888
1302 2205 1615 2286 incedere,
1665 2227 1913 2291 nosque
1948 2207 2028 2273 ab
2070 2206 2205 2271 11118
2247 2207 2318 2270 18
2359 2212 2618 2271 utrum-

669 2315 797 2378 que
839 2294 1015 2360 latus
1053 2293 1265 2378 pungi
1297 2292 1556 2371 misere,
1602 2293 1821 2360 visum
1863 2300 1965 2358 est
2005 2293 2271 2358 omnino
2314 2291 2445 2358 illis
2489 2312 2623 2357 non

669 2380 1149 2446 communicare
1193 2384 1259 2444 et
1299 2378 1559 2446 obviam
1602 2377 1866 2445 astuciis
1918 2377 2182 2444 illorum
2224 2396 2377 2443 cum
2420 2378 2623 2443 armis

670 2466 800 2531 Dei
839 2466 961 2544 ire,
1002 2464 1370 2548 populoque
1413 2465 1542 2530 Dei
1583 2464 1731 2529 illos
1773 2463 2135 2542 ostendere,
2181 2464 2336 2530 licet
2376 2464 2626 2529 furiant

670 2550 823 2617 odio
865 2551 1173 2617 satanico.
1244 2550 1339 2616 Ut
1395 2558 1618 2616 autem
1673 2550 1840 2616 sciat
1892 2557 2011 2620 tua
2050 2549 2467 2616 Excellentia
2508 2548 2625 2634 qui

672 2647 831 2704 sunt
879 2637 1010 2717 isti,
1064 2634 1254 2702 facile
1305 2636 1846 2702 commonstrabo.
1934 2636 2350 2702 Lismaninus
2377 2639 2434 2715 ⁸)
2477 2636 2622 2719 qui-

674 2721 825 2788 dam
867 2744 951 2790 ex
994 2722 1330 2788 monachis
1371 2722 1967 2788 Franciscanorum
2019 2720 2251 2789 cucula
2292 2728 2360 2787 et
2412 2722 2623 2787 antris

666 2809 1027 2892 profitiens,
1072 2816 1376 2874 versatus
1409 2806 1881 2892 aliquantisper
1922 2808 2098 2873 inter
2134 2815 2384 2874 vestras
2418 2807 2623 2873 eccle-

669 2895 802 2961 sias
844 2895 930 2961 ad
970 2914 1095 2961 nos
1145 2894 1255 2960 hic
1295 2895 1496 2970 18811,
1559 2900 1830 2960 vocatus
1874 2914 1914 2958 a
1956 2894 2216 2972 nostris,
2270 2892 2387 2959 sed
2443 2913 2621 2960 com-

669 2980 1020 3047 mendatus
1062 3002 1104 3047 a
1143 2979 1349 3047 vobis.
1422 2978 1556 3061 Qui
1596 2979 1908 3063 pacificus
1966 2980 2107 3045 sine
2161 2980 2459 3063 profectu
2516 3001 2622 3046 ee-

671 3065 905 3132 clesiae
971 3064 1388 3133 delitescebat
1450 3065 1626 3131 inter
1689 3072 1948 3132 nostras
2015 3065 2318 3132 ecclesias
2374 3073 2453 3130 ut
2505 3086 2624 3132 suo

674 3150 868 3219 modo
921 3152 994 3218 in
1050 3151 1182 3219 otio
1233 3173 1320 3218 ex
1360 3150 1794 3218 Eleemozinis
1851 3152 2121 3220 viveret.
2193 3152 2412 3218 Parvo
2455 3156 2622 3217 tem-

671 3258 834 3321 pore
888 3236 1107 3322 elapso
1164 3237 1245 3303 de
1285 3237 1662 3303 minoritate
1712 3236 1830 3303 filii
1876 3237 2006 3303 Dei
2061 3236 2625 3304 sententiunculas

674 3323 937 3390 interim
977 3324 1052 3389 in
1094 3321 1387 3389 medium
1417 3322 1825 3406 provocebat.
1888 3321 2151 3389 Deinde
2193 3322 2405 3406 coepit
2439 3323 2624 3389 dam-

672 3429 836 3475 nare
877 3410 1349 3477 confessionem
1392 3409 1473 3474 de
1536 3430 1670 3475 uno
1713 3410 1857 3475 Deo
1901 3410 1972 3474 in
2015 3409 2338 3474 Trinitate
2376 3410 2625 3474 Roma-

672 3495 1021 3574 nistarum,
1076 3494 1299 3563 dicens
1356 3495 1623 3561 omnino
1676 3493 2178 3561 fundamentum
2232 3494 2388 3560 fidei
2438 3515 2625 3578 apos-

674 3581 907 3649 tolicae
949 3588 1163 3648 totum
1204 3579 1502 3646 funditus
1545 3600 1850 3648 eversum
1904 3581 2107 3647 fuisse
2159 3582 2230 3646 in
2272 3580 2628 3665 tyrannide

721 3669 1013 3753 apistica.
1112 3667 1205 3733 Et
1260 3664 1608 3735 videbatur
1664 3687 1704 3732 a
1758 3665 1949 3734 nobis
1990 3666 2251 3734 obviam
2302 3668 2401 3732 ire
2446 3668 2627 3732 Ana-

720 3755 996 3838 aptistis.
1081 3752 1251 3819 Inde
1310 3751 1661 3818 damnabat
1713 3751 1952 3818 librum
2016 3753 2492 3819 sententiarum
2549 3750 2629 3819 de

676 3840 1014 3906 Trinitate.
1083 3837 1219 3906 Sed
1239 3859 1452 3923 neque
1493 3839 1564 3904 in
1601 3857 1679 3904 ea
1712 3858 1912 3905 arena
1943 3837 2218 3905 feliciter
2253 3837 2366 3903 ubi
2409 3838 2625 3919 cessit,

675 3926 979 4009 repulsus
1022 3931 1121 3993 est
1162 3923 1343 3991 rude.
1435 3924 1673 3990 Postea
1713 3944 1832 4007 per
1873 3923 2151 3990 Petrum
2197 3922 2543 3991 statorium
2567 3924 2627 4010 ⁴)

660 4113 750 4155 o·11

662 4191 783 4241 ΠΜ*
881 4214 941 4285 2)
979 4215 1292 4271 omnim
1326 4216 1643 4272 vocabulum
1675 4221 1979 4272 atramento
2014 4214 2258 4271 deman.

879 4283 937 4350 3)
976 4283 1051 4339 N.
1088 4283 1244 4338 3649.
1320 4283 1522 4340 &ninii
1557 4284 1712 4354 Epa.
1750 4283 1879 4339 185.-
1945 4283 2009 4337 18
2042 4301 2070 4337 8
2143 4282 2250 4340 8118
2284 4283 2632 4340 cracoviensi

672 4352 786 4422 (10.
821 4352 956 4409 Dec.
991 4351 1153 4421 1561)
1183 4351 1529 4407 Lismaninus
1561 4371 1685 4409 cum
1718 4352 2014 4409 Blandrata
2088 4353 2100 4366 '
2145 4353 2158 4365 ‘
2217 4370 2248 4407 8
2281 4353 2486 4408 fertur:
2524 4355 2629 4409 Re-

675 4424 929 4492 linquant
960 4421 1095 4474 mihi
1117 4436 1305 4474 omnes
1330 4422 1582 4477 doctores
1615 4441 1781 4478 unum
1807 4422 1997 4488 Deum,
2032 4437 2134 4476 nec
2164 4422 2317 4476 illum
2352 4422 2629 4477 dividant:

674 4492 915 4546 habeant
944 4489 1301 4544 mediatorem
1337 4492 1554 4560 qualem
1587 4491 1689 4546 sibi
1711 4492 2104 4547 confinxerunt.
2136 4519 2205 4529 —
2242 4490 2473 4546 Lubias.
2491 4491 2627 4547 12⁷:

658 4557 1119 4682 ffiviensi
1153 4558 1375 4623 synodo,
1421 4561 1760 4614 allaborante
1795 4560 2040 4614 Sar-nicio
2075 4566 2133 4613 et
2165 4559 2290 4615 aliis
2324 4576 2434 4613 non
2469 4562 2628 4630 pauci

901 4627 914 4638 ‘
956 4642 989 4680 o
1032 4631 1093 4679 et
1133 4626 1460 4682 Blandratae
1521 4629 1659 4684 vitio
1703 4629 1910 4683 dabant
1959 4627 2104 4696 quod
2145 4628 2294 4683 illam
2339 4629 2409 4682 de
2456 4631 2629 4699 patris

659 4689 1107 4827 -μᾰωὴὶίῗοῖὶξὶι
1115 4698 1510 4822 &uacationem
1542 4698 1832 4753 moverint.
1858 4766 1871 4780 ·
1921 4767 1931 4778 ,
1967 4779 2019 4818 m
2167 4765 2178 4778 ·
2218 4770 2349 4820 m
2535 4768 2545 4780 .

672 4830 869 4902 2148.
904 4830 1630 4905 Stamineposfiait,z.1.
1667 4835 1939 4893 ubis-uer
1968 4780 2265 4889 αιὲαςΐαω
2296 4835 2379 4889 asc
2410 4835 2627 4906 mm-

659 4899 1094 4976 -unamqm'n
1163 4903 1279 4957 Nos
1314 4920 1504 4958 omnes
1538 4906 1720 4959 nescio
1757 4920 1866 4975 qno
1899 4909 2061 4974 pacto
2094 4903 2152 4957 in
2186 4903 2477 4959 haereseos
2511 4921 2627 4959 sus-

659 4970 1226 5041 mnmzvenimus
1261 4973 1357 5042 qui
1390 4989 1513 5027 cum
1548 4973 1850 5028 Blandi-ata
1882 4973 2130 5029 vivimus.
2203 4972 2312 5029 Sed
2355 4974 2404 5027 si
2438 4974 2628 5030 haere·

660 5039 1076 5119 ‚fiei‘fflqt'sw
1111 5040 1332 5096 Patrem
1365 5042 1561 5096 Filium
1605 5045 1663 5096 et
1696 5041 1958 5112 Spiritum
2004 5060 2051 5098 8.
2091 5042 2323 5096 credunt
2364 5060 2435 5097 ex
2479 5042 2534 5098 S.
2571 5044 2625 5098 S.

661 5109 1032 5231 ,pawn-{m
1068 5125 1172 5169 ,188
1216 5125 1286 5164 cx
1331 5109 1552 5164 illorum
1585 5127 1809 5167 numero
1841 5111 2013 5165 libens
2060 5126 2180 5164 8888
2213 5111 2409 5167 fateor.
2478 5112 2630 5166 Non-

717 5193 809 5231 um
855 5177 1067 5245 quievit
1106 5177 1204 5232 illa
1245 5179 1314 5232 de
1349 5178 1443 5248 Sp.
1478 5194 1521 5232 s.
1568 5179 1789 5246 invidia,
1835 5197 1998 5249 quam
2043 5180 2219 5236 malus
2261 5180 2355 5234 1118
2397 5179 2628 5236 daemon

677 5245 1241 5311 mihffltfflciflfflrat,
1275 5248 1374 5301 sed
1545 5246 1604 5301 in
1635 5248 1778 5304 bona
1810 5265 1932 5304 mea
1962 5248 2294 5304 conscientia
2325 5250 2632 5317 acquiesco.

679 5342 748 5354 —
792 5313 1022 5371 Lubion.
1062 5331 1120 5385 p.
1163 5313 1293 5370 149:
1358 5316 1447 5371 Bu
1519 5316 1532 5328 '
1576 5317 1657 5370 ’us
1713 5317 1940 5373 adnotat
1986 5318 2284 5374 statorium
2334 5317 2394 5372 in
2444 5318 2630 5382 schola

2169 383 2697 454 EPISwLAE
2740 385 3166 452 3866-3868

4521 391 4634 458 560

2718 572 2992 641 Gallum
3066 572 3497 659 impugnabat
3558 573 3830 659 spiritus
3895 575 4108 642 sancti
4169 574 4637 657 invocationem,

2717 659 2910 812 guasi
2965 681 3009 726 a
3061 667 3251 745 tergo
3308 660 3635 761 incipiens
3690 660 3818 727 1188
3870 659 4118 729 bellum
4172 659 4634 729 Gribaldinum.

2775 744 2855 812 ed
2913 753 2980 810 et
3032 744 3107 811 in
3156 765 3236 813 eo
3290 768 3323 813 8
3371 755 3509 812 8118
3562 746 3876 813 confusus
3930 746 4130 813 rediit
4170 745 4257 813 ad
4306 745 4638 815 silentium.

2717 832 3079 916 Postquam
3120 851 3280 898 vero
3362 834 3610 899 tancari
3651 832 3894 900 bellum
3937 833 4226 912 accessit,
4269 841 4417 916 post
4455 833 4644 900 multa

2718 924 2943 984 vestra
2983 937 3298 1001 responsa
3339 917 3628 984 instituit
3647 918 4066 986 Lismaninus
4105 918 4229 986 hac
4263 919 4375 986 via
4407 919 4646 986 vincere

2724 1001 3120 1082 Stamamm,
3166 1002 3280 1070 ubi
3319 1004 3529 1071 filium
3563 1003 3692 1070 Dei
3733 1025 3855 1088 pro
3903 1011 4004 1070 ter
4040 1003 4497 1071 mediationem
4536 1006 4649 1070 mi-

2719 1109 2945 1155 norem
2979 1096 3167 1172 patre
3207 1088 3281 1154 in
3325 1088 3552 1155 divina
3583 1098 3825 1156 natura
3886 1091 4031 1170 ecit,
4069 1090 4174 1155 hic
4208 1091 4343 1156 iam
4376 1091 4647 1157 evomuit

2720 1174 3026 1258 spiritum
3083 1172 3416 1241 maledicti
3456 1176 3608 1242 Arii
3663 1176 3903 1261 scripto
3946 1197 4086 1256 suo,
4151 1186 4220 1242 81
4280 1176 4535 1259 publica
4586 1177 4647 1242 in

2720 1260 2974 1346 synodo
3016 1260 3438 1342 confessione,
3481 1260 4044 1346 publicationeque
4086 1262 4191 1328 sui
4224 1260 4647 1328 Blandratici·

2719 1365 2846 1431 que
2889 1347 3130 1413 erroris
3173 1346 3287 1430 qui
3329 1368 3487 1414 vere
3530 1349 3797 1414 arianus
3840 1356 3958 1414 est.
4027 1348 4254 1413 Primo
4296 1349 4510 1432 coepit
4547 1347 4651 1413 eii-

2720 1453 2870 1499 cere
2912 1431 3184 1497 rituales
3226 1431 3453 1500 1881188
3494 1432 3822 1517 loquendi,
3864 1432 4099 1517 quibus
4136 1434 4434 1500 misteria
4473 1434 4649 1499 unius

2721 1518 2849 1584 Dei
2905 1519 2980 1583 in
3025 1517 3352 1584 Trinitate
3392 1541 3474 1585 ex
3523 1519 3819 1585 licantur.
3905 1519 4165 1586 Deinde
4204 1520 4528 1585 unitatem
4565 1518 4649 1586 di-

2720 1604 2915 1670 vinae
2950 1605 3273 1670 essentiae
3300 1605 3472 1671 mira
3514 1605 3708 1672 ilibus
3741 1604 4009 1672 astuciis
4043 1606 4255 1689 coepit
4287 1604 4649 1689 discerpere.

2720 1689 2894 1755 Item
2938 1690 3382 1756 minoritatem
3423 1691 3544 1756 filii
3585 1691 3717 1757 Dei
3759 1691 4151 1775 aequalitate
4193 1688 4474 1775 quadam
4513 1691 4652 1755 atri-

2722 1775 2950 1875 butiva
2990 1775 3205 1875 coepit
3257 1775 3604 1843 188818818.
3696 1776 3843 1844 Hoc
3895 1776 4099 1861 igitur
4139 1776 4392 1843 malum
4432 1776 4651 1876 multos

2723 1861 4652 2048 ffibtfflffiffiaeffsssssffbffiffissffiiffiffmt

2725 2041 2791 2099 et
2832 2033 3149 2118 plurimos
3182 2043 3520 2101 ministros
3563 2044 3631 2099 81
3671 2055 3783 2102 888
3827 2034 4463 2120 superintendentes,
4506 2033 4653 2100 Gre-

2726 2120 2983 2204 gorium
3032 2118 3311 2186 Paulum
3351 2121 3657 2200 maxime,
3715 2120 3830 2203 qui
3871 2121 4009 2205 agit
4051 2120 4407 2189 Oracoviae
4448 2119 4653 2186 minis·

2725 2216 2924 2284 trum,
2968 2205 3082 2289 qui
3124 2205 3257 2271 iam
3300 2205 3646 2273 eeclesiam
3677 2205 4015 2274 collectam
4042 2206 4406 2275 Oracoviae
4438 2225 4654 2290 magno

2724 2311 2999 2357 numero
3042 2289 3468 2359 dementavit.
3549 2293 3802 2358 Eorum
3844 2291 4147 2373 88188188,
4205 2294 4309 2358 vir
4353 2291 4653 2358 excellen-

2727 2377 2999 2456 tissime,
3057 2377 3181 2443 tibi
3235 2398 3592 2444 ennarrare
3646 2400 3780 2445 non
3832 2398 4117 2462 possum.
4197 2378 4472 2445 Habent
4521 2398 4653 2443 suas

2725 2461 3082 2530 infernales
3138 2470 3316 2540 artas
3371 2463 3457 2530 ad
3512 2463 3927 2548 decipiendas
3992 2471 4246 2530 mentes
4308 2464 4649 2529 hominum.

2726 2548 2983 2615 Verum
3024 2569 3145 2632 per
3177 2549 3307 2615 Dei
3350 2550 3635 2636 gratiam
3677 2551 3968 2618 servavit
3993 2550 4324 2616 Dominus
4367 2548 4652 2634 quosdam

2726 2634 3175 2787 81ἱ181818ἧ81118
3209 2635 3393 2703 verbi
3427 2637 3562 2787 quli)
3576 2634 4653 2788 ngggloslnsenseqruntblasphemiis

2725 2743 2784 2788 18
2875 2771 2890 2786 .
3038 2742 3257 2787 8111818
3299 2742 3456 2788 1818
3567 2770 3584 2788 .
3860 2741 4014 2787 aum
4090 2727 4417 2802 armtmm,
4462 2740 4651 2788 virum

2725 2806 2875 2886 Dei,
2934 2806 3045 2891 qui
3101 2807 3456 2874 fortissime
3497 2807 3836 2874 nobiseum
3892 2807 4142 2875 obstitit
4197 2808 4384 2876 111888
4442 2806 4653 2873 furori·

2726 2893 2868 2959 bus.
2889 2894 2949 2976 ὃ)
3037 2892 3312 2977 Iamque
3375 2892 3634 2977 publice
3699 2892 4055 2962 catholicus
4120 2913 4503 2977 consensus,
4559 2891 4653 2976 qui

2728 2978 2965 3046 vestris
3022 2979 3266 3046 sanctis
3322 2979 3613 3046 ecclesiis
3665 2980 3931 3045 iunctus
3983 2988 4103 3058 est,
4160 2977 4379 3047 editus
4435 2986 4547 3060 est,
4593 2985 4653 3042 ut

2727 3064 2972 3150 singuli
3015 3084 3135 3131 sua
3176 3065 3588 3132 conscribant
3627 3067 3900 3131 nomina
3941 3064 4026 3132 ad
4078 3063 4448 3149 probandos
4488 3064 4655 3148 spiri·

2727 3159 2852 3218 tus.
2943 3150 3121 3217 Puto
3161 3172 3281 3235 per
3319 3151 3451 3219 Dei
3503 3152 3780 3235 gratiam
3825 3151 3950 3218 hac
3993 3150 4102 3219 via
4142 3150 4332 3218 brevi
4375 3151 4654 3303 detegan-

2728 3243 2839 3302 tur
2879 3235 3048 3303 istae
3091 3238 3387 3303 astutiae.
3466 3236 3722 3304 Verum
3762 3236 3886 3304 hoc
3927 3236 4475 3321 impedimentum
4569 3256 4655 3302 ro-

2727 3321 3068 3390 eissimum
3131 3330 3235 3389 est
3286 3323 3461 3408 quod
3515 3323 3937 3389 Izismaninus
3997 3323 4136 3389 iam
4197 3324 4410 3389 traxit
4469 3330 4656 3388 totum

2727 3407 2958 3475 nidum
3001 3407 3471 3475 Gribaldinum
3513 3409 3597 3475 ad
3662 3429 3800 3475 nos.
3889 3408 4036 3475 Iam
4077 3408 4268 3493 prius
4312 3409 4657 3477 Blanarata

2727 3496 2932 3646 ..8
2959 3494 3296 3664 ...1.Β
3338 3496 3564 3595 ””
3605 3501 3931 3667 mm
3987 3490 4657 3664 ,swam

2734 3666 3032 3747 68811118,
3077 3674 3145 3733 81
3184 3668 3286 3733 Pa
3357 3689 3437 3733 us
3474 3666 3786 3733 AlciatuS.
3870 3666 4017 3731 Iam
4073 3687 4302 3733 omnes
4358 3667 4475 3733 isti
4526 3671 4656 3731 sunt

2729 3752 2802 3817 in
2844 3751 3137 3833 Polonia,
3197 3753 3311 3838 qui
3352 3773 3668 3838 magnum
3709 3753 4049 3838 negotium
4100 3752 4438 3820 facessunt
4478 3749 4655 3818 oecle-

2730 3839 2846 3905 8118
2888 3838 3132 3905 8881118
3175 3849 3245 3904 81
3285 3839 3514 3905 turbas
3556 3839 3860 3923 ingentes
3899 3839 4036 3904 iam
4078 3839 4547 3906 excitaverunt.

2900 3922 3078 4002 Ideo,
3135 3925 3239 3992 vir
3292 3924 3855 4004 excellentissime,
3913 3944 4118 4010 quum
4176 3924 4301 3990 tibi
4352 3925 4655 3991 Dominus

2730 4009 3257 4095 potentissimum
3321 4009 3667 4079 donaverit
3734 4007 4027 4096 gladium
4093 4007 4180 4075 ad
4256 4007 4654 4077 debellandas

2729 4096 2990 4180 viperas
3031 4096 3193 4163 istas
3236 4095 3575 4179 arianicas,
3611 4095 3877 4164 obsecro
3911 4116 4029 4180 per
4058 4095 4423 4163 Dominum
4454 4095 4656 4163 Iesum

2730 4354 3091 4409 Pinczoviana
3134 4352 3398 4421 docuisse,
3442 4352 3841 4408 idololatricam
3885 4352 4016 4423 quid
4063 4366 4183 4407 8888
4215 4353 4471 4407 invocare
4503 4349 4587 4418 Sp.
4615 4363 4653 4401 8.

2730 4440 2898 4493 quum
2938 4423 2994 4477 in
3039 4422 3291 4476 universa
3341 4422 3397 4477 S.
3432 4421 3491 4477 Β.
3525 4423 3733 4477 81111818
3774 4423 3889 4478 eius
3930 4420 4154 4476 deitatis
4188 4422 4279 4476 vel
4325 4416 4653 4481 adorationis,

2728 4493 2840 4546 imo
2873 4506 2977 4545 neo
3005 4490 3136 4544 fidei
3167 4492 3226 4545 in
3260 4506 3385 4545 eum
3417 4508 3452 4544 a
3488 4496 3682 4562 pareat
3713 4490 4012 4556 vestigium.

3025 4559 3258 4615 Labie».
3287 4575 3342 4628 p.
3381 4507 3508 4613 lig.-
3578 4559 3683 4626 Qui
3733 4559 3803 4613 ad
3846 4558 4113 4630 synodum
4155 4558 4495 4613 Pinczoviam
4545 4566 4653 4607 coa·

2729 4636 2992 4684 venerant
3035 4627 3151 4689 (18.
3194 4627 3368 4699 Any.)
3405 4627 3797 4683 confessionem
3839 4628 3967 4681 fidei
4016 4640 4147 4682 suae
4205 4627 4648 4696 conscripserunt:

2727 4698 2869 4781 118118
2903 4696 3178 4754 Sarnioius
3198 4713 3440 4767 carpere,
3472 4700 3564 4752 tor
3601 4713 3733 4779 11818
3761 4702 3825 4780 et
3843 4695 4169 4751 scindendae
4202 4697 4459 4752 ecclesiae
4488 4705 4651 4773 ansam

2724 4783 3038 4917 mars..
3070 4806 3134 4888 .·
3161 4771 3284 4916 ..ξ
3314 4766 3607 4905 1....
3638 4766 4263 4904 mmm&
4283 4763 4651 4914 ...amm

2726 4920 3043 5055 giqffi
3072 4902 3365 5041 ῗιοῗιῗῗιιᾶῗ
3379 4902 4647 5055 niiflsffti-ffimfefiffissrssffiqffiffnflffl

2726 5049 2780 5098 et
2816 5041 3108 5097 Santonus
3138 5040 3406 5111 synodum
3439 5057 3560 5096 acm
3594 5041 3706 5096 11118
3722 5041 3930 5108 habunt,
3952 5040 4338 5106 conformem
4371 5053 4519 5094 suan
4549 5031 4645 5087 edt-

2727 5111 2813 5167 dit
2844 5117 2896 5167 ct
2925 5117 2988 5166 ut
3028 5126 3067 5165 a
3099 5109 3426 5180 quibasdam
3469 5110 3893 5166 subscriberetur
3941 5110 4129 5178 effecit.
4196 5109 4335 5163 Erat
4364 5106 4567 5177 quidem
4595 5116 4642 5152 m

2728 5181 2863 5234 urbe
2898 5179 2993 5234 Gr.
3028 5178 3245 5245 Paulus,
3291 5179 3389 5233 sed
3433 5195 3468 5231 a
3502 5179 3733 5233 Sarnicii
3766 5179 4001 5234 faotione
4045 5178 4309 5246 exclusus,
4341 5177 4446 5230 imo
4476 5176 4638 5229 hacre-

2728 5250 2870 5303 ticus
2903 5248 3168 5302 iudicatus
3202 5252 3261 5302 et
3293 5248 3593 5303 ministerio
3675 5247 3884 5304 rivatus
3929 5263 3995 5303 ac
4030 5246 4306 5302 Sarnicius
4338 5247 4384 5300 ei
4416 5242 4639 5298 suffectus

2730 5352 2747 5368 .
2781 5355 2800 5374 .
2832 5356 2849 5373 .
2883 5356 2897 5370 .
2933 5317 3146 5374 Stetere
3180 5333 3215 5369 a
3246 5317 3494 5388 partibus
3527 5317 3613 5370 his
3683 5316 3858 5387 ylvius
3894 5321 3954 5372 et
3984 5315 4231 5373 Gilovius
4272 5318 4366 5373 etc.
