4850 6117
650 410 772 473 571

652 595 768 681 qui
800 592 1096 682 nondum
1128 612 1345 677 genua
1375 595 1819 658 curvaverunt
1850 606 2071 654 coram
2100 585 2266 653 Baal
2298 584 2595 653 fidelium

654 680 1204 762 nominmscnipta
1227 682 1314 757 ¹⁸)
1348 697 1491 744 esse
1526 682 1773 760 putate.
1797 674 1879 756 ¹⁷)
1945 673 2209 740 Literas
2245 670 2326 737 de
2359 671 2601 755 quibus

660 766 951 837 Tranium
989 766 1392 842 1885186866,
1458 762 1721 828 obsecro
1786 760 2023 825 curetis
2081 756 2168 824 ad
2221 779 2341 825 nos
2382 766 2601 825 trans-

654 849 1124 934 mittin-‚roone
1165 858 1268 918 est
1307 849 1575 917 omnino
1617 848 1780 913 istos
1825 865 2124 928 proceres
2166 844 2263 910 ita
2298 853 2602 910 tractare.

653 934 1228 1026 Data1Oracoviae
1268 939 1334 1008 6.
1377 933 1603 1003 06161).
1629 936 1712 1016 ¹⁸)
1764 934 1945 997 1562.

1556 1051 1925 1119 Stanislaus
1982 1048 2325 1117 Sarnicius

1598 1158 1832 1204 servus
1864 1137 2018 1202 Iesu
2042 1135 2296 1202 Christi

1452 1234 1607 1292 tuae
1648 1222 1880 1309 pietati
1930 1221 2427 1289 addictissimus.

1535 1737 1730 1808 3874.

1054 1893 1546 1963 SARNIOIUS
1590 1889 2218 1962 BULLINGERO.

833 2068 1624 2152 Eadmacpraeoedens.

662 2245 776 2311 (Ex
824 2247 952 2297 auto
1052 2241 1162 2312 pho
1197 2241 1365 2295 Arch.
1403 2238 1585 2294 Turio.
1620 2238 1767 2291 Plut.
1804 2236 1898 2293 VI.
1933 2236 2052 2292 Vol.
2092 2236 2208 2302 168,
2251 2238 2381 2292 olim
2427 2236 2602 2292 Seria.

659 2314 717 2369 Ο.
752 2313 903 2368 Τ618.
973 2311 1025 2378 5,
1060 2311 1152 2364 fol.
1188 2308 1306 2364 170.
1340 2337 1409 2349 -
1445 2309 1641 2364 Simler
1676 2307 1795 2363 Vol.
1835 2302 1953 2360 105.
2020 2307 2228 2361 Iterum
2263 2305 2494 2361 eandem
2511 2307 2603 2361 de·

659 2383 900 2437 scribere
952 2395 1412 2449 supervacaneum
1462 2377 1572 2430 rati
1626 2376 1761 2430 satis
1812 2375 2098 2430 habuimus
2148 2376 2373 2430 alterius
2418 2379 2604 2429 textus

658 2451 890 2521 margini
938 2449 1212 2503 variantes
1262 2448 1421 2503 huius
1478 2447 1738 2501 lectiones
1789 2444 2115 2500 adscribere.
2195 2445 2321 2499 Sola
2366 2445 2605 2499 clausula

864 2520 1025 2589 plane
1059 2518 1166 2571 alia
1201 2523 1302 2581 est,
1339 2532 1502 2586 quam
1537 2532 1668 2586 ergo
1702 2514 1873 2568 solam
1917 2513 2006 2570 hic
2040 2513 2397 2578 exhibemus.)

662 2669 2602 2687 —--——-————-———-——

666 2724 754 2791 D.
804 2723 1142 2809 Qtjkovium
1189 2721 1614 2802 stanislaum,
1638 2726 1690 2799 ¹)
1735 2720 1922 2788 cuius
1962 2741 2204 2806 pueros
2247 2719 2422 2786 domi
2457 2728 2609 2787 tuae

662 2812 859 2892 foves,
913 2810 1178 2877 obsecro
1220 2808 1605 2875 submoneas
1659 2813 1737 2872 ut
1790 2808 1916 2873 sibi
1968 2808 2049 2874 ab
2094 2807 2219 2874 hac
2260 2815 2445 2890 peste
2486 2806 2605 2872 ho-

661 2898 919 2963 minum
982 2903 1226 2962 caveat.
1313 2892 1397 2960 D.
1449 2893 1710 2980 Petrum
1753 2892 2103 2977 Martyrem
2140 2892 2401 2959 obsecro
2447 2891 2608 2960 velit

662 2985 737 3050 Τ.
762 2985 839 3050 P.
884 2982 1291 3049 officiossime
1333 2980 1596 3046 nomine
1636 3001 1783 3047 meo
1827 2979 2127 3046 salutare.
2191 2977 2406 3045 Datae
2441 2977 2606 3046 Ora-

663 3070 888 3138 coviae
920 3067 989 3133 vi
1030 3066 1418 3136 Novembris
1463 3066 1647 3135 1562.

1678 3202 2053 3270 Stanislaus
2096 3200 2436 3268 Sarnicius

1722 3288 2022 3354 minister
2056 3288 2242 3355 verbi
2265 3286 2394 3354 Dei

1514 3373 1795 3442 Vestrae
1832 3375 2062 3459 pietati
2104 3373 2607 3441 addictissimus.

838 3549 985 3614 Has
1028 3546 1256 3612 literas
1300 3554 1417 3614 aut
1458 3545 1692 3612 saltem
1735 3546 2000 3612 illarum
2045 3545 2385 3630 exemplar
2427 3554 2610 3613 curet

664 3635 810 3702 'fua
851 3635 1257 3719 praestantia
1299 3632 1657 3699 transmitti
1700 3634 1946 3716 absque
1986 3652 2188 3697 mora.
2263 3631 2611 3700 Nescimus

665 3722 786 3788 sub
829 3741 959 3803 quo
1023 3739 1201 3785 nunc
1264 3719 1440 3786 coelo
1511 3719 1765 3786 Trebius
1808 3725 2029 3784 noster
2071 3717 2268 3783 vivit:
2335 3718 2611 3800 proinde

664 3826 794 3890 quo
838 3805 1069 3872 ordine
1110 3806 1275 3873 11866
1318 3804 1661 3871 literarum
1714 3804 1993 3870 istarum
2044 3804 2267 3868 missio
2310 3804 2455 3869 fieri
2499 3803 2609 3872 de-

663 3892 818 3958 beat
858 3892 1274 3970 nescivimus,
1329 3891 1442 3957 sed
1486 3890 1875 3974 prudentiae
1927 3895 2080 3954 tuae
2121 3889 2609 3958 committimus.

664 3978 848 4045 Satis
891 3979 1015 4043 erit
1071 3978 1258 4044 nobis
1314 3979 1371 4044 si
1427 3974 1509 4041 de
1567 3976 1867 4042 omnibus
1909 3977 2104 4041 rebus
2145 3996 2310 4058 quae
2352 3975 2462 4043 hic
2504 3999 2612 4061 ge-

662 4073 904 4132 runtur
937 4065 1007 4128 in
1050 4063 1337 4130 ecclesiis
1378 4063 1621 4129 nostris
1667 4062 1789 4132 viri
1832 4060 1932 4126 illi
1974 4061 2070 4145 pii
2111 4068 2251 4127 tam
2294 4061 2609 4130 Genevae

664 4171 862 4234 quam
903 4148 1060 4217 alibi
1118 4150 1286 4217 scire
1344 4160 1603 4233 queant.
1692 4147 1954 4214 Alteras
1995 4146 2192 4212 hasce
2233 4146 2459 4213 literas
2502 4150 2610 4214 Ia·

664 4235 808 4302 cobi
853 4234 1055 4320 Sylvii
1069 4233 1564 4320 2)Ρ1·868188118
1584 4234 1730 4301 'fua
1772 4234 2022 4316 aperiat
2063 4243 2131 4298 et
2173 4231 2422 4316 relegat
2457 4234 2610 4314 (hoc

665 4321 880 4405 ipsum
924 4321 1101 4388 enim
1145 4320 1320 4386 idem
1362 4320 1639 4386 Iacobus
1680 4318 1891 4404 optat)
1936 4327 2004 4384 et
2044 4328 2271 4403 postea
2304 4318 2608 4404 obsigna-

666 4414 769 4472 tas
813 4406 893 4473 ad
938 4408 1024 4473 D.
1074 4405 1407 4472 Calvinum
1449 4407 1873 4472 transmittat.

835 4574 931 4638 16)
962 4577 1228 4647 scriptum
1270 4576 1399 4631 Tur.

662 4713 783 4768 aaa
815 4644 1115 4768 1ὲὲἶὸζιῑοοο
1145 4662 1329 4702 eorum
1361 4660 1501 4716 quae
1532 4644 1622 4701 hic
1654 4650 1952 4715 sequuntur
1984 4645 2160 4701 altera
2188 4643 2418 4714 epistola
2447 4646 2614 4714 plane

842 4780 934 4846 18)
971 4783 1082 4834 imo
1120 4781 1376 4839 Novemb.
1410 4782 1478 4848 cf.
1515 4797 1621 4852 seq.

663 4849 852 4905 3874.
877 4850 931 4916 1)
980 4848 1314 4906 Wissowatii
1342 4851 1598 4906 narratio
1628 4850 1892 4921 quomodo
1925 4852 1987 4906 in
2021 4851 2255 4907 Palania
2286 4868 2326 4905 a
2369 4851 2611 4909 Trinita-

662 4919 771 4975 riis
812 4919 1059 4987 separati
1106 4920 1219 4973 sim
1268 4917 1515 4975 Unitarii
1557 4922 1578 4986 (
1656 4960 1669 4973 .
1717 4919 1888 4975 Sana.
1921 4937 1976 4988 p.
2022 4920 2179 4987 211).·
2249 4921 2611 4979 cracovianae

664 4990 763 5043 ref.
800 4995 1030 5058 patrono
1074 4986 1399 5067 1688611816
1443 4993 1590 5069 caste
1702 5007 1735 5045 o
1759 4990 2026 5071 ‚Biecensi
2069 4997 2301 5072 repente
2340 4993 2610 5075 exstincto

663 5059 815 5180 {222⁸
828 5057 1713 5206 ..ffiflffissi'ffffissfflffi
1734 5058 2214 5196 13333333533.
2241 5060 2613 5184 3¹1}aequ

665 5200 939 5249 exercitus
989 5194 1100 5246 dux
1157 5210 1215 5245 1n
1267 5193 1412 5247 bello
1445 5193 1832 5250 Moschovitico
1865 5196 1983 5252 fuit.
2080 5197 2167 5264 Cf.
2213 5199 2445 5253 Lubias.
2490 5198 2610 5253 143.

671 5263 906 5387 02700172‘2'2
905 5260 1181 5402 fciam-23⁸&
1156 5261 1235 5384 αὲὶ
1266 5262 1692 5319 catholiciemam
1721 5266 2000 5321 redierunt
2035 5265 2220 5336 (Salia
2253 5266 2321 5322 11.
2357 5265 2499 5334 784).

2152 397 2680 468 ΕΡΙΒΤΟΒΔΕ
2724 400 3105 468 aava—387
3111 404 3148 467 5

4516 408 4627 470 572

3580 586 3784 660 8875.

3232 741 3732 813 SARNIOIUS
3774 743 4133 812 TRETIO.

2875 913 3175 981 Historia
3215 914 3571 997 perturbati
3625 919 3829 983 status
3875 917 4315 1000 polonicorum
4372 918 4638 987 ecclesia-

2705 1020 2850 1066 rum
2886 1005 3147 1085 propter
3188 1002 3609 1068 introductum
3656 1000 4202 1071 Servetanismum.
4229 1008 4281 1084 ¹)

2705 1171 2881 1239 (Exco
2951 1177 3067 1226 tum
3103 1175 3189 1227 est
3222 1187 3292 1226 ex
3325 1171 3500 1226 literis
3539 1173 3730 1229 Tretio
3764 1174 3945 1229 missis
3979 1179 4038 1227 et
4070 1175 4140 1228 ab
4157 1174 4323 1229 huius
4340 1178 4637 1232 amanuensi

2703 1243 2763 1297 in
2797 1242 2881 1295 Bu
2928 1242 3099 1311 'ngeri
3140 1257 3297 1295 usum
3339 1242 3688 1311 descriptum.
3758 1243 3958 1297 Exstat
4003 1244 4061 1297 in
4113 1244 4309 1298 eodem
4353 1244 4535 1299 codice
4582 1263 4637 1300 86

2977 1311 3307 1380 praecedens
3340 1312 3573 1380 epistola
3606 1312 3698 1366 fol.
3734 1311 3835 1367 151
3870 1320 3928 1367 61
3961 1329 4048 1382 ap.
4081 1312 4419 1375 Simlerum.)

2878 1483 3023 1549 Hoc
3065 1489 3141 1547 ut
3162 1482 3397 1548 melius
3437 1482 3768 1567 intelligas
3804 1503 3889 1549 ex
3931 1484 4286 1551 miserabili
4333 1493 4511 1550 statu
4549 1506 4640 1553 ec·

2707 1569 2942 1635 clesiae
2985 1577 3265 1645 nostrae,
3329 1567 3411 1634 de
3454 1589 3583 1652 quo
3639 1569 3774 1635 iam
3831 1571 3948 1638 tibi
4008 1569 4241 1649 dicam,
4308 1571 4636 1657 intelliges.
4682 1593 4685 1596 ’

2706 1655 2792 1721 In
2835 1653 3159 1738 prioribus
3202 1653 3410 1720 literis
3460 1655 3834 1738 complexus
3887 1677 4034 1722 sum
4090 1677 4167 1721 ea
4222 1676 4395 1740 quae
4437 1657 4543 1724 hic
4579 1659 4641 1722 in

2709 1740 3005 1807 absentia
3025 1761 3190 1820 mea,
3214 1738 3372 1805 dum
3411 1740 3485 1806 in
3518 1741 3792 1807 thermis
3827 1762 4058 1820 essem,
4080 1749 4228 1809 acta
4271 1751 4451 1809 sunt.
4513 1743 4643 1809 Iam

2708 1826 2865 1912 quid
2927 1833 3075 1910 post
3136 1825 3500 1893 adventum
3566 1848 3788 1893 meum
3850 1828 4251 1908 successerit,
4341 1829 4642 1913 quibusve

2706 1911 3300 1979 machinationibus
3355 1933 3478 1978 usa
3540 1914 3630 1978 sit
3693 1914 3973 1979 adversa
4030 1934 4184 1997 pars
4246 1916 4351 1980 ita
4426 1917 4640 1999 accipe.

2705 1999 2930 2083 Quum
2974 1995 3283 2065 vidissem
3347 1998 3484 2063 fere
3537 2020 3783 2079 omnes,
3851 2008 4126 2086 excepto
4174 1999 4395 2084 Sylvio
4433 2009 4639 2067 nostro

2705 2093 2773 2151 et
2830 2085 3080 2163 Albino,
3099 2087 3159 2160 ²)
3223 2084 3348 2150 hoc
3412 2084 3719 2170 dogmate
3781 2086 4052 2152 infectos
4115 2107 4277 2163 6886,
4372 2087 4639 2170 profecto

2704 2171 2988 2257 cogitavi
3048 2172 3179 2236 iam
3244 2171 3572 2253 privatam
3639 2172 3874 2238 ducere
3937 2173 4161 2238 vitam.
4251 2170 4443 2254 Quid
4484 2173 4640 2238 enim

2706 2258 2994 2325 facerem
3036 2276 3243 2340 quum
3289 2255 3584 2321 viderem
3648 2257 3773 2324 hoc
3831 2257 4079 2324 diluvio
4121 2264 4336 2324 totam
4379 2259 4640 2343 patriam

2702 2352 2996 2410 nostram
3039 2350 3299 2427 praeter
3332 2344 3644 2409 maiorem
3667 2343 4008 2409 Poloniam
4041 2344 4438 2410 inundatam
4471 2344 4636 2411 esse?

2707 2429 2903 2497 Solus
2968 2429 3348 2513 capitaneus
3391 2427 3988 2514 Maryenburqeroeis
4006 2433 4066 2505 ⁸)
4126 2451 4256 2495 una
4303 2450 4455 2496 cum
4497 2430 4639 2496 Gas-

2707 2516 2949 2583 1611886
2973 2515 3264 2581 Biecensi
3279 2517 3336 2595 ⁴)
3378 2521 3707 2580 mutatum
3747 2536 3957 2599 genus
3992 2515 4334 2582 doctrinae
4370 2517 4639 2602 graviter

2708 2603 3020 2669 tulerunt.
3111 2599 3396 2667 Vocatus
3439 2621 3586 2667 sum
3631 2600 3713 2666 ab
3758 2603 3852 2667 eis
3902 2600 4243 2685 aliquoties
4290 2609 4363 2668 61
4404 2623 4641 2669 mecum

2708 2688 3206 2773 expostularunt
3250 2685 3422 2770 quod
3479 2707 3586 2751 me
3630 2685 3713 2751 ad
3753 2688 3961 2754 vitam
4002 2688 4500 2771 speculativam,
4574 2696 4639 2752 ut

2715 2782 2963 2853 vocant,
3005 2793 3480 2857 componerem.
3561 2771 3882 2840 Similiter
3924 2772 4201 2839 Albinus
4241 2783 4475 2841 noster
4510 2794 4641 2840 cum

2715 2860 2931 2945 Sylvio
2973 2857 3058 2926 ad
3099 2880 3207 2925 me
3241 2860 3438 2924 toties
3477 2858 3791 2939 scribunt,
3832 2880 3940 2924 me
3978 2860 4352 2944 obiurgant,
4400 2861 4643 2926 hortan-

2711 2954 2840 3026 tur,
2885 2954 3172 3012 monent.
3263 2942 3537 3023 Smici,
3581 2945 4015 3025 obsecramus,
4079 2946 4315 3029 inquit,
4363 2954 4439 3011 ut
4480 2953 4641 3011 tuam

2708 3034 2920 3099 vitam
2983 3032 3199 3109 ducas,
3264 3051 3431 3113 quae
3495 3051 3627 3096 non
3697 3038 3815 3096 tua
3877 3031 3964 3097 sit
4028 3030 4143 3097 sed
4186 3032 4350 3099 Iesu
4394 3031 4640 3099 Christi.

2710 3118 2978 3186 Talibus
3018 3125 3085 3183 et
3127 3116 3446 3184 similibus
3499 3117 3844 3182 sententiis
3890 3137 3997 3183 me
4044 3119 4493 3202 exagitarunt.
4565 3117 4641 3182 Et

2710 3211 3066 3272 moverunt
3106 3223 3213 3268 me
3255 3204 3386 3268 ista
3427 3201 3646 3286 aliquo
3688 3202 3901 3281 modo,
3955 3223 4091 3268 non
4134 3212 4364 3271 tamen
4404 3223 4643 3288 permo-

2710 3297 2972 3371 verunt,
3018 3289 3225 3355 donec
3250 3289 3593 3373 G-reqmius
3607 3289 3666 3367 ⁵)
3710 3286 3969 3372 publice
4011 3309 4132 3372 pro
4173 3291 4490 3357 concione
4520 3309 4640 3357 coe-

2712 3378 2813 3463 pit
2855 3375 2936 3442 de
2976 3376 3255 3443 conflato
3277 3374 3421 3439 Deo
3463 3374 3814 3457 disputare,
3851 3384 3918 3439 et
3960 3375 4074 3458 qui
4117 3395 4306 3441 secus
4343 3377 4641 3442 sentirent

2714 3484 2828 3530 eos
2909 3482 3052 3528 esse
3116 3460 3481 3527 haereticos
3545 3469 3612 3526 et
3656 3459 4084 3527 Sabellianos.
4168 3460 4329 3526 Non
4393 3462 4639 3528 obscure

2710 3556 2931 3614 autem
2998 3568 3118 3614 nos
3182 3547 3435 3613 notavit
3477 3548 3589 3630 qui
3647 3546 3952 3614 docemus
4016 3552 4267 3629 patrem
4344 3547 4550 3614 filium
4586 3554 4642 3610 et

2710 3636 3012 3719 spiritum
3054 3643 3356 3700 sanctum
3400 3653 3543 3699 esse
3585 3653 3794 3697 unum
3839 3632 4077 3711 Deum,
4133 3641 4401 3699 servata
4443 3643 4639 3699 tamen

2710 3721 3123 3788 distinctione
3156 3738 3605 3802 personarum.
3672 3718 3821 3784 Hoc
3862 3716 4042 3782 enim
4076 3727 4175 3784 est
4209 3719 4309 3785 eis
4346 3721 4639 3786 conflatus

2711 3807 2897 3873 Deus
2938 3826 3140 3889 quum
3183 3803 3421 3869 dicitur
3465 3824 3607 3869 esse
3650 3824 3826 3870 unus
3870 3813 3936 3869 et
3970 3811 4123 3870 tres.
4189 3804 4380 3872 Haec
4420 3826 4520 3871 res
4551 3823 4640 3867 me

2713 3892 3090 3979 plurimum,
3155 3898 3222 3956 et
3275 3890 3436 3955 alios
3493 3909 3764 3973 quoque,
3831 3890 4196 3956 commovit.
4289 3892 4384 3956 Et
4426 3892 4505 3957 ab
4543 3888 4638 3953 illo

2711 3987 3002 4061 tempore
3055 3978 3267 4060 coepit
3321 3976 3481 4041 haec
3536 3977 3827 4059 quaestio
3879 3975 4189 4041 ventilari
4244 3979 4506 4059 passim,
4558 3975 4636 4039 ita

2710 4064 2884 4149 quod
2903 4068 2940 4101 ⁴*
2982 4062 3285 4131 nobilitas
3327 4062 3598 4127 minoris
3641 4061 3958 4127 Poloniae
3999 4071 4218 4128 coacta
4261 4063 4354 4127 sit
4396 4071 4635 4146 propter

2710 4149 3143 4235 pacificandos
3195 4149 3357 4214 istos
3409 4156 3625 4213 motus
3678 4147 4003 4232 synodum
4067 4148 4445 4232 generalem
4484 4145 4633 4212 indi-

2712 4256 2874 4302 cere.
2943 4237 3041 4303 Ac
3078 4244 3155 4300 ut
3187 4235 3448 4318 penitus
3484 4254 3590 4298 res
3624 4232 4058 4317 pervestigari
4091 4235 4315 4316 possit,
4351 4235 4630 4315 utrinque

2712 4322 2944 4389 delecti
2987 4328 3144 4386 sunt
3185 4342 3304 4386 sex
3346 4318 3634 4384 ministri
3677 4319 3789 4402 qui
3832 4318 4120 4396 Baliciis,
4150 4323 4207 4399 θ)
4246 4317 4631 4404 praesidente

2712 4409 3067 4475 castellano
3145 4405 3438 4472 Biecensi
3512 4413 3580 4471 et
3655 4406 3995 4488 capitaneo
4072 4401 4627 4489 Maryenburymsi,

2712 4503 2864 4560 ante
2927 4491 3251 4578 synodum
3308 4490 3681 4578 generalem
3727 4491 4051 4558 debebant
4094 4490 4201 4556 vel
4243 4489 4630 4558 concordiam

2708 4715 2968 4785 3875.1)
3003 4715 3158 4771 Haec
3189 4714 3477 4782 inscriptio
3509 4728 3575 4768 cx
3611 4714 3736 4783 ipso
3771 4710 3969 4768 Codice
4001 4713 4289 4782 desumpta
4324 4718 4419 4769 est.
4464 4713 4473 4716 “

2913 4784 2976 4852 2)
3017 4784 3286 4839 Matthias
3318 4783 3555 4838 Albinus
3593 4798 3643 4837 v.
3680 4783 3733 4837 d.
3769 4798 3838 4835 m.
3872 4782 4272 4837 Ivanowicziae
4311 4795 4483 4851 prope
4515 4777 4627 4834 cra·

2707 4856 2918 4912 soniam
2952 4868 3005 4908 a.
3046 4852 3182 4907 1565
3215 4853 3638 4908 controversiam
3661 4852 3917 4906 excitavit
3948 4851 4015 4905 de
4033 4851 4305 4920 baptismo
4338 4865 4486 4919 quem
4514 4861 4627 4900 now

2707 4926 2824 4979 nisi
2855 4922 3193 4978 credentibus
3228 4925 3281 4976 et
3305 4921 3710 4990 poeniteamus
3744 4920 4243 4976 administrandum
4287 4933 4399 4975 eece
4431 4916 4628 4972 dicebat-

2701 4993 2873 5062 (Μ.
2909 4989 3165 5114 137θὲ1611-
3203 5058 3524 5130 Myscovius
3554 5056 3657 5126 (id.
3697 5057 3836 5123 133).

2912 5128 2950 5181 4
3007 5129 3090 5182 Io.
3126 5127 3371 5195 Bonaro,
3406 5129 3554 5183 arctis
3591 5126 3966 5181 Graeooiensis
3995 5140 4193 5194 maone
4265 5128 4567 5180 roan-aiore.

2852 5267 2865 5280 Ο
2916 5196 2975 5265 5)
3012 5197 3241 5263 Paulus,
3277 5215 3326 5251 v.
3364 5196 3420 5252 d.
3451 5213 3520 5251 m.
3559 5195 3937 5252 cracoviensis
3988 5195 4076 5264 (N.
4109 5193 4215 5249 385
4253 5232 4265 5246 .
4306 5192 4455 5248 3865.
4495 5185 4628 5245 3866.

2713 5266 3068 5403 malli.
3085 5265 3542 5405 ’ῗὲἔὰςῗὸῗζὲᾱ
3577 5331 3694 5389 142.
