4850 6117
247 413 359 479 225

249 622 420 685 quem
475 600 598 665 etsi
641 598 946 665 lethalem
991 619 1132 664 esse
1177 607 1419 684 negant
1461 600 1714 678 medici,
1781 597 2166 664 diuturnum

248 702 453 752 tamen
510 686 643 751 fore
700 685 988 751 coniicio.
1078 683 1361 751 Gratum
1423 687 1608 752 nobis
1662 687 1805 762 erit,
1871 685 1929 750 si
1968 705 2168 767 quam

288 774 513 837 rimum
579 769 754 836 adsit
812 770 924 854 qui
989 769 1301 837 Baducllo
1355 769 1674 837 succedat.
1773 770 2090 837 Barmaeo
2108 769 2167 854 ὅ)

267 859 571 923 iteratum
616 877 778 939 quas
821 857 1072 923 ferebat
1111 856 1512 939 exemplaria
1552 855 1808 936 tradidi,
1853 877 2018 938 quae
2053 856 2168 922 tibi

244 944 550 1009 redderet.
607 941 1133 1009 Describendum
1154 944 1349 1008 etiam
1383 945 1626 1022 curavi,
1650 941 1824 1027 quod
1847 941 2170 1009 Balduino

245 1028 719 1111 responderam:
785 1041 864 1093 ut
918 1027 1073 1094 inde
1115 1034 1437 1093 statueres
1481 1027 1808 1112 aliquidne
1861 1029 2171 1112 temporis

244 1116 432 1181 velles
487 1112 780 1198 perdere,
846 1111 1002 1179 dum
1060 1113 1177 1178 tibi
1237 1114 1431 1196 paulo
1475 1115 1621 1198 plus
1663 1116 1780 1180 otii
1825 1114 1952 1181 erit
1996 1113 2169 1196 apud

243 1215 500 1285 patrem.
591 1200 937 1265 Venerunt
999 1199 1129 1266 huc
1194 1200 1618 1278 Parisienses‚
1687 1202 1795 1283 qui
1861 1200 1941 1264 ad
2014 1200 2170 1265 Pas·

244 1289 397 1353 sium
415 1291 469 1366 ⁹)
536 1283 1025 1351 extrahendum
1075 1285 1262 1352 missi
1302 1287 1591 1351 fuerant:
1657 1306 1880 1352 eorum
1940 1297 2170 1370 rogatu

244 1372 773 1439 Uxelodunenses
797 1374 878 1446 ¹⁰)
919 1371 1228 1437 hortabor
1260 1382 1338 1436 ut
1379 1393 1525 1437 eum
1570 1372 1919 1436 dimittant.
1995 1370 2167 1454 Ipse,

244 1467 312 1524 ut
387 1458 595 1534 audio,
675 1457 940 1523 66661116
1010 1467 1231 1523 nostro
1307 1457 1796 1541 obtemperabit.
1905 1456 2171 1523 Habent

245 1544 426 1611 etiam
458 1543 684 1610 literas
728 1542 963 1626 quibus
1006 1542 1361 1608 accersitur
1422 1541 1688 1609 Viretus.
1717 1547 1802 1622 ¹¹)
1886 1543 2171 1608 Senatus

244 1630 525 1712 permisit
584 1640 660 1694 ut
713 1629 1019 1694 Lutetiae
1075 1639 1393 1695 transeat:
1463 1630 1556 1694 616
1613 1641 1831 1694 tamen
1893 1640 1967 1692 ut
2019 1648 2169 1692 eum

244 1722 470 1781 aestate
549 1729 904 1796 recuperet.
1006 1716 1419 1780 Turonenses
1492 1716 1690 1780 etiam
1750 1715 2172 1780 vehementer

244 1799 639 1866 contendunt
683 1801 765 1865 de
808 1800 1133 1877 Acanthio,
1160 1801 1242 1874 ¹²)
1289 1821 1481 1882 quem
1526 1810 1760 1884 putant
1802 1801 1926 1866 sibi
1970 1798 2171 1865 fuisse

245 1885 583 1964 addictum,
628 1907 827 1968 quum
873 1908 913 1950 a
953 1906 1059 1951 me
1103 1897 1369 1970 rogatus
1411 1886 1537 1951 fuit
1571 1897 1647 1952 ut
1682 1885 1762 1950 ad
1801 1908 1909 1951 eos
1944 1906 2172 1951 conce-

245 1974 441 2122 del-edi
515 1973 612 2037 Et
660 1985 837 2039 certe
892 1970 1200 2038 videntur
1240 1971 1644 2037 Parisienses
1698 1994 1841 2038 esse
1894 1972 2173 2035 nimium

243 2077 375 2140 cupi
446 2106 460 2122 .

398 2144 639 2208 Finem
662 2143 973 2225 epistolae
994 2144 1283 2208 facturus
1319 2143 1398 2208 ad
1438 2154 1502 2207 te
1530 2142 1741 2208 redeo.
1801 2141 2173 2208 Prudenter

246 2243 308 2294 tu
326 2229 586 2311 quidem
607 2228 781 2312 quod
804 2227 994 2308 ultro,
1031 2229 1262 2294 alienis
1297 2228 1874 2294 consultationibus
1896 2228 2171 2305 omissis,

247 2337 394 2397 quae
467 2315 824 2381 functionis
887 2329 1149 2380 nostrae
1213 2314 1479 2398 propria
1543 2325 1700 2380 sunt
1763 2314 2173 2397 amplecteris

244 2415 498 2484 utroque
548 2400 833 2466 brachio.
902 2399 1016 2466 Sic
1055 2411 1271 2466 tamen
1317 2401 1398 2466 ab
1442 2399 1588 2465 aliis
1630 2401 1802 2466 curis
1846 2400 2173 2466 abstineas

244 2486 445 2567 velim,
503 2496 585 2550 ut
624 2507 759 2551 non
802 2484 996 2550 modo
1039 2486 1204 2552 scias
1244 2485 1555 2570 quidquid
1600 2486 1868 2571 geritur,
1914 2483 2030 2551 sed
2087 2506 2171 2551 ne

244 2579 302 2638 te
353 2570 707 2639 occultiora
764 2591 1023 2655 quoque
1065 2572 1325 2637 lateant.
1415 2572 1632 2637 'Duum
1671 2572 1847 2638 enim
1891 2578 1994 2637 est
2034 2591 2169 2635 666

242 2664 479 2724 tantum
512 2657 633 2723 ubi
675 2667 1009 2740 peecatum
1054 2658 1142 2723 sit
1182 2657 1347 2722 vitia
1384 2657 1728 2742 corrigere,
1789 2656 1903 2724 sed
1946 2676 2174 2724 occur-

244 2764 373 2809 rere
420 2742 654 2809 multis
707 2743 914 2808 malis.
1003 2741 1199 2825 Quod
1256 2753 1320 2809 te
1375 2743 1666 2809 affirmas
1723 2763 1979 2827 semper
2021 2764 2171 2809 nos-

243 2836 402 2896 trum
443 2829 608 2908 fore,
655 2828 735 2895 de
780 2829 999 2895 animo
1043 2839 1158 2894 tuo
1201 2850 1332 2894 non
1376 2829 1565 2894 aliter
1609 2829 1946 2896 existimat
1984 2849 2170 2895 sena-

244 2921 357 2993 tus,
408 2936 529 2981 nec
576 2914 931 3000 quidquam
975 2915 1316 2980 sinistrum
1362 2936 1473 2982 sus
1519 2915 1674 2982 icati
1717 2923 1871 2981 sunt
1907 2915 2166 2999 fratres:

243 3000 343 3067 ssd
400 3000 787 3068 metuebant
841 3021 925 3066 ne
980 3010 1053 3067 tu
1104 3022 1359 3086 quoque
1426 2937 1593 3066 liger
1644 3021 1836 3067 esses.
1938 2999 2170 3083 Itaque

242 3085 431 3153 literis
486 3087 628 3153 tuis
681 3085 922 3153 auditis
980 3086 1254 3152 mirifice
1310 3087 1532 3151 laetati
1590 3095 1746 3152 6666
1799 3107 1875 3153 66
1917 3087 1974 3150 61
2016 3084 2170 3168 quid

242 3173 378 3238 novi
433 3171 713 3238 allatum
770 3187 959 3238 esset.
1046 3171 1388 3255 Equidem,
1456 3173 1662 3239 donec
1726 3179 1793 3238 te
1848 3191 2169 3255 recepero,

244 3257 491 3326 videbor
538 3256 705 3324 mihi
748 3258 965 3325 666616
1051 3256 1326 3325 uomodo
1370 3258 1740 3325 destitutus.
1823 3256 2009 3335 Vale,
2054 3276 2172 3340 op·

242 3343 383 3410 time
425 3352 493 3410 et
546 3344 971 3429 integerrime
1032 3353 1226 3409 rater.
1293 3344 1603 3430 Collegae
1637 3344 1843 3410 nostri
1879 3354 1946 3409 et
1979 3344 2171 3409 amici

246 3439 298 3496 te
336 3438 753 3514 peramanter
794 3430 1104 3497 salutant:
1151 3430 1320 3495 inter
1363 3429 1524 3496 alios
1564 3428 1870 3509 MarchiO,
1906 3430 2018 3511 qui
2052 3428 2170 3493 tri·

242 3515 375 3598 plici
395 3523 726 3600 quartana
764 3515 978 3583 adhuc
1022 3515 1289 3596 laborat,
1326 3517 1492 3581 citra
1527 3514 1889 3599 periculum
1927 3525 2167 3594 tamen,

242 3609 306 3666 ut
334 3602 741 3668 confidimus.

392 3686 562 3753 Dux
628 3686 1084 3771 Lonyacvillae,
1113 3687 1199 3770 ¹⁸)
1266 3688 1377 3769 qui
1443 3707 1560 3753 nos
1625 3686 1908 3752 invisere
1972 3706 2171 3753 ausus

244 3792 357 3838 non
413 3785 535 3853 est,
595 3771 797 3839 donec
862 3773 1151 3838 Bernam
1206 3772 1534 3856 profectus
1576 3783 1751 3838 esset
1805 3771 1887 3837 ad
1942 3772 2169 3839 foedus

243 3856 698 3938 renovandum,
758 3858 944 3923 brevi
1011 3855 1133 3945 [sc]
1179 3857 1288 3923 hic
1328 3859 1625 3923 futurum
1670 3859 1946 3941 scripsit.
2036 3856 2169 3923 Gu-

241 3945 421 4025 piunt
458 3946 608 4029 ipse
650 3953 719 4010 66
758 3952 968 4009 mater
1011 3964 1117 4009 me
1158 3943 1348 4010 initio
1390 3942 1734 4010 Februarii
1769 3945 2169 4010 Neocomum

245 4027 483 4111 ducere,
531 4039 608 4096 ut
660 4029 912 4114 synodo
968 4031 1282 4095 intersim.
1387 4028 1525 4094 Vix
1576 4041 1805 4112 potero
1860 4030 2165 4114 effugere,

245 4116 381 4196 quia
441 4123 710 4183 senatus
774 4137 910 4181 non
975 4116 1254 4200 negabit.
1346 4115 1692 4182 Nemorsus
1714 4119 1799 4198 ¹⁴)
1864 4116 2165 4182 timorem

244 4201 505 4268 simulat.
639 4201 881 4267 Portae
954 4200 1176 4284 oppidi
1261 4199 1610 4287 diligenter
1687 4201 2164 4267 custodiuntur.

242 4283 450 4372 Nuper
494 4286 835 4355 ‚sabaudus
917 4287 1108 4354 iussit
1164 4307 1397 4353 currus
1450 4308 1675 4353 omnes
1740 4301 1806 4353 et
1869 4286 2167 4354 vehicula

245 4369 656 4440 Gameracum
719 4370 970 4440 adduci.
1061 4371 1389 4454 Quorsum
1455 4373 1613 4438 haec
1680 4375 1897 4438 omnia
1958 4373 2165 4439 nesci—

241 4477 390 4524 mus.
470 4458 726 4524 Iterum
772 4467 968 4542 atque
1011 4459 1246 4538 iterum
1290 4458 1450 4537 vale,
1488 4460 1909 4543 integerrime
1943 4460 2163 4524 frater.

433 4714 493 4782 8)
530 4715 595 4768 Ν.
631 4713 784 4768 3662.
821 4713 975 4771 3671.

433 4782 493 4848 9)
536 4782 791 4852 Spifame.

402 4852 494 4921 10)
528 4852 838 4919 Issoudun,
909 4853 1006 4908 ubi
1069 4852 1372 4922 Spifamitoe
1431 4852 1729 4907 ministerio
1787 4852 2010 4918 functus
2072 4856 2167 4908 cst.

245 4916 452 4985 (Bana.
486 4920 580 4975 IX.
617 4920 720 4976 297
756 4922 853 4978 aba·
897 4928 1077 4977 tamea
1117 4920 1309 4976 vitiose
1349 4920 1423 4974 Μ.
1460 4920 1529 4975 (16
1564 4921 1699 4974 Pani
1744 4920 2004 4989 scriptum
2049 4921 2170 4989 cst.)

403 4987 490 5052 11)
532 4989 665 5059 Rcy.
716 4989 794 5044 du
851 4989 1064 5045 0666612
1113 4988 1196 5043 30.
1253 4988 1384 5044 Dec.
1438 4990 1535 5044 ubi
1581 4989 1819 5053 refertur
1881 4986 2165 5043 Calvinum

248 5053 625 5113 dimmiorem
661 5060 961 5114 absentiam
1014 5060 1180 5113 Vir-cti
1211 5075 1324 5112 non
1357 5061 1628 5118 probasse.

407 5124 498 5195 12)
530 5128 598 5182 dc
630 5127 896 5196 FEspt'nc,
931 5129 1030 5198 qui
1058 5134 1182 5197 post
1203 5127 1304 5182 coll
1375 5131 1525 5180 utum
1542 5127 1897 5182 Possiaccnsc
1926 5128 2168 5195 primum

250 5197 302 5243 in
338 5193 472 5316 17'01233
624 5195 917 5319 -ιέἐξὸηιτε,
970 5202 1159 5264 postea
1197 5195 1358 5263 Rupe
1399 5197 1448 5248 ⁸⁹⁸
1482 5197 1783 5250 ministerio
1815 5196 2040 5260 functas
2074 5201 2166 5249 cst.

410 5330 495 5394 14)
532 5332 593 5385 N.
631 5331 781 5387 3699.
819 5333 971 5386 3608.

443 5416 665 5474 calvam·
683 5433 870 5487 opera.
953 5419 1063 5476 νοτ.
1099 5417 1267 5474 xlx.

1919 413 2076 477 1561
2125 409 2528 478 DEOEMB.

4088 414 4214 476 226

2272 599 2601 666 Dominus
2636 600 2755 667 tibi
2789 622 3044 683 semper
3077 600 3266 676 adsit,
3305 609 3370 665 66
3403 606 3589 683 regat
3621 609 3688 666 et
3720 606 3998 699 tueatur,
4035 600 4216 666 labo-

2271 706 2467 837 333¹?
2468 685 3150 839 ‘'zioffl‘laffissff‘lisssssszo
3177 686 3817 855 ἷξῗὲἶὲῗιὲὀῗᾚὲ
3822 685 4215 837 2111ῗῖῗὲ

2271 857 2547 923 materia
2602 859 2905 942 suppetit.
2996 859 3266 924 Utinam
3319 857 3513 924 citius
3572 857 3956 941 expediatur
4016 877 4212 939 quam

2271 964 2358 1007 ex
2421 945 2562 1009 eius
2605 943 2811 1009 literis
2855 944 3109 1027 collige.
3191 943 3269 1010 si
3309 943 3550 1026 poterit
3590 943 3841 1009 interea
3881 963 4034 1009 cum
4077 943 4213 1008 suis

2271 1030 2352 1093 de
2408 1042 2683 1112 paterna
2740 1029 3142 1096 haereditate
3199 1030 3582 1113 transigere,
3640 1031 3805 1096 bene
3854 1034 3922 1093 et
3963 1027 4215 1093 utiliter

2272 1114 2398 1180 sibi
2453 1117 2760 1182 consulet.
2862 1116 3088 1182 Unum
3140 1115 3504 1181 omiseram.
3590 1112 3902 1197 Ganayus,
3962 1113 4215 1180 abiecta

2272 1199 2597 1284 legatione
2641 1201 2813 1284 apud
2857 1222 2979 1268 nos
3021 1221 3288 1266 manere
3330 1201 3635 1279 instituit,
3699 1198 3903 1265 (16666
3947 1220 4097 1265 cum
4138 1199 4215 1263 li-

2270 1287 2452 1365 teris,
2494 1285 2875 1369 quibuscum
2930 1287 3199 1371 longum
3260 1286 3609 1353 divortium
3653 1287 3823 1364 fecit,
3879 1285 4103 1351 redeat
4143 1285 4215 1349 in

2272 1372 2568 1453 gratiam.
2627 1374 2931 1438 Alterum
2967 1381 3188 1438 tamen
3226 1393 3342 1439 suo
3380 1371 3521 1439 1666
3555 1373 3761 1437 mittit
3795 1371 3878 1436 ad
3916 1370 4212 1437 Virctum.

2273 1456 2457 1523 Haec
2513 1468 2612 1523 est
2663 1480 2811 1524 mea
2877 1459 3164 1525 brevitas
3221 1458 3304 1523 de
3361 1479 3491 1541 qua
3546 1458 3878 1540 praefatus
3940 1457 4213 1522 fueram.

2271 1543 2497 1609 Pridie
2540 1543 2865 1611 Calendas
2906 1544 3197 1610 Ianuarii
3245 1547 3426 1608 1562.
3455 1547 3540 1627 ¹⁵)

3174 1679 3449 1748 Carolus
3492 1677 3825 1747 Passelius
3869 1687 4039 1746 tuus.

3144 2225 3344 2295 3680.

2736 2396 3267 2466 GALLASIUS
3315 2396 3749 2465 OALVINO.

2451 2570 2809 2638 Londinam
2849 2569 3196 2653 relinquere
3236 2570 3576 2635 meditatur
3629 2576 3685 2634 et
3741 2573 3816 2638 de
3869 2590 4214 2637 successore

2275 2658 2555 2724 ecclcsiae
2587 2655 2928 2739 prospexit.
3197 2689 3206 2694 -

2560 2829 2671 2893 (nx
2708 2803 3043 2895 autographo
3078 2826 3211 2882 ood.
3250 2826 3453 2883 οων.
3489 2826 3607 2896 112,
3640 2828 3731 2882 fol.
3769 2825 3913 2895 189.)

2616 3000 2678 3062 A
2722 2996 3063 3064 Monsieur
3104 2998 3446 3065 Monsieur
3490 2998 3886 3084 Despeville.

2447 3168 2517 3235 S.
2586 3169 2683 3236 Ut
2745 3171 2992 3237 reditus
3055 3188 3243 3237 meus
3306 3177 3536 3254 gratus
3599 3171 3725 3236 fuit
3789 3171 4058 3252 nostris,
4125 3172 4221 3237 ita

2276 3276 2451 3322 nunc
2485 3254 2564 3322 de
2599 3254 2888 3323 discessu
2929 3258 2999 3322 16
3038 3254 3326 3321 Galliam
3362 3258 3411 3332 ¹)
3457 3258 3701 3323 mentio
3744 3259 3903 3341 ipsis
3943 3258 4220 3324 molesta

2276 3348 2392 3408 est.
2465 3342 2890 3410 Turbulentis
2924 3341 3187 3428 quidem
3233 3351 3300 3408 et
3340 3342 3628 3409 factiosis
3661 3343 3830 3409 nihil
3873 3343 4220 3429 optabilius

2273 3449 2469 3512 quam
2515 3435 2589 3492 ut
2632 3429 2761 3494 cito
2807 3428 3050 3502 abeam,
3097 3434 3293 3510 atque
3338 3428 3434 3494 ita
3477 3449 3595 3494 suo
3638 3429 3956 3496 arbitratu
4001 3431 4221 3496 omnia

2273 3534 2502 3598 gerere
2565 3515 2833 3597 possint.
2945 3512 3079 3580 Sed
3144 3512 3505 3579 Dominum
3584 3516 3679 3580 ita
3753 3514 4218 3600 impediturum

2273 3600 2544 3666 consilia
2584 3601 2873 3684 ipsorum
2924 3619 3134 3682 spero,
3193 3606 3269 3664 ut
3324 3621 3588 3685 gregem
3633 3601 3811 3669 hunc
3852 3609 4213 3670 conservet.

2271 3688 2417 3772 Ego
2464 3708 2619 3754 vero
2663 3697 2816 3753 ante
2851 3685 3207 3753 discessum
3242 3705 3465 3752 meum
3499 3707 3762 3764 omnem
3795 3708 4061 3772 operam
4093 3689 4217 3752 im-

2269 3772 2554 3857 pendam
2596 3794 2724 3856 qua
2781 3773 2842 3837 ei
2897 3773 2962 3836 in
3032 3779 3367 3855 posterum
3437 3773 3691 3840 consuli
3757 3781 3823 3840 et
3882 3774 4218 3858 provideri

2271 3860 2490 3941 possit.
2589 3858 2839 3926 Nactus
2895 3879 3043 3925 sum
3101 3858 3438 3923 hominem
3491 3860 3650 3925 satis
3706 3858 3966 3926 doctum
4020 3868 4216 3944 atque

2270 3953 2344 4008 ut
2401 3944 2680 4010 arbitror
2738 3944 3077 4011 cordatum
3133 3963 3329 4026 quem
3395 3944 3786 4011 substituam
3843 3966 3989 4011 meo
4053 3945 4214 4013 1666.

2268 4030 2355 4094 Ei
2396 4051 2639 4097 nomen
2683 4038 2784 4097 est
2825 4028 3158 4097 Adrianus
3209 4028 3575 4107 Sam-avius,
3597 4033 3654 4113 2)
3699 4030 3942 4097 Hedmi
3997 4041 4209 4113 natus,

2266 4118 2379 4200 qui
2421 4121 2490 4183 et
2518 4115 2854 4201 Belgicam
2897 4124 2966 4182 et
2998 4114 3414 4182 Flandricam
3457 4116 3752 4202 linguam
3794 4123 3992 4183 tenet.
4063 4117 4213 4185 Iam

2267 4200 2668 4286 aliquamdiu
2724 4202 2900 4266 inter
2954 4208 3213 4267 nostros
3257 4209 3558 4267 versatus
3603 4208 3722 4280 est,
3780 4201 3875 4267 ita
3918 4212 3989 4268 ut
4034 4206 4212 4271 vitae

2267 4309 2420 4354 suae
2488 4290 2926 4353 testimonium
2993 4285 3234 4352 habere
3296 4287 3515 4370 possit.
3611 4289 3824 4372 Atque
3889 4290 4020 4355 iam
4083 4291 4213 4374 piis

2437 4577 2523 4640 15)
2561 4578 2772 4647 Anytus
2807 4578 2964 4634 habet
2998 4578 3081 4633 31.
3118 4579 3253 4633 Nov.
3293 4576 3452 4646 (niel)
3495 4578 3642 4648 quod
3687 4595 3799 4634 non
3841 4582 3975 4638 vitio
4020 4599 4209 4652 opora-

2268 4660 2391 4698 rum
2444 4646 2787 4700 tribuendam
2963 4663 3012 4699 m
3066 4651 3365 4717 sequantur
3408 4647 3599 4702 literae
3643 4664 3711 4701 m.
3765 4647 3898 4704 Dec.
3955 4655 4207 4721 scriptae.

2269 4714 2458 4768 8680.
2479 4715 2538 4772 1)
2583 4713 2731 4783 Quid
2817 4716 2826 4729 ’
2897 4716 3115 4770 consilii
3155 4731 3216 4770 co
3262 4720 3493 4783 tempore
3526 4717 3731 4786 cepisse
3763 4733 3884 4772 cum
3916 4721 4210 4776 coniecerit

2268 4790 2482 4838 constat
2514 4800 2633 4838 cum
2667 4784 2877 4866 demum
2922 4801 2973 4837 a.
3022 4782 3159 4866 1563
3195 4784 3454 4840 Londino
3498 4785 3826 4841 valcas-‘usse
3858 4793 3909 4840 et
3943 4805 4092 4844 anno
4126 4806 4206 4846 ce·

2266 4856 2460 5002 {limae
2472 4853 2772 4976 fulv—'oswen‘
2797 4867 2940 4975 gite?-
2973 4867 3380 5003 congraum&
3413 4922 3662 4992 Bclyicos
3693 4923 3878 4979 clarus
3910 4931 3960 4979 et
3996 4924 4206 4984 Gnido-

2264 5001 2358 5042 ms
2391 4988 2459 5041 de
2548 5003 2637 5042 rcs
2677 4988 3036 5044 collaborator
3081 5007 3143 5045 m
3188 4990 3581 5048 conseo-somata
3622 4992 3956 5056 confessione
3999 4996 4206 5065 belqica

2268 5055 2419 5111 1562.
2479 5056 2610 5124 Ipse
2643 5057 2711 5113 dc
2744 5072 2801 5112 66
2833 5058 3051 5115 scribit:
3085 5060 3202 5130 Ego
3228 5076 3316 5114 me
3348 5059 3494 5116 illius
3527 5060 3879 5120 confessionis
3913 5078 3980 5117 ex
4085 5066 4098 5078 “
4160 5067 4172 5080 ·

2266 5144 2432 5180 unum
2468 5126 2631 5179 fuisse
2668 5126 2943 5182 autoribus
2977 5128 3240 5197 profiteor
3273 5130 3414 5183 sicut
3446 5135 3504 5183 et
3537 5131 3610 5184 H.
3647 5129 3941 5186 Modestus.
4058 5135 4201 5189 escio

2268 5212 2335 5249 an
2370 5196 2555 5265 plnres
2592 5194 2705 5248 sint
2739 5196 3077 5264 superstites.
3160 5198 3265 5252 Illa
3309 5200 3486 5266 primo
3527 5198 3632 5251 fuit
3667 5200 3876 5253 conseri
3919 5206 3973 5253 ta
4008 5203 4201 5270 gallico

2267 5280 2516 5318 sermone
2560 5282 2594 5316 a
2640 5265 2702 5319 G.
2750 5266 2820 5319 de
2858 5267 2992 5319 Bres
3037 5272 3130 5320 ctc.
3242 5267 3346 5334 Ep.
3393 5268 3469 5320 ad
3521 5265 3812 5338 Uyrenboq.
3857 5218 3913 5322 J)
3957 5267 4010 5323 d.
4057 5271 4204 5329 Ideo.

2268 5335 2405 5402 Apr.
2441 5332 2578 5387 1612
2612 5336 2675 5388 in
2713 5334 3022 5391 Praestent.
3055 5337 3159 5391 vir.
3336 5377 3347 5388 .
3380 5336 3550 5390 Amet.
3590 5334 3738 5389 1684.
3777 5335 3887 5407 Ep.
3924 5336 4066 5406 181.)

3738 5419 3800 5475 16
