4850 6117
276 406 389 470 841

278 613 381 659 nes
433 588 526 655 ita
581 611 650 656 se
707 590 890 675 prius
943 590 1227 655 sensisse
1282 589 1600 670 dicebant,
1667 611 1844 659 nnnc
1902 609 2060 659 vero
2125 612 2197 660 se

275 676 512 763 plenius
590 696 728 743 rem
807 682 1013 741 totam
1077 673 1460 761 intelligere,
1548 675 1701 760 quia
1782 676 1935 744 nodi
2001 676 2197 745 soluti

273 775 460 831 erant.
562 761 849 827 Tantum
915 761 1154 847 viginti
1217 769 1333 827 aut
1394 762 1667 847 triginta
1730 763 1814 829 ad
1865 783 2196 830 summum

270 848 503 916 factiosi
548 854 616 913 et
657 847 972 915 cervicosi
1014 847 1332 926 homines,
1378 869 1542 933 quos
1585 846 1669 914 ad
1711 869 1783 915 se
1825 850 2197 917 Alexander

272 935 567 1014 illexerat,
624 941 691 1000 et
735 954 896 1019 quos
953 932 1131 999 haud
1189 934 1416 1020 magni
1466 935 1626 1002 facit
1682 935 1970 1015 ecclesia,
2026 936 2192 1002 mihi

158 1043 181 1064 ··
270 1019 826 1087 adversabantur.·
880 1020 1103 1085 Tertio
1147 1039 1376 1086 causae
1438 1021 1730 1087 incertae
1782 1020 2193 1089 animadver—

270 1108 463 1173 tebam
504 1104 882 1172 incertiores
926 1105 1062 1171 fore
1104 1106 1370 1184 iudices,
1415 1128 1535 1173 nec
1577 1128 1996 1191 congressum
2043 1130 2192 1175 nos-

268 1206 428 1258 trum
485 1192 660 1257 aliud
718 1212 913 1276 quam
956 1192 1154 1256 inane
1198 1202 1313 1258 aut
1355 1192 1706 1258 ridiculum
1749 1194 2191 1277 spectaculum

267 1279 406 1343 fore.
479 1275 560 1342 Id
602 1278 733 1343 iam
779 1278 939 1344 satis
976 1285 1285 1362 expertus
1328 1298 1509 1346 eram
1552 1279 1803 1362 quoties
1847 1280 2061 1364 ipsum
2109 1279 2192 1346 ad

266 1365 614 1447 episcopum
676 1365 932 1430 vocavi:
990 1363 1103 1429 ubi
1148 1364 1435 1449 profecto
1486 1383 1679 1448 saepe
1732 1365 1895 1431 mihi
1953 1373 2191 1432 stoma-

264 1449 440 1517 chum
482 1449 838 1516 mendaciis
883 1450 1036 1528 suis,
1095 1451 1209 1515 sed
1260 1450 1603 1534 percrebro
1645 1452 1844 1517 etiam
1900 1452 2190 1537 splenem

264 1535 523 1602 stultitia
556 1556 678 1601 sua
710 1545 777 1601 et
813 1535 1078 1619 ineptiis
1112 1538 1451 1621 permovit.
1520 1535 1999 1604 Sustinendum
2037 1560 2192 1624 ergo

261 1622 432 1688 nobis
464 1623 691 1689 censui
722 1641 798 1686 ac
832 1620 1349 1705 exspectandum
1374 1623 1595 1701 donec,
1630 1623 1729 1688 uti
1764 1635 2083 1710 coeperat,
2121 1646 2191 1690 se

260 1708 451 1792 magis
495 1707 834 1791 proderet:
920 1708 1059 1773 fore
1103 1709 1300 1787 enim,
1369 1706 1523 1773 dum
1571 1708 2035 1794 negligeretur,
2118 1721 2192 1776 ut

260 1794 511 1879 gravius
566 1801 938 1878 erumperet
995 1815 1069 1861 ac
1134 1816 1204 1860 se
1259 1794 1651 1879 patefaceret
1693 1795 1775 1860 iis
1818 1798 1926 1879 qui
1972 1798 2189 1881 ipsum

258 1879 531 1945 nondum
594 1880 756 1947 satis
809 1887 1030 1963 aperte
1089 1887 1425 1946 noverant.
1514 1879 1708 1962 Quod
1752 1882 2040 1964 profecto
2081 1904 2188 1948 me

260 1987 374 2030 non
435 1965 686 2031 fefellit.
775 1967 941 2032 Erat
998 1974 1216 2032 autem
1274 1977 1340 2031 et
1382 1966 1562 2031 aliud
1606 1986 1805 2051 grave
1850 1968 2186 2052 negotium

259 2051 405 2134 quod
450 2052 774 2119 facessere
831 2062 1134 2135 coeperat
1187 2052 1496 2130 diaconis,
1562 2052 1800 2117 falsum
1855 2074 2187 2121 rumorem

260 2135 590 2204 adversum
634 2139 810 2223 ipsos
866 2159 1203 2224 spargens,
1270 2159 1509 2222 eosque
1569 2138 1955 2206 insimulans
1999 2142 2185 2224 quasi

258 2223 459 2289 minus
500 2222 785 2290 fideliter
817 2225 1165 2309 pecuniam
1201 2225 1701 2293 ecelesiasticam
1737 2224 2186 2293 administras·

258 2321 402 2375 sent.
501 2310 609 2375 De
666 2309 789 2376 hoc
846 2311 1005 2396 ipsis
1064 2319 1216 2377 ante
1273 2312 1492 2377 omnia
1552 2310 1885 2395 agendum
1940 2313 2183 2393 censui,

258 2396 389 2475 quia
428 2415 535 2460 me
581 2395 850 2461 absente
892 2416 1024 2461 non
1068 2396 1257 2462 facile
1309 2418 1381 2462 se
1436 2407 1574 2463 tam
1629 2399 1818 2482 gravi
1861 2398 2186 2464 calumnia

257 2479 573 2546 Hberaturi
634 2491 842 2547 erant.
946 2481 1403 2568 Significatum
1461 2493 1563 2548 est
1618 2484 1639 2546 i
1692 2485 1823 2548 ‘tur
1875 2484 2183 2551 ecclesiae

258 2565 538 2634 diaconos
607 2576 827 2650 petere
884 2576 957 2634 ut
999 2569 1110 2634 alii
1155 2568 1603 2652 deligerentur
1643 2590 1715 2634 in
1759 2572 2049 2654 ipsorum
2092 2571 2185 2637 lo-

257 2673 404 2731 cum,
449 2676 525 2720 ae
568 2655 868 2735 quamvis
911 2655 1186 2739 singulis
1230 2655 1563 2721 mensibus
1607 2652 2044 2722 reddidissent
2077 2677 2181 2722 ra-

256 2739 459 2816 tiones,
503 2751 724 2804 tamen
769 2739 852 2805 ad
895 2739 1292 2813 obstruenda
1332 2741 1622 2806 omnium
1668 2761 1783 2805 ora
1824 2743 2063 2807 iterum
2098 2743 2182 2808 ad

254 2826 609 2908 generalem
655 2827 972 2891 rationem
1032 2826 1430 2892 reddendam
1489 2836 1752 2910 paratos
1799 2848 1961 2894 esse.
2041 2828 2179 2893 Ita-

254 2931 361 2992 que
422 2917 497 2976 ut
555 2910 858 2978 adessent
912 2913 1020 2995 qui
1081 2912 1326 2978 vellent
1380 2912 1812 2996 praestitutus
1865 2922 1967 2979 est
2021 2913 2175 2981 dies.

252 2995 464 3062 Adfuit
509 2997 875 3064 Alexander
917 3020 1065 3064 cum
1106 3000 1260 3079 suis,
1317 2999 1517 3074 miras
1559 2999 1858 3065 excitans
1899 2997 2176 3066 difficul-

253 3089 401 3148 tates
436 3095 505 3148 et
539 3083 786 3149 nodum
823 3106 1139 3167 quaerens
1174 3086 1245 3149 in
1280 3085 1511 3167 scirpo,
1554 3086 1649 3147 ita
1686 3095 1763 3149 ut
1796 3107 1930 3150 non
1963 3087 2175 3152 solum

252 3169 375 3233 eius
436 3172 778 3236 morositas
841 3170 957 3235 sed
1010 3172 1208 3235 etiam
1261 3169 1621 3254 indignatio
1683 3170 2056 3255 invidiaque
2112 3186 2178 3238 et

248 3254 693 3322 malevolentia
734 3265 1095 3340 appareret.
1177 3255 1464 3322 Auditus
1509 3266 1608 3323 est
1641 3258 1806 3322 mira
1842 3259 2173 3342 patientia,

250 3344 487 3408 tametsi
555 3341 839 3409 absurda
901 3353 966 3408 et
1032 3340 1303 3426 indigna
1358 3351 1550 3408 erant
1598 3364 1765 3426 quae
1823 3346 2172 3428 proposuit.

249 3425 537 3512 Longum
584 3438 752 3494 esset
796 3431 1020 3493 omnia
1057 3449 1412 3494 recensere.
1473 3428 1721 3494 Multos
1759 3429 1897 3495 dies
1931 3430 2176 3497 frustra

250 3515 769 3598 consumpsimus,
815 3514 1052 3597 quibus
1096 3514 1264 3578 nihil
1308 3514 1483 3579 aliud
1529 3535 1724 3598 quam
1769 3515 2065 3598 querelas
2108 3525 2176 3581 et

249 3599 450 3663 inania
493 3621 834 3666 murmura
876 3599 1262 3684 proferebat.
1349 3601 1451 3665 De
1497 3601 1601 3666 his
1656 3613 1874 3666 autem
1920 3602 2172 3685 potissi-

248 3704 414 3749 mum
456 3685 914 3752 contendebat:
975 3687 1168 3751 nimis
1210 3707 1518 3770 magnam
1562 3688 1905 3770 pecuniam
1951 3689 2021 3752 in
2064 3689 2174 3752 iti-

249 3772 496 3838 neribus
572 3792 721 3838 mea
785 3785 851 3837 et
913 3772 1198 3837 familiae
1264 3792 1457 3838 causa
1517 3770 1708 3838 factis
1770 3773 2173 3857 insumptam

249 3854 453 3923 fuisse:
500 3858 622 3923 hos
665 3867 964 3942 sumptus
1009 3880 1142 3922 non
1188 3858 1485 3924 debuisse
1528 3879 1613 3922 ex
1657 3860 1935 3942 pecunia
1970 3861 2172 3927 eccle-

248 3941 491 4010 siastica
533 3945 676 4009 fieri
719 3965 883 4028 quae
926 3964 1287 4029 pauperum
1324 3953 1439 4019 est,
1485 3944 1599 4009 sed
1635 3964 1802 4009 nova
1839 3945 2170 4011 contribu-

250 4026 421 4095 tione.
508 4029 859 4096 Praeterea
904 4030 984 4097 de
1039 4031 1276 4114 exiguo
1328 4028 1652 4114 stipendio
1695 4049 1812 4096 suo
1857 4032 2170 4115 quereba-

248 4121 343 4177 tur
403 4129 468 4179 et
517 4139 556 4181 a
613 4115 901 4182 diaconis
954 4116 1290 4200 sigillatim
1347 4115 1621 4182 describi
1680 4116 1940 4182 volebat
1996 4119 2172 4202 quod

248 4199 469 4284 singuli
535 4223 615 4267 ex
662 4203 903 4267 nostris
947 4224 1063 4286 pro
1104 4203 1402 4267 ministro
1448 4202 1683 4268 alendo
1728 4202 2022 4269 conferre
2065 4225 2169 4269 so-

246 4281 384 4350 lent.
452 4285 600 4369 Quo
643 4289 913 4353 consilio
957 4288 1023 4353 id
1067 4289 1307 4353 faceret
1348 4309 1480 4353 non
1527 4288 1787 4356 difficile
1823 4300 1966 4355 erat
2000 4289 2168 4355 iudi-

248 4390 395 4436 care.
480 4373 649 4438 Nam
695 4385 1151 4459 praeterquam
1194 4372 1368 4458 quod
1413 4373 1578 4439 mihi
1623 4381 1691 4438 et
1733 4375 2043 4458 diaconis,
2063 4375 2166 4440 in-

246 4455 471 4523 vidiam
534 4480 754 4526 creare
821 4460 1094 4537 volebat,
1180 4459 1305 4525 hoe
1383 4461 1583 4525 etiam
1646 4461 2030 4541 providebat
2091 4471 2168 4528 ut

245 4553 375 4622 post
436 4543 781 4612 discessum
850 4567 1069 4611 meum
1126 4548 1507 4611 universum
1579 4546 1975 4632 stipendium
2042 4549 2164 4613 sibi

244 4628 596 4697 vendicaret
660 4640 728 4696 et
783 4635 1116 4715 arriperet,
1184 4644 1377 4715 atque
1436 4632 1633 4696 etiam
1692 4653 1800 4699 eos
1857 4635 1969 4716 qui
2030 4636 2165 4698 iam

244 4714 487 4780 nomina
530 4718 852 4784 dederunt
893 4719 973 4783 ad
1019 4717 1084 4783 id
1144 4716 1560 4800 pendendum
1604 4727 1864 4804 cogeret
1903 4721 1972 4783 in
2016 4740 2162 4803 pos-

243 4807 451 4864 terum.
550 4804 774 4870 Nostri
816 4804 938 4872 hoc
983 4804 1273 4870 nondum
1316 4803 1941 4871 animadvertebant.
2029 4804 2165 4872 Sed

241 4895 444 5032 flostea
496 4902 719 4973 aperte
758 4892 965 4974 ipsius
1008 4891 1206 4957 etiam
1248 4890 1609 4956 Alexandri
1650 4891 1888 4956 indicio
1935 4891 2163 4977 depre-

283 4970 607 5040 enderunt.
700 4975 782 5040 Ei
838 4977 1056 5059 palam
1114 4976 1337 5044 obstiti
1396 4997 1473 5043 ac
1537 4976 1899 5060 significavi
1941 4977 2160 5060 ipsum

243 5073 307 5120 eo
360 5059 643 5126 nondum
746 5062 1077 5129 ervenisse
1120 5083 1247 5144 quo
1291 5062 1586 5146 putabat,
1645 5083 1752 5127 me
1794 5083 1951 5129 vero
1995 5084 2162 5128 nun·

245 5161 418 5220 quam
480 5147 640 5213 haec
698 5082 1027 5214 faturum:
1094 5147 1439 5231 indignum
1505 5168 1646 5214 esse
1711 5149 2159 5216 contentiones

244 5233 469 5295 moveri
539 5235 611 5298 in
675 5234 947 5302 ecclesia
1009 5255 1129 5318 pro
1192 5231 1555 5316 stipendiis,
1620 5233 1885 5300 foedum
1929 5255 2012 5300 ue
2089 5249 2160 5299 et

245 5314 537 5382 nefarium
598 5321 848 5384 ventris
904 5339 1101 5385 causa
1154 5320 1429 5385 latrare:
1496 5318 1832 5404 indignius
1921 5341 2034 5385 ore
2091 5321 2157 5386 vi

2008 403 2169 468 1562
2214 402 2498 473 MART.

4120 416 4252 480 3ss

2300 595 2444 695 cogi
2484 595 2741 679 plebem
2783 596 2864 663 ad
2911 618 2990 664 sa
3030 595 3440 697 praesta-inihi·
3466 616 3631 698 quae
3675 597 3869 700 ultro·
3891 620 3972 668 ae
4012 600 4253 669 libera·-

2296 680 2452 746 liter
2505 680 2847 765 pendebat.
2927 680 3143 749 Multa
3196 681 3324 749 alia
3377 681 3518 748 dm
3572 704 3736 769 quae
3778 695 4057 755 miratus
4099 710 4249 756 sum

2295 764 2631 866 hominem
2672 768 3059 869 iracundum
3101 778 3168 835 et
3210 767 3416 834 animi
3457 770 3884 856 immtentem
3924 772 4097 840 ferre
4129 795 4247 859 po·

2297 858 2520 919 tuisse.
2608 852 2746 920 Sed
2791 854 3092 922 vincebat
3134 856 3390 921 veritas.
3475 855 3628 940 Ipse
3671 878 3827 925 vero
3867 857 4055 926 nullo
4098 866 4244 927 tan-

2295 937 2477 1022 gitur
2519 940 2786 1024 pudore.
2856 940 2942 1006 In
2984 943 3192 1007 risum
3236 940 3616 1042 sardonium
3661 944 3946 1045 erumpit
3986 946 4245 1029 quoties

2293 1044 2432 1124 non
2485 1024 2685 1091 habet
2736 1025 2906 1110 quod
2962 1025 3375 1125 respondeat,
3433 1035 3526 1093 ita
3581 1036 3656 1094 ut
3709 1049 4072 1098 morionem
4128 1040 4244 1099 aut

2295 1108 2579 1175 delirum
2642 1111 2978 1212 hominem
3039 1133 3184 1179 esse
3248 1112 3444 1179 dicas.
3543 1114 3785 1181 Postea
3846 1136 3984 1181 non
4003 1203 4018 1218 ο
4048 1116 4243 1185 desiit

2293 1196 3150 1367 {ttutffi’0130ffllzzssit
3167 1207 3554 1352 ‘'Zossugu‘i'ffi'„
3585 1199 4242 1371 ἷῗέιᾛῖῗὲἓὲἓέ

2293 1379 2744 1470 compesceret.
2827 1368 2941 1471 §ic
2984 1335 3178 1453 porrd
3240 1370 3534 1470 insolens
3600 1373 3804 1440 factus
3859 1383 4000 1441 erat
4057 1376 4242 1442 inani

2292 1474 2873 1641 ἓέἔέᾛᾚοιξῖζ
2907 1455 3473 1643 ἐὲωηέιῖοὲωἶέ
3507 1467 3973 1644 afflata
3994 1460 4240 1614 iffi?

2293 1626 2486 1691 modo
2529 1626 2613 1692 ad
2666 1627 3063 1712 colhgendas
3122 1648 3413 1695 sarcinas
3457 1629 3814 1712 rediissem,
3879 1639 4024 1698 tum
4067 1633 4241 1718 quod

2292 1713 2663 1796 episcopum
2707 1713 2874 1780 nihil
2908 1735 3041 1780 non
3077 1714 3283 1799 ipsius
3315 1735 3513 1783 causa
3543 1715 3879 1783 facturum
3915 1718 4238 1786 credebat.

2290 1798 2469 1863 Petii
2510 1798 2591 1864 ab
2636 1800 2936 1885 episcopo
2979 1820 3064 1866 ne
3107 1801 3267 1868 haec
3312 1800 3425 1866 diu
3468 1822 3785 1886 suspensa
3820 1802 4241 1888 relinqueret,

2289 1881 2404 1985 sed
2469 1884 2553 1949 ad
2617 1905 2757 1951 rem
2812 1886 3230 1987 iudicandam
3286 1888 3842 1988 constituerentur
3902 1891 4053 1991 boni
4108 1892 4240 1958 viri

2289 1973 3699 2160 gaggamqoeffgwgffiimaffiss
3778 1975 4041 2162 {siff-3²¹
4076 1984 4242 2164 ἓξὲξ

2287 2149 2486 2293 ἓᾞ
2528 2141 3591 2310 εἰῧὶῗέΐηέξᾝΡῗωαὲαῗῗ
3640 2147 4238 2315 ἓΐεωιῗὲἓέἒῗ

2284 2313 2501 2464 {alam
2515 2401 2530 2414 .
2546 2321 2683 2381 tota
2714 2316 2995 2414 ‚ecclesia
3034 2315 3368 2418 iudicaret,
3419 2315 3688 2417 auditus
3730 2338 3863 2383 non
3908 2327 4024 2384 est.
4113 2320 4231 2385 Ni-

2332 2399 2382 2465 il
2426 2420 2602 2501 enini
2647 2399 2828 2501 aliud
2871 2422 3064 2503 quam
3108 2422 3201 2468 sic
3257 2422 3491 2504 omnia·
3533 2404 3913 2504 perturbata
3969 2413 4037 2471 et
4077 2426 4231 2471 con·

2283 2483 2433 2551 fusa
2486 2486 2764 2572 relinqui
2824 2487 3140 2587 cupiebat.
3243 2487 3514 2567 Delecti,
3582 2509 3654 2555 re
3709 2488 4059 2574 diligenter
4115 2514 4231 2593 ex-

2284 2581 3062 2726 ffgffioeetdiffigm
3104 2575 4234 2745 gssffidqfiidxz'bdigsigteffil‘lg:

2916 2754 3129 2812 estum
3173 2755 3316 2811 erat
3357 2768 3396 2812 a
3442 2746 3824 2830 probarunt,
3880 2768 4000 2813 nec
4041 2748 4226 2833 quid-

3487 2853 3573 2897 na
3628 2832 3760 2898 fide
3817 2842 4035 2900 actum
4092 2857 4225 2901 non

2283 2764 2433 2808 rum
2478 2747 2826 2811 autoritate

2281 2851 2479 2913 quam
2545 2830 2873 2915 deprehen
2919 2838 3115 2898 erunt
3177 2831 3346 2916 quod

2283 2924 2471 2981 esset.
2562 2917 3006 2983 Providerunt
3068 2918 3267 2983 etiam
3333 2938 3414 2983 ne
3458 2917 3688 2985 similis
3733 2918 4027 2986 molestia
4068 2920 4228 3002 ipsis

2283 3010 2397 3066 aut
2439 3005 2716 3085 posteris
2759 3004 3196 3070 exhiberetur.
3282 3003 3728 3070 Pronunciata
3761 3006 4085 3072 sententia
4127 3015 4229 3073 est

2281 3094 2348 3152 et
2390 3088 2560 3155 lecta
2616 3109 2830 3154 coram
2888 3098 3026 3155 tota
3067 3088 3338 3156 ecelesia
3381 3089 3550 3174 quod
3594 3089 3961 3158 Alexander
4002 3090 4225 3158 admo-

2280 3173 2438 3238 dum
2495 3193 2690 3259 aegre
2747 3175 2900 3240 tulit
2955 3195 3076 3241 nec
3131 3176 3201 3240 in
3257 3175 3565 3241 concione
3607 3197 3728 3241 sua
3770 3175 4222 3244 dissimulavit.

2278 3260 2496 3325 Tanta
2547 3263 2718 3325 enim
2776 3261 3240 3346 importunitas
3291 3268 3359 3325 et
3402 3259 3808 3345 impudentia
3848 3261 4223 3331 intolerabi-

2274 3343 2356 3410 lis
2398 3344 2529 3411 fuit
2573 3346 2772 3412 etiam
2814 3346 2899 3412 iis
2942 3347 3054 3431 qui
3109 3346 3239 3432 ipsi
3280 3367 3364 3411 ex
3409 3347 3626 3413 animo
3668 3349 3850 3433 prius
3892 3349 4219 3418 favebant.

2274 3428 2637 3516 Supererat
2677 3441 2750 3497 ut
2783 3431 3055 3498 ecclesia
3094 3432 3376 3519 ἐρωτικῷ
3414 3432 3681 3499 homine
3717 3441 3787 3500 et
3819 3437 4224 3504 contentioso

2272 3515 2540 3583 liberari
2603 3527 2842 3602 posset.
2928 3518 2993 3583 N
2993 3539 3067 3584 ee
3137 3526 3361 3584 tamen
3423 3519 3528 3584 via
3579 3521 3951 3605 apparebat.
4039 3524 4220 3603 Dixi,

2273 3624 2475 3687 quum
2539 3605 2877 3688 impetrari
2937 3623 3073 3670 non
3135 3612 3358 3689 posset
3421 3604 3504 3670 ab
3569 3607 3781 3689 episco
3829 3629 3866 3672 o
3929 3615 4005 3672 ut
4066 3628 4218 3674 eum

2273 3698 2584 3769 moveret,
2631 3697 2700 3756 et
2738 3691 2873 3755 iam
2915 3711 3035 3775 per
3074 3699 3338 3773 tempus
3371 3689 3758 3774 quodammo
3803 3713 3840 3757 o
3873 3693 4218 3759 ministerii

2274 3777 2743 3859 possessionem
2787 3776 3193 3855 obtinuisset,
3260 3797 3457 3859 quam
3499 3779 3698 3842 etiam
3741 3778 4040 3856 iactabat,
4101 3799 4215 3863 op·

2271 3862 2518 3926 tionem
2556 3862 2796 3946 populo
2829 3861 3187 3928 faciendam
3207 3883 3368 3940 esse,
3406 3872 3480 3927 ut
3501 3863 3892 3928 alterutrum
3919 3873 4213 3930 nostrum

2272 3947 2602 4013 retineret.
2689 3947 2838 4016 Uno
2882 3949 3060 4014 enim
3103 3949 3409 4014 ministro
3450 3957 3824 4014 contentum
3872 3968 4031 4016 esse.
4111 3951 4219 4016 Ita

2270 4033 2569 4100 futurum
2612 4044 2687 4100 ιιι
2729 4034 3188 4101 communibus
3231 4034 3528 4101 omnium
3564 4034 3894 4117 suffragiis
3927 4043 4047 4102 aut
4080 4047 4214 4103 sta-

2270 4127 2572 4185 tueretur
2635 4129 2751 4187 aut
2805 4119 3162 4187 tolleretur.
3262 4119 3375 4187 Sic
3433 4141 3589 4187 vero
3644 4119 3936 4185 odiosum
4001 4122 4215 4190 turbis

2270 4207 2404 4271 suis
2425 4227 2496 4271 se
2518 4205 2889 4273 reddiderat
2916 4208 3290 4285 Alexander,
3327 4214 3403 4271 ut
3436 4205 3518 4270 de
3553 4207 3734 4271 exitu
3780 4227 3910 4271 non
3955 4205 4211 4276 dubita-

2269 4311 2426 4356 rem.
2518 4292 2631 4358 Sie
2685 4292 2940 4377 quidem
3002 4291 3343 4358 videbatur
3393 4311 3499 4357 res
3556 4292 3624 4356 in
3683 4302 4051 4358 extremum
4096 4293 4212 4360 ad-

2268 4376 2419 4443 duci
2477 4379 2855 4462 periculum,
2912 4388 2977 4443 et
3033 4378 3355 4462 plerisque
3399 4396 3529 4441 non
3573 4377 3986 4460 probabatur.
4077 4378 4218 4447 Sed

2266 4464 2363 4528 ita
2408 4465 2513 4547 agi
2558 4485 2821 4530 necesse
2865 4464 3005 4529 fuit.
3092 4464 3230 4529 Nec
3272 4461 3449 4527 enim
3491 4461 3684 4528 aliter
3727 4470 3845 4529 aut
3886 4464 4029 4549 ipse
4072 4466 4213 4532 diu-

2266 4551 2396 4614 tius
2420 4570 2703 4628 manere,
2728 4560 2841 4614 aut
2859 4569 3296 4616 successorem
3320 4547 3689 4631 relinquere
3712 4552 4047 4631 potuisset.
4105 4551 4212 4619 De

2265 4656 2343 4701 ea
2386 4656 2458 4699 re
2503 4635 2878 4702 admonitus
2922 4635 3282 4702 Alexander
3323 4633 3633 4700 eeclesiae
3674 4635 3986 4703 iudicium
4027 4639 4099 4703 in
4139 4659 4214 4705 se

2264 4721 2779 4805 exspectandum
2840 4742 2971 4786 non
3026 4721 3297 4797 censuit,
3364 4719 3479 4785 sed
3539 4721 3748 4786 multa
3813 4733 4210 4806 conquestus

2261 4807 2334 4872 in
2389 4809 2702 4874 concione
2758 4828 2829 4873 se
2883 4807 3025 4889 ipse
3085 4805 3427 4872 abdicavit.
3516 4804 3669 4887 Qua
3710 4806 3781 4872 in
3820 4828 3894 4872 re
3938 4830 4014 4875 eo
4057 4831 4208 4895 gra·

2262 4894 2390 4958 tior
2445 4892 2569 4957 fuit
2626 4891 2798 4975 plebi
2850 4889 3024 4975 quod
3080 4891 3291 4956 multa
3333 4891 3547 4969 stulte,
3592 4890 4012 4972 mendaciter,
4057 4916 4208 4961 con-

2261 4977 2620 5057 tumeliose,
2684 4978 3059 5043 turbulente
3122 4987 3192 5040 et
3254 4977 3521 5043 factiose
3586 4990 3728 5042 tum
3797 4977 4075 5046 dixisset
4137 4991 4208 5047 et

2258 5064 2390 5129 iam
2437 5062 2550 5129 diu
2591 5063 2784 5129 multi
2824 5063 3030 5147 ipsius
3073 5062 3435 5130 discessum
3477 5072 3880 5147 exoptarent.
3967 5066 4207 5132 Paucis

2258 5163 2404 5232 post
2447 5148 2674 5215 diebus
2703 5169 2912 5232 quam
2953 5150 3079 5216 hac
3123 5148 3424 5216 molestia
3477 5151 3746 5217 ecclesia
3787 5148 4061 5218 liberata
4103 5161 4205 5218 est

2256 5235 2461 5304 incidi
2501 5238 2574 5300 in
2617 5235 2935 5311 morbum,
2981 5256 3110 5319 quo
3153 5237 3284 5302 iam
3327 5235 3685 5303 octodecim
3729 5236 3869 5302 dies
3905 5236 4199 5320 graviter

2257 5321 2527 5407 affligor.
2620 5322 2800 5387 Idem
2845 5325 3019 5388 enim
3064 5322 3247 5406 pedis
3291 5320 3493 5400 dolor,
3561 5323 3674 5406 qui
3714 5342 3822 5387 me
3865 5322 4203 5404 superiore

3691 5421 3790 5474 22*ἓ
