4850 6117
255 413 376 478 545

1136 596 1343 670 8858.

769 752 1016 820 BEZA
1057 752 1692 821 BULLINGERO.

419 924 651 992 Denuo
693 926 766 992 in
791 924 1076 993 Galliam
1102 924 1524 1008 proficiscitur
1547 928 1599 1004 ¹)
1640 925 1750 992 ubi
1781 945 1887 992 res
1917 926 1991 993 in
2011 925 2205 1008 peius

256 1015 581 1078 emuntur
621 1016 679 1077 et
724 1011 1046 1078 auxilium
1082 1011 1331 1095 frustra
1386 1015 1776 1096 exspedamr
1815 1012 1981 1078 unde
2011 1012 2210 1096 potis-

258 1268 430 1335 (Hanc
479 1270 664 1323 nescio
710 1286 819 1339 quo
863 1274 1025 1339 pacto
1071 1286 1106 1321 a
1141 1269 1297 1323 nobis
1349 1268 1478 1322 olim
1530 1270 1832 1391 ”ffilemm
1884 1268 1988 1322 sim
2026 1268 2208 1324 liciter

443 1338 806 1393 describimus
842 1354 910 1392 ex
945 1338 1214 1407 impresso
1249 1355 1336 1407 ap.
1371 1338 1547 1392 Baum
1636 1379 1649 1392 .
1685 1338 1833 1407 App.
1874 1335 1990 1392 193.

424 1507 499 1575 S.
570 1510 813 1594 Accepi
866 1509 1094 1576 literas
1157 1515 1309 1576 tuas
1373 1509 1566 1593 longe
1625 1508 2048 1594 gratissimas,
2115 1508 2209 1574 mi

260 1601 461 1678 pater,
485 1595 595 1660 ·ad
638 1616 800 1679 quas
839 1595 934 1660 ita
975 1595 1357 1680 respondeo.
1425 1594 1715 1662 Omnino
1757 1595 2076 1661 mirabilis
2111 1600 2211 1661 est

259 1682 383 1748 ista
425 1682 767 1748 conversio
811 1689 880 1747 et
922 1702 1077 1747 vere
1120 1681 1364 1765 digitus
1406 1680 1679 1747 Domini
1720 1681 1866 1746 iste.
1951 1680 2030 1747 Si
2065 1681 2208 1764 qui-

256 1766 535 1835 busdam
577 1765 900 1833 creditum
945 1773 1131 1848 esset,
1177 1767 1470 1835 fortassis
1518 1767 1707 1833 aliter
1753 1788 1824 1833 se
1868 1787 1975 1833 ros
2009 1766 2209 1832 habe-

255 1861 419 1919 rent.
513 1852 652 1919 Sed
696 1853 1024 1919 Dominus
1066 1854 1350 1937 peccatis
1392 1853 1635 1919 nostris
1677 1853 1887 1920 iratus
1930 1853 2214 1918 infatua-

259 1940 354 2004 vit
391 1937 801 2024 prudentum
845 1938 1118 2006 consilia
1159 1945 1229 2005 et
1268 1939 1536 2005 fortium
1579 1939 1833 2005 animos
1873 1938 2090 2024 fregit,
2133 1946 2211 2004 ut

259 2046 372 2109 ego
438 2026 689 2091 centies
748 2024 885 2092 vidi
938 2033 1005 2090 et
1060 2025 1514 2091 animadverti.
1599 2024 1867 2090 Interea
1917 2046 2051 2089 non
2098 2024 2209 2090 de-

259 2112 395 2176 sino
436 2112 607 2176 bene
649 2131 683 2175 s
727 2130 932 2189 erare,
997 2112 1310 2195 quoniam
1365 2112 1499 2178 scio
1543 2130 1666 2176 nos
1722 2131 1855 2176 non
1899 2109 2081 2178 caedi
2124 2108 2207 2175 ad

259 2203 558 2262 mortem.
704 2217 816 2263 ere
889 2196 1023 2262 iam
1099 2217 1326 2262 sumus
1405 2196 1487 2263 ad
1551 2196 1860 2280 reliquias
1936 2195 2203 2262 redacti.

259 2280 578 2367 Superest
641 2303 867 2348 semen
930 2280 1108 2366 quod
1173 2283 1423 2348 utinam
1486 2282 1560 2349 in
1624 2283 1900 2348 summis
1943 2289 2010 2348 et
2052 2302 2209 2347 vere

259 2369 572 2435 extremis
614 2367 919 2452 periculis
960 2367 1290 2434 Dominus
1324 2375 1561 2449 servet,
1623 2388 1707 2432 ne
1750 2367 1945 2434 simul
1989 2367 2212 2433 omnia

259 2455 747 2521 absorbeantur.
856 2454 968 2520 Ex
1045 2453 1125 2520 iis
1190 2455 1302 2538 qui
1363 2455 1703 2522 nobiscum
1783 2461 1971 2519 erant
2035 2451 2211 2538 apud

262 2538 786 2638 Sangermanum
855 2540 1190 2605 neminem
1242 2547 1403 2624 puto
1458 2540 1871 2606 interfectum
1914 2539 2042 2605 nisi
2085 2538 2212 2604 for-

263 2632 449 2692 tassis
515 2646 732 2691 unum
795 2622 1116 2692 Ioannem
1183 2626 1652 2705 fornacensem,
1673 2627 1729 2707 2)
1799 2626 1914 2709 qui
1975 2623 2211 2690 abhinc

265 2732 373 2777 sex
405 2710 854 2778 hebdomadas
895 2711 1023 2776 fuit
1065 2711 1148 2777 ab
1191 2711 1486 2777 hostibus
1529 2719 1757 2795 captus
1791 2722 1858 2776 et
1888 2712 1960 2777 in
1994 2730 2210 2778 carce-

264 2817 396 2863 rem
438 2798 796 2865 coniectus.
862 2796 1002 2863 Sed
1046 2795 1205 2882 quid
1248 2798 1307 2863 ei
1434 2805 1576 2865 stea
1618 2796 1928 2864 acciderit
1959 2797 2209 2882 ignoro.

266 2883 392 2948 Alii
432 2883 633 2949 multi
677 2890 836 2949 sunt
879 2884 1119 2950 misere
1162 2819 1472 2950 trucidaoti
1531 2904 1681 2949 cum
1724 2903 1965 2967 magna
2007 2881 2211 2950 eccle-

265 2968 501 3034 siarum
568 2970 899 3037 vastitate.
988 2969 1197 3036 Pauci
1236 2968 1579 3036 Genevam
1635 2968 1990 3035 redierunt.
2081 2967 2211 3033 Alii

265 3053 543 3134 latitant,
589 3055 704 3120 alii
747 3062 903 3121 sunt
943 3055 1149 3122 variis
1182 3055 1340 3121 locis
1374 3055 1638 3122 obsessi.
1706 3055 2015 3121 Aureliae
2052 3053 2216 3120 mul-

265 3148 364 3206 tos
404 3141 645 3226 reliqui
687 3162 838 3208 cum
883 3140 1185 3225 Principe
1229 3148 1295 3207 et
1315 3141 1668 3209 Amiraldo.
1736 3141 1994 3209 Paucas
2027 3160 2215 3225 prae-

264 3233 440 3293 terea
481 3228 683 3294 urbes
717 3227 1053 3307 habemus,
1099 3227 1214 3293 ubi
1255 3227 1602 3312 profligato
1640 3234 1883 3311 papatu
1907 3226 2215 3294 Christus

267 3312 470 3381 adhuc
512 3321 771 3398 regnat.
839 3313 988 3397 Ego
1029 3311 1269 3379 millies
1313 3335 1397 3380 ex
1442 3313 1656 3379 media
1697 3319 1909 3378 morte
1943 3311 2214 3378 mirabi-

265 3397 406 3465 liter
465 3407 736 3483 ereptus
794 3396 1139 3483 sperabam
1195 3420 1303 3464 me
1347 3398 1659 3467 Genevae
1714 3399 2209 3483 respiraturum.

268 3482 392 3550 Sed
438 3504 590 3552 ecce
632 3485 871 3550 iterum
933 3485 1006 3550 in
1050 3484 1496 3552 vastissimum
1560 3486 1887 3570 gurgitem
1946 3486 2212 3551 referor.

267 3568 528 3656 Cogunt
593 3571 771 3636 enim
825 3590 933 3634 me
975 3570 1271 3637 Andeloti
1331 3571 1794 3637 obtestationes
1854 3568 1938 3636 ad
1999 3571 2213 3655 ipsum

267 3675 454 3738 quam
498 3656 839 3724 celerrime
882 3662 1231 3736 revertere,
1276 3656 1407 3722 nisi
1439 3655 1640 3722 velim
1675 3655 1962 3722 desertor
1983 3656 2212 3724 videri.

267 3740 489 3828 Itaque
534 3743 669 3807 iam
709 3762 978 3807 recurro
1021 3744 1092 3806 in
1135 3741 1662 3827 Lotharingiam,
1700 3741 1813 3808 ubi
1855 3741 1954 3806 illi
1991 3762 2215 3809 occur·

268 3848 403 3893 ram
444 3837 513 3896 et
557 3828 771 3912 ipsius
805 3827 1028 3911 copiis,
1074 3827 1146 3893 id
1189 3836 1289 3893 est
1332 3829 1627 3912 equitum
1669 3825 1883 3894 tribus
1923 3827 2215 3894 millibus

270 3921 331 3977 et
368 3914 765 3998 quingentis,
811 3912 1105 3997 peditum
1151 3933 1305 3979 vero
1347 3912 1635 3979 millibus
1671 3921 1966 3996 quatuor.
2034 3911 2214 3994 Quid

267 3999 381 4148 ἕο
419 4000 516 4066 ibi
560 3998 863 4065 interea?
930 3998 1125 4083 Quod
1167 4000 1446 4066 suaserit
1488 4000 1811 4066 Dominus
1854 3998 1968 4082 qui
2000 4006 2209 4067 vocat.

334 4105 443 4153 aec
484 4105 639 4152 mea
678 4105 856 4151 nunc
899 4092 1000 4151 est
1042 4084 1341 4167 conditiO,
1400 4085 1495 4151 mi
1537 4094 1740 4169 pater,
1806 4082 1879 4150 id
1920 4090 2023 4151 est
2061 4086 2215 4151 tris-

268 4374 424 4514 θὸὖὸἆρι
426 4376 519 4500 'alt'
528 4375 1051 4502 giffefioessss’gw
1088 4376 1425 4446 prolectam·
1471 4391 1522 4432 v.
1573 4375 1710 4446 Req.
1756 4375 1837 4433 du
1873 4376 2091 4433 Gomon
2128 4374 2218 4434 21.

462 4513 528 4583 2)
556 4515 702 4569 Jcan
751 4514 821 4568 de
854 4512 1110 4584 'l'onrnay
1161 4513 1246 4568 dit
1295 4513 1365 4568 de
1415 4515 1472 4568 la
1504 4513 1652 4569 Tour
1703 4514 1836 4583 ange
1879 4514 2104 4568 environ
2147 4512 2217 4569 ‘10

270 4597 379 4645 ans,
411 4582 597 4652 lequel
628 4581 700 4638 35
732 4599 832 4636 ane
865 4587 1203 4652 anparavant
1234 4600 1268 4636 a
1307 4587 1404 4637 ant
1424 4582 1650 4653 presche
1684 4587 1972 4652 purement
2002 4581 2216 4638 l'Evan-

269 4650 373 4772 file
406 4667 478 4733 en
508 4651 666 4705 habit
680 4651 1021 4735 ¹d'Augustin
1055 4651 1191 4705 dans
1298 4668 1469 4734 encon
1505 4658 1563 4706 et
1591 4652 1789 4734 ¹depuis
1821 4656 1991 4722 ayant
2022 4652 2214 4736 exerce}

290 4736 321 4773 e
350 4725 628 4775 mmstere
663 4737 722 4775 es
756 4727 934 4774 terres
970 4720 1039 4773 de
1074 4720 1267 4787 Berne,
1305 4729 1456 4775 avoxt
1490 4725 1604 4774 este
1638 4720 1955 4775 finalement
1988 4721 2214 4777 accorde

271 4787 711 4916 aiem
696 4788 1786 4927 eada-{zazwffzzaetffss
1922 4787 2215 4915 Μ-

271 4926 450 4992 quiam
499 4928 857 4985 Possiaome
908 4928 1070 4982 venit.
1136 4924 1308 4981 Anno
1356 4933 1605 4997 aequem
1652 4873 1895 4996 augg?
1912 4940 2069 4982 suum
2137 4926 2217 4983 ad

274 5001 472 5050 mum
486 4999 694 5078 ‘capita
745 4995 1049 5078 ᾄὶινοηιιρη,
1089 4994 1552 5079 Salonino-ensisque,
1569 4995 2008 5077 Δπᾱεραᾳοηιιπ,
2043 4967 2216 5051 Ῑυῑίο-

274 5129 512 5189 nom·
532 5082 652 5216 Ἴ..
677 5133 734 5215 a,
770 5132 899 5188 111.
935 5064 1745 5217 Iffistmompmmum
1694 5064 1990 5190 Ἦ
2007 5079 2218 5189 W

936 5201 1146 5273 oppsaa
1216 5217 1394 5258 mum
1436 5208 1567 5258 sunt
1597 5204 1693 5259 νῦν
1721 5202 1964 5273 plerique
1995 5218 2035 5259 α
2067 5202 2219 5259 Pon·

275 5267 451 5332 &aaa
493 5270 757 5328 metanti
793 5271 968 5338 fuere.
1043 5270 1408 5327 Tornacena's
1450 5270 2217 5341 ὀρεοοαρταεαδοωώαῑιο

282 5333 585 5409 Montpuat
615 5341 779 5397 morti
809 5339 1065 5398 addictus
1096 5340 1161 5396 in
1190 5340 1359 5406 fluvio
1395 5338 1559 5397 (Πιτύα
1591 5341 1901 5397 submersus
1928 5341 2112 5412 periit.

472 5424 689 5483 Οαῑοὺκ·
711 5440 904 5497 opera.
976 5427 1094 5485 Vol.
1122 5425 1297 5483 XIX.

1932 411 2098 477 1562
2141 408 2600 481 SEPTEMB:

4127 417 4261 485 546

2307 599 2563 667 tissima
2638 604 2708 666 et
2769 600 3159 668 miserrima.
3246 599 3402 683 Sed,
3444 599 3574 668 Dei
3637 601 3870 687 gratia,
3933 603 4255 672 constitui

2306 686 2506 752 etiam
2568 686 2737 753 mori
2754 736 2770 765 ,
2830 687 2889 752 si
2942 688 3038 753 ita
3085 688 3370 754 Domino
3428 686 3771 753 videbitur.
3857 687 3961 753 De
4008 689 4255 773 Anglis

2305 771 2511 838 miror
2551 793 2672 838 nos
2714 772 2848 837 iam
2932 772 3140 839 ridem
3182 772 3352 839 nihil
3392 771 3638 839 audire.
3717 771 3855 840 Sed
3897 782 4120 839 tamen
4158 774 4257 839 af-

2304 856 2608 923 firmabat
2662 857 2828 923 mihi
2950 860 3161 926 ontius
3173 862 3234 938 θ)
3278 860 3683 943 Argentinae
3744 868 3896 926 ante
3937 878 4261 941 mensem,

2304 942 2444 1008 iam
2484 950 2740 1028 septem
2777 962 2983 1016 naves
3024 943 3372 1024 traiecisse,
3429 951 3496 1010 et
3552 944 3825 1029 triginta
3862 941 3997 1011 tres
4032 945 4259 1013 subse-

2308 1034 2647 1111 quuturas.
2715 1027 3052 1114 Quidquid
3074 1030 3340 1096 audiero
3360 1030 3523 1096 certi
3543 1032 3766 1096 statim
3798 1028 4171 1110 rescribam,
4195 1031 4262 1096 si.

2307 1112 2689 1181 tabellarius
2720 1115 3050 1181 offeratur.
3108 1115 3448 1199 Bituriges
3482 1117 3763 1199 turpiter
3795 1137 3837 1182 a
3869 1115 4031 1183 duce
4061 1137 4259 1200 prae-

2308 1198 2462 1266 sidii
2514 1198 2757 1284 proditi
2808 1221 2950 1268 sese
3007 1199 3416 1282 dediderunt,
3479 1201 3743 1284 optimis
3795 1200 4057 1285 quidem
4100 1221 4261 1268 con-

2309 1284 2682 1364 ditionibus,
2725 1286 2842 1352 sed
2883 1307 3044 1368 quas
3087 1286 3282 1353 biduo
3318 1295 3465 1370 post
3505 1285 4073 1370 perfidiosissimus
4105 1286 4262 1354 hos-

2310 1371 2396 1437 tis
2431 1370 2720 1456 infregit.
2750 1377 2806 1452 ⁴)
2874 1372 3101 1438 Nostri
3143 1379 3365 1439 tamen
3398 1372 3644 1439 milites
3686 1394 3838 1440 cum
3872 1374 4074 1439 armis
4115 1394 4260 1438 ma-

2308 1457 2492 1523 xima
2568 1478 2656 1523 ex
2731 1466 2919 1543 parte
2959 1457 3301 1525 Aureliam
3374 1468 3821 1542 pervenerunt
3882 1458 4262 1525 incolumes.

2311 1543 2418 1609 Ab
2462 1563 2539 1609 eo
2583 1553 2874 1627 tempore
2914 1543 3137 1610 ferunt
3179 1545 3432 1611 hostem
3486 1547 3561 1609 in
3604 1544 3766 1611 duas
3807 1553 4026 1628 partes
4068 1565 4263 1610 exer-

2310 1629 2519 1695 citum
2583 1627 2899 1710 divisisse,
2962 1651 3244 1713 quarum
3309 1651 3440 1695 una
3502 1631 3941 1714 Rotomagum
4004 1651 4259 1710 versus,

2311 1714 2522 1780 altera
2595 1715 2671 1779 in
2733 1713 2900 1781 Oam
2946 1717 3166 1783 aniam
3230 1715 3313 1782 ad
3378 1714 3827 1798 impediendos
3888 1715 4260 1782 Germanos

2309 1798 2682 1867 contendat.
2749 1736 2944 1882 QuidJ
2973 1802 3062 1867 sit
3082 1801 3635 1886 Lugdunensibus
3675 1802 3971 1868 futurum
4004 1803 4261 1887 ignoro,

2309 1907 2474 1970 quos
2513 1885 2626 1953 isti
2639 1884 2695 1985 ὅ)
2740 1893 2876 1953 tam
2918 1887 3377 1970 intempestive
3411 1886 3859 1965 deseruerunt,
3902 1887 4088 1953 hoste
4124 1887 4261 1953 iam

2307 1972 2470 2056 ipsis
2503 1979 2711 2056 portis
2752 1973 2985 2040 vicino.
3053 1972 3231 2041 Urbs
3274 1981 3375 2039 est
3408 1970 3672 2058 quidem
3713 1972 4156 2039 munitissima
4194 1981 4261 2038 et

2309 2059 2443 2124 situ
2508 2067 2576 2123 et
2626 2080 2835 2142 opere.
2923 2058 3116 2125 Intus
3172 2079 3425 2143 quoque
3478 2067 3581 2125 est
3621 2056 3914 2127 validum
3955 2057 4262 2141 peditum

2308 2142 2709 2226 praesidium
2775 2153 2843 2211 et
2908 2142 3203 2211 validum
3268 2144 3633 2211 subsidium
3684 2165 3819 2211 non
3874 2143 4100 2226 procul
4153 2144 4260 2208 in-

2310 2230 2609 2295 struitur.
2698 2229 2835 2297 Sed
2899 2232 3155 2296 utinam
3196 2231 3269 2296 in
3324 2229 3449 2297 hac
3505 2228 3937 2315 trepidatione
4001 2236 4262 2298 constet

2308 2314 2443 2380 illis
2509 2316 2767 2383 animus
2832 2323 2900 2381 ct
2965 2315 3160 2382 duces
3228 2316 3495 2400 impigri
3559 2338 3693 2384 non
3749 2313 3983 2382 desint.
4063 2313 4261 2382 Certe

2311 2407 2641 2484 utcunque
2684 2402 2772 2468 sit
2814 2423 2919 2468 res
2960 2423 3195 2468 casura
3228 2421 3570 2485 nunquam
3612 2402 3785 2468 hanc
3827 2401 4263 2486 ignominiam

2311 2484 2539 2552 cluent
2578 2486 2705 2566 isti,
2765 2508 2976 2570 neque
3034 2488 3234 2553 etiam
3278 2486 3594 2553 damnum
3637 2487 3823 2553 nobis
3866 2486 4121 2553 illatum
4157 2507 4262 2552 re·

2313 2572 2618 2639 sarcient.
2687 2571 2826 2640 Sed
2857 2571 3023 2640 illud
3067 2571 3428 2640 cuiusmodi
3469 2573 3613 2639 est?
3659 2595 3795 2639 non
3837 2573 4050 2658 magis
4084 2593 4264 2639 com-

2312 2659 2567 2724 moveri
2608 2658 2906 2738 fratrum‚
2951 2660 3083 2725 imo
3126 2679 3244 2725 suo
3284 2660 3574 2742 ipsorum
3616 2658 3927 2742 pericu10‚
3972 2679 4171 2742 quam
4202 2658 4265 2724 si

2313 2753 2492 2810 recte
2533 2746 2755 2811 omnia
2795 2747 3114 2812 haberent
3132 2744 3166 2809 ⁴?
3252 2745 3458 2828 Atqui
3499 2744 3753 2810 interea
3793 2743 3997 2811 vicini
4026 2748 4081 2820 ⁶)
4127 2744 4265 2809 iam

2315 2831 2510 2896 tertio
2549 2831 2828 2898 militem
2869 2830 3145 2896 mittunt
3185 2828 3270 2895 ad
3310 2852 3430 2896 nos
3471 2828 3927 2913 opprimendos
3971 2837 4039 2896 et
4094 2829 4269 2894 nihi-

2314 2915 2599 2983 lominus
2644 2916 2862 2983 adhuc
2903 2917 3256 2983 stertimus.
3343 2916 3531 2982 Haec
3564 2927 3664 2981 est
3703 2914 3818 2980 illa
3858 2916 4097 2981 caritas
4138 2915 4266 2981 sci·

2316 3001 2487 3081 licet,
2552 3023 2749 3086 quam
2784 3002 3090 3070 Christus
3130 3009 3340 3087 urget.
3419 3002 3605 3068 Haec
3662 3007 3763 3067 est
3817 3001 4266 3068 membrorum

2317 3087 2690 3168 συμπάθεια,
2739 3110 2938 3173 quam
2973 3088 3225 3155 Paulus
3267 3095 3605 3171 tantopere
3647 3084 4081 3154 commendat.
4141 3085 4270 3153 Mi-

2316 3173 2503 3239 litem
2545 3173 2870 3258 petiimus,
2929 3173 3084 3240 alibi
3124 3180 3423 3259 negatur,
3487 3172 3646 3240 alibi
3701 3172 4077 3241 conceditur
4121 3172 4269 3256 qui-

2319 3259 2469 3326 dem
2549 3258 2666 3325 sed
2785 3260 2979 3327 uibus
3053 3257 3530 3327 conditionibus
3594 3257 3795 3326 vides.
3903 3259 4269 3326 Pecuniam

2315 3346 2648 3429 petiimus,
2732 3368 2770 3411 o
2814 3346 2963 3411 latis
3069 3345 3270 3412 etiam
3345 3344 3851 3412 fideiussoribus.
3967 3344 4271 3430 Negatur

2315 3432 2621 3516 praecise.
2704 3430 2882 3515 Quid
2915 3430 3173 3497 multa?
3217 3452 3353 3498 non
3396 3431 3598 3498 stabit
3638 3452 3757 3517 per
3797 3430 3998 3498 bonos
4032 3431 4271 3497 fratres

2358 3518 2668 3585 uominus
2710 3526 2787 3583 ut
2820 3516 3095 3584 rebelles
3135 3536 3498 3601 pereamus.
3583 3517 3818 3601 Itaque
3858 3516 4128 3600 incipiet
4160 3516 4265 3581 iu-

2316 3539 2565 3671 dicium
2606 3623 2649 3669 a
2689 3601 2878 3670 domo
2911 3603 3203 3669 Domini.
3290 3602 3427 3670 Sed
3468 3603 3714 3670 mirum
3754 3603 3827 3668 ni
3869 3610 4266 3686 spectatores

2314 3690 2427 3756 isti
2470 3689 2736 3756 tandem
2793 3697 2862 3755 et
2917 3688 3045 3773 ipsi
3087 3689 3160 3754 in
3223 3688 3556 3755 theatrum
3605 3687 3863 3772 prodire
3923 3695 4264 3773 cogantur,

2315 3786 2382 3840 et
2423 3777 2581 3841 iusti
2622 3776 2961 3861 sanguinis
3002 3774 3195 3841 effusi
3237 3795 3371 3841 non
3413 3775 3635 3841 minus
3680 3775 3845 3840 fiant
3884 3775 4002 3851 rei,
4066 3793 4267 3856 quam

2314 3861 2428 3944 qui
2484 3881 2640 3928 suas
2699 3882 2934 3927 manus
2996 3860 3217 3944 impiis
3269 3860 3574 3928 caedibus
3627 3859 4267 3927 contaminaverunt.

2314 3946 2500 4014 Haec
2543 3969 2675 4014 non
2711 3947 2915 4014 miror
2953 3947 3117 4031 quin
3157 3945 3306 4013 istic
3337 3953 3408 4013 et
3447 3945 3606 4011 alibi
3647 3945 4031 4029 displiceant
4070 3943 4264 4009 bonis

2314 4032 2635 4114 omnibus,
2681 4055 2802 4100 nec
2844 4032 3045 4099 etiam
3088 4030 3313 4100 dubito
3350 4032 3508 4115 quin
3551 4039 3847 4115 pastores
3889 4049 4007 4097 suo
4048 4028 4269 4095 officio

2313 4119 2693 4204 fungantur.
2782 4116 2919 4186 Sed
2962 4127 3185 4184 tamen
3226 4118 3516 4186 obtestor
3571 4137 3688 4185 vos
3744 4136 3970 4182 omnes
4010 4115 4085 4180 in
4126 4114 4268 4181 Do-

2314 4204 2514 4284 mine,
2580 4214 2662 4271 ut
2709 4204 2779 4270 in
2827 4205 2951 4272 hoc
2991 4204 3178 4272 velut
3218 4210 3515 4270 extremo
3558 4211 3709 4269 actu
3755 4222 3980 4268 omnes
4021 4221 4266 4267 nervos

2314 4290 2743 4370 contendatis,
2810 4300 2886 4357 ut
2924 4290 3029 4357 IV
3072 4289 3395 4357 Civitates
3419 4292 3478 4369 ⁷)
3541 4288 3772 4355 saltem
3841 4307 3976 4354 non
4039 4286 4267 4371 pigeat

2316 4383 2718 4443 conventum
2780 4377 2993 4461 primo
3047 4396 3304 4460 quoque
3363 4383 3655 4460 tempore
3694 4373 3981 4440 indicere
4023 4372 4094 4438 in
4135 4394 4264 4457 quo

2315 4460 2398 4528 de
2439 4482 2516 4529 re
2563 4462 2735 4528 tanti
2776 4459 3091 4528 momenti
3133 4460 3495 4545 dispiciant.
3580 4460 3748 4542 Quis
3786 4460 3964 4526 enim
4007 4457 4265 4525 dubitat

2315 4548 2478 4631 quin
2510 4548 2762 4615 eversis
2782 4547 3058 4615 Gallicis
3090 4546 3399 4629 ecclesiis,
3433 4565 3712 4630 quarum
3746 4567 3925 4613 nunc
3945 4544 4264 4629 reliquiae

2314 4634 2435 4701 vix
2477 4656 2549 4701 se
2591 4640 2963 4702 sustentant
3002 4633 3222 4717 aliqua
3262 4652 3380 4717 spe
3421 4631 3709 4710 subsidii,
3754 4632 4046 4699 hostium
4077 4632 4264 4697 furor

2314 4719 2402 4786 sit
2444 4721 2517 4786 in
2551 4721 2674 4787 has
2738 4741 2992 4805 quoque
3046 4719 3347 4805 regiones
3389 4725 3570 4786 certa
3613 4737 3729 4802 spe
3771 4719 4080 4786 victoriae
4111 4738 4266 4801 pro·

2415 5065 2425 5077 ·
2518 4993 2580 5063 3)
2611 4993 2919 5076 omnopk..
2956 4994 3129 5049 Mona
3169 4999 3221 5050 et
3254 4992 3431 5049 Hm.
3469 4992 3627 5049 Guoll
3656 5008 3694 5047 a
3725 4994 3920 5130 reg-'m
3943 4992 4275 5049 Elisabeth

2313 5063 2918 5188 Hadelzeraenaevzbaest
2949 5065 3178 5130 funerant
3211 5060 3577 5131 (fflnckhohn,
3611 5063 3659 5117 Ι.
3691 5061 3795 5118 335
3821 5101 3838 5117 .

2518 5202 2556 5256 5
2613 5201 2938 5257 Emensus.

2518 5269 2580 5333 6)
2620 5269 2892 5326 Oanwm
2921 5269 3188 5326 catholici.

2522 5339 2583 5409 7)
2625 5338 2899 5405 fitium,
2934 5339 3141 5410 Berua,
3175 5338 3423 5407 Basilea,
3460 5336 3735 5403 Scasusia.
