4850 6117
343 432 462 496 133
2018 433 2173 497 1561
2222 429 2635 496 NOVEMB.
3203 449 3210 456 ·
4183 433 4303 498 134

338 617 480 700 ipse
533 618 921 701 Apologiam
998 617 1278 684 scribere
1343 619 1465 685 sub
1522 620 1659 685 eius
1710 619 1991 698 nomine,
2019 622 2102 699 ¹⁵)
2153 616 2268 684 sed

337 710 665 786 oporteret
727 724 831 769 me
888 704 1137 787 amplos
1216 706 1715 771 commentarios
1768 704 1962 771 istinc
2024 703 2269 771 habere

336 807 563 853 earnm
605 809 827 854 rerum
881 810 1043 872 quas
1101 791 1423 874 attingere
1465 811 1727 857 necesse
1775 791 1972 856 fuerit
2012 799 2090 855 ut
2130 811 2268 856 om-

334 872 531 939 nibus
574 874 710 939 suis
751 873 1070 941 coloribus
1110 876 1236 941 iste
1279 876 1506 941 rabula
1542 876 1947 961 depingatur.
2036 876 2269 959 Itaque

335 960 543 1024 multa
585 960 716 1025 iam
749 959 916 1026 mihi
945 960 1252 1027 Gelasius
1283 973 1350 1026 et
1376 961 1711 1044 Boqm'nus
1752 962 2267 1045 suppeditarunt,

333 1052 401 1109 et
456 1045 893 1129 Argentinam
958 1046 1039 1111 ad
1097 1046 1515 1113 Hotomanum
1580 1048 1809 1131 scripsi
1863 1059 1937 1113 ut
2001 1056 2068 1113 et
2129 1047 2269 1130 ipse

331 1129 556 1196 mittat
617 1152 1042 1215 quaecunque
1110 1131 1421 1199 iudicabit
1489 1131 1571 1198 ad
1627 1134 1749 1200 hoc
1806 1142 2268 1218 argumentum

331 1215 678 1298 pertinere.

500 1301 645 1366 Iam
713 1323 867 1369 vero
931 1304 988 1369 si
1051 1305 1232 1387 cupis
1301 1303 1668 1388 intelligere
1734 1305 1890 1388 quid
1948 1306 2055 1370 hic
2113 1312 2269 1389 agat

329 1387 532 1452 miser
596 1387 706 1453 ille
775 1396 995 1455 noster
1022 1392 1105 1473 ¹⁶)
1160 1390 1462 1473 quamvis
1520 1410 1559 1453 a
1628 1412 1735 1456 me
1801 1392 2266 1474 praemonitae,

228 1483 243 1500 ·
330 1481 554 1538 tamen
589 1473 925 1539 cuiusdam
957 1475 1224 1542 consilio
1259 1496 1418 1541 usus
1453 1475 1653 1540 filium
1678 1496 1870 1542 suum
1892 1476 2264 1556 nothum¹⁷)

328 1558 588 1623 circiter
638 1562 711 1622 16
758 1581 1076 1626 annorum
1139 1561 1235 1625 illi
1275 1559 1681 1626 educandum
1715 1571 1782 1626 et
1824 1562 2127 1627 Lutetiae
2162 1563 2265 1627 in-

328 1642 731 1709 stituendum
800 1647 1138 1711 commisit.
1259 1645 1476 1712 Audio
1552 1646 1950 1730 stipendium
2025 1647 2265 1714 habere

331 1732 498 1794 1300
534 1730 853 1796 librarum
899 1732 1131 1814 quibus
1179 1753 1321 1798 sese
1364 1739 1431 1797 et
1474 1739 1678 1798 totam
1721 1732 1905 1797 illam
1946 1733 2263 1799 familiam

327 1813 476 1881 alat.
582 1816 687 1882 Ita
744 1815 953 1883 factus
1016 1828 1115 1883 est
1173 1839 1258 1883 ex
1312 1818 1771 1884 iurisconsulto
1830 1818 2261 1903 paedagogus,

323 1900 646 1984 tantisper
703 1901 950 1969 scilicet
1002 1903 1158 1968 dum
1224 1904 1565 1988 pinguiore
1621 1901 1986 1970 conditione
2048 1904 2263 1969 oblata

323 2007 440 2053 suo
488 2007 673 2053 more
739 1987 820 2054 ad
884 1988 1086 2054 alium
1141 2011 1213 2055 se
1269 1989 1574 2056 conferat.
1660 1989 1945 2056 Putabat
1996 1990 2136 2055 fore
2189 1997 2262 2055 ut

320 2071 673 2139 valentiae
719 2074 992 2153 doceret,
1036 2095 1187 2140 cum
1232 2074 1447 2158 amplo
1490 2074 1831 2159 stipendio,
1875 2085 1943 2141 et
1978 2076 2102 2142 hac
2145 2096 2260 2159 spe

325 2156 698 2224 Palatinum
750 2157 1142 2226 deseruerat.
1229 2159 1364 2227 Sed
1421 2160 1758 2245 episcopus
1787 2163 1865 2241 ¹⁸)
1924 2180 1964 2225 a
1996 2182 2102 2227 me
2145 2161 2257 2225 ad-

320 2245 617 2311 monitus
675 2246 1058 2330 tempestive
1122 2246 1203 2313 de
1256 2247 1598 2313 Hotomano
1661 2246 2001 2331 cogitavit,
2065 2267 2258 2331 quem

322 2329 523 2395 etiam
570 2352 687 2413 per
728 2330 950 2398 literas
991 2334 1347 2399 accersivit.
1435 2333 1526 2396 Et
1559 2331 1684 2399 hoc
1720 2353 1969 2416 quoque
2004 2333 2259 2417 gravis-

320 2416 499 2495 sime,
554 2428 627 2482 ut
669 2415 876 2497 video,
920 2420 1120 2484 istum
1164 2418 1460 2503 pupugit.
1550 2417 1849 2501 Denique
1890 2426 2257 2484 monstrum

318 2501 494 2567 istud
555 2503 720 2567 mibi
753 2503 957 2582 trade,
1001 2525 1209 2587 neque
1253 2503 1482 2570 dubita
1524 2505 1680 2587 quin
1725 2525 1763 2569 a
1804 2524 1911 2569 me
1956 2524 2072 2587 pro
2116 2502 2256 2588 dig-

319 2588 528 2653 nitate
574 2595 907 2654 tractetur.

486 2672 812 2757 Superest
854 2697 1024 2741 unus
1063 2674 1496 2742 Normandius
1542 2684 1763 2741 noster
1807 2673 1887 2740 de
1930 2695 2056 2757 quo
2098 2675 2258 2741 scri-

319 2758 485 2825 bam.
582 2760 821 2844 Accepi
878 2760 1069 2826 hodie
1124 2761 1332 2844 ipsius
1388 2760 1610 2826 literas
1667 2781 1827 2844 quas
1877 2759 1960 2825 ad
2005 2768 2068 2825 te
2110 2762 2259 2825 mit-

320 2851 457 2911 tere
516 2866 716 2928 quam
780 2845 1146 2912 exscribere
1208 2846 1428 2912 malui.
1515 2845 1621 2912 De
1671 2845 1864 2912 rebus
1920 2847 2082 2911 meis
2134 2847 2262 2928 pri-

320 2934 489 2997 vatis
541 2951 685 2998 cras
729 2932 1053 3014 copiosius
1095 2931 1392 2998 scribam.
1482 2932 1659 2996 Bene
1699 2931 1863 3010 vale,
1913 2932 2004 2995 mi
2048 2930 2262 2997 obser-

322 3016 545 3083 vande
607 3025 795 3100 pater
817 3064 835 3095 ,
898 3037 1047 3082 cum
1111 3017 1425 3083 fratribus
1503 3025 1570 3082 et
1632 3017 1894 3101 collegis
1958 3016 2262 3082 omnibus

320 3123 477 3185 quos
527 3103 778 3168 utinam
823 3123 957 3168 una
1010 3113 1228 3169 tecum
1271 3101 1601 3169 Dominus
1653 3101 1870 3169 salvos
1913 3110 1984 3167 et
2024 3102 2260 3167 incolu-

320 3209 455 3254 mes
500 3198 861 3255 conservet.
949 3189 1055 3254 Ex
1102 3187 1553 3273 Sangermano
1596 3191 1696 3254 25.
1740 3187 1805 3253 N
1806 3188 2058 3255 ovemb.

458 3321 480 3360 ¹
1676 3325 1861 3390 'Puus
1898 3325 2091 3394 Beza.

490 3530 784 3613 Quando
812 3529 893 3616 ¹⁹)
952 3529 1020 3595 id
1074 3529 1239 3594 mihi
1297 3530 1486 3596 video
1543 3550 1660 3614 per
1716 3529 2125 3596 tabellarium
2184 3529 2263 3594 li-

318 3639 463 3685 cere
530 3618 654 3684 hoc
711 3616 906 3681 etiam
964 3613 1197 3681 addam
1254 3614 1426 3699 quod
1468 3637 1614 3682 cras
1656 3637 1835 3682 eram
1880 3613 2263 3698 scripturus.

320 3703 745 3770 Decumbens
803 3722 887 3767 ex
930 3709 1262 3767 senectute
1318 3713 1505 3784 pater
1546 3723 1653 3768 me
1696 3702 1801 3769 his
1847 3700 2006 3784 ipsis
2049 3699 2266 3767 verbis

321 3788 558 3875 gallice
616 3787 879 3871 scriptis
920 3787 1281 3854 accersivit.
1376 3785 1610 3875 „Quod
1655 3786 1945 3854 nondum
1983 3784 2267 3882 veneris,

320 3875 433 3957 fili,
467 3877 735 3960 ignosco
778 3874 1082 3956 quoniam
1119 3872 1376 3956 publica
1411 3873 1682 3956 privatis
1720 3874 2048 3956 sapienter
2083 3880 2265 3937 ante-

327 4118 661 4181 coniunctus,
714 4119 844 4167 tunc
876 4113 1249 4182 tvpographus
1284 4111 1632 4180 Genevensis‚
1669 4111 1879 4166 Calvini
1913 4111 2141 4180 primam
2178 4127 2261 4164 re-

329 4185 674 4255 sponsionem
710 4182 824 4245 (Ad
859 4181 1227 4251 versipellem)
1253 4182 1413 4264 prelo
1449 4181 1768 4246 subiecerat,
1804 4180 1949 4248 quod
1968 4180 2264 4261 Balduinus

329 4255 1346 4389 Ξιῗῖἰὲωὲωῗέἓῖξίἓῗεὲἐῗῗὲἱ
1386 4249 2263 4398 2¹2¹?0‘5‘21031⁰⁸X¹13¹01Jg⁰1¹ss.2..¹¹1¹33

329 4392 568 4446 scribere
626 4394 683 4443 et
732 4395 946 4442 tantum
998 4388 1213 4442 nomine
1265 4385 1499 4456 Crispini
1550 4392 1630 4439 uti
1682 4385 1865 4440 voluit.
1950 4383 2060 4452 (Of.
2113 4385 2265 4440 Beaea
2364 4405 2411 4411 -·
2428 4405 2458 4410 -

338 4458 488 4514 Galv.
542 4458 596 4513 d.
641 4457 694 4511 d.
740 4455 791 4510 6.
828 4456 955 4512 Ian.
998 4456 1174 4524 1562).
1247 4454 1523 4512 Caeterum
1578 4452 1866 4522 Crispina
1916 4469 2103 4508 revera
2147 4455 2265 4523 ipsc

330 4535 523 4585 contra
557 4525 898 4581 Balduinum
930 4528 1177 4594 scripsit.-
1233 4523 1324 4578 Ad
1356 4525 1532 4593 legem
1566 4523 1785 4576 tertiam
1818 4521 1947 4576 0011.
1982 4522 2051 4577 de
2087 4522 2265 4594 Apos-

331 4599 464 4653 tatia
512 4612 705 4719 9091ιὸιὸ
751 4595 830 4649 Io.
877 4593 1130 4664 Crispini,
1176 4594 1238 4648 in
1290 4591 1508 4648 Calvisi
1537 4607 1679 4660 resp.
1726 4591 1802 4647 ad
1835 4589 2109 4646 Balduini
2141 4607 2267 4648 con-

198 4739 205 4746 '
505 4680 592 4798 f5)
626 4734 693 4786 A.
739 4729 888 4785 1563.
941 4732 1169 4813 proprio
1211 4734 1428 4786 nominc
1468 4728 1690 4796 scripsit
1727 4728 1836 4783 Res
1876 4729 2151 4782 ousionem
2197 4728 2267 4782 ad

332 4804 392 4858 1³⁵.
426 4802 681 4857 Balduini
715 4800 957 4854 Ecebolii
991 4807 1268 4870 apostatae
1303 4799 1547 4853 convicia
1580 4797 1779 4864 (Pract
1918 4797 1951 4851 Ζ.
1992 4795 2111 4851 Vol.
2150 4797 2266 4859 11.)

506 4870 599 4935 16)
634 4867 757 4924 Rex
791 4867 1103 4924 Novam-ae.

506 4938 600 5006 17)
642 4938 869 4994 charles
901 4936 970 4991 dc
988 4937 1269 5005 Rom-bon,
1303 4938 1458 4992 cuius
1490 4940 1659 4990 mater
1677 4940 1795 4989 erat
1824 4935 2041 4998 famosa
2067 4934 2272 4990 Lame

336 5008 400 5063 dc
431 5008 490 5062 la
526 5006 878 5072 Be'raadiere,
916 5005 1052 5061 Mllc
1085 5005 1151 5059 de
1188 5004 1381 5061 Rmaet.

506 5075 598 5137 18)
633 5075 715 5129 10.
751 5075 819 5129 dc
859 5074 1096 5140 Manliae,
1201 5111 1213 5124 .
1260 5073 1537 5129 Valentia
1579 5074 1640 5126 in
1676 5069 2014 5139 Delphinum
2063 5077 2270 5139 protos·

337 5146 576 5200 lantibus
634 5143 873 5210 favebat.
965 5142 1279 5198 Baldumus
1340 5142 1445 5196 hac
1499 5155 1593 5209 spe
1647 5140 1953 5203 frustratum
2016 5137 2270 5193 Lutetiae

332 5214 719 5282 praelectiones
770 5213 1010 5267 instituit
1063 5227 1238 5335 gagg„
1301 5212 1489 5265 lav-imi
1544 5208 1977 5278 frequentabant,
2028 5207 2269 5343 αάεοὲἦο
2360 5220 2401 5273 p

336 5283 576 5403 episcopt·
603 5287 653 5337 et
684 5282 922 5336 membra
946 5281 1061 5334 Par
1260 5281 1297 5345 i,
1334 5284 1462 5334 teste
1480 5276 1902 5332 sammarthano
1924 5275 2133 5344 (Hevel.
2252 5315 2263 5327 .

541 5350 599 5416 9)
639 5349 761 5405 Hoc
796 5349 862 5406 P.
901 5347 956 5404 S.
994 5349 1098 5404 huc
1129 5347 1362 5419 pertinet
1394 5352 1523 5402 teste
1555 5344 1910 5414 moyrapho.

2368 618 2657 703 posuisti.
2747 616 2884 684 Sed
2925 616 3078 683 vide
3131 618 3508 686 memineris
3549 617 3705 702 quid
3746 619 4004 704 parenti
4049 638 4304 702 quoque

2369 704 2623 781 debeas,
2701 710 2768 768 et
2844 711 2918 770 ut
2971 705 3180 787 primo
3244 724 3503 787 quoque
3576 712 3866 788 tempore
3930 704 4053 770 hoc
4105 704 4305 771 facias

2368 810 2571 872 quum
2609 788 2848 856 licebit.
2931 788 3103 854 Volo
3146 797 3222 855 ut
3264 788 3463 855 frater
3505 810 3760 873 quoque
3805 797 3958 857 tuus
4001 788 4116 874 qui
4157 789 4303 856 istic

2368 882 2470 941 est
2506 895 2654 941 cum
2689 895 2891 941 uxore
2924 875 3165 954 veniat,
3202 881 3268 939 et
3300 895 3569 941 uxorem
3593 896 3847 959 quoque
3882 886 4064 941 tuam
4099 895 4304 959 quum

2369 961 2628 1026 veneris
2671 979 2981 1039 accersas,
3021 961 3328 1043 quoniam
3370 960 3823 1044 praesentibus
3867 960 4051 1028 vobis
4092 961 4302 1026 omni-

2367 1044 2490 1111 bus
2546 1046 2712 1111 meis
2775 1046 2996 1112 liberis
3049 1047 3313 1111 institui
3368 1052 3832 1112 testamentum
3884 1044 4160 1115 condere
4217 1054 4301 1125 et,

2368 1132 2427 1198 si
2470 1132 2612 1197 Deo
2655 1131 2746 1196 ita
2795 1130 3139 1210 videbitur,
3183 1132 3368 1197 mori.
3455 1131 3683 1215 Itaque
3723 1133 3780 1198 si
3825 1152 4113 1199 sororem
4145 1151 4303 1214 quo-

2369 1237 2495 1299 que
2545 1225 2744 1296 tuam,
2805 1238 2970 1300 quae
3026 1238 3202 1283 nunc
3251 1217 3413 1282 mihi
3456 1218 3652 1284 unica
3704 1217 3842 1283 filia
3882 1225 3998 1296 est,
4041 1216 4305 1300 possitis

2367 1323 2403 1368 e
2443 1303 2837 1368 monasterio
2891 1302 3228 1379 adducere,
3283 1310 3545 1386 gratum
3600 1303 3761 1368 mihi
3813 1303 4101 1369 officium
4140 1302 4305 1367 fece-

2365 1388 2570 1453 ritis.“
2659 1388 2844 1454 Haec
2899 1387 3013 1453 ille
3071 1387 3342 1454 totidem
3404 1390 3641 1456 verbis.
3728 1389 3964 1472 Itaque
4017 1385 4304 1455 secunda

2365 1473 2563 1539 huius
2605 1475 2944 1554 mensis20)
2988 1474 3143 1540 illuc
3178 1472 3410 1558 cogito,
3456 1482 3522 1540 et
3562 1474 3678 1558 qui
3719 1474 3986 1553 istuc²¹)
4021 1474 4303 1558 perferet

2365 1579 2708 1641 procerum
2765 1565 3134 1625 nostrorum
3189 1559 3429 1638 literas,
3473 1581 3746 1626 uxorem
3788 1580 4045 1643 quoque
4086 1579 4301 1625 meam

2366 1646 2420 1709 si
2465 1645 2655 1710 modo
2699 1646 2791 1714 ita
2835 1646 3015 1712 vobis
3057 1643 3406 1723 videbitur,
3451 1644 3649 1710 simul
3684 1646 3765 1710 ad
3810 1652 4066 1729 patrem
4100 1643 4301 1710 addu-

2365 1738 2484 1809 cet,
2528 1731 2640 1797 ubi
2673 1737 2893 1796 tamen
2938 1751 3069 1795 non
3112 1738 3268 1814 puto
3312 1729 3450 1795 fore
3493 1738 3567 1796 ut
3601 1752 3747 1797 eam
3783 1731 4109 1815 aspiciam,
4145 1749 4301 1813 quo-

2361 1817 2543 1880 niam
2586 1837 2849 1883 necesse
2885 1825 2958 1881 ut
3015 1817 3327 1883 vicesima
3370 1815 3731 1883 decembris
3774 1816 3882 1882 hic
3923 1837 4030 1882 me
4072 1816 4301 1881 sistam

2362 1901 2434 1965 in
2467 1899 2579 1965 illo
2625 1923 2815 1986 quem
2861 1899 2997 1966 dixi
3042 1910 3388 1967 conventu.
3477 1899 3611 1967 Sed
3657 1901 3737 1968 de
3780 1902 3886 1968 bis
3930 1901 4121 1986 plura
4155 1920 4300 1968 cras

2360 1986 2660 2067 scribam,
2702 2008 2823 2055 nec
2858 1987 3153 2054 fortassis
3196 1986 3374 2053 illam
3399 1987 3663 2071 expedit
3707 1988 3785 2055 de
3807 1987 4299 2070 profectionem)

2359 2073 2770 2156 praemoneri
2813 2094 2898 2137 ne
2943 2073 3098 2140 vani
3141 2093 3438 2138 rumores
3483 2074 3995 2159 spargantur.²⁸)

3228 2615 3429 2686 3625.

2835 2769 3358 2837 VERMILIUS
3404 2770 3588 2837 OAL
3599 2768 3748 2835 VIN
3752 2769 3832 2836 Ο.

2536 2941 2683 3008 Iam
2723 2943 2794 3008 in
2834 2943 3050 3026 patria
3089 2941 3356 3024 feliciter
3397 2946 3454 3008 et
3494 2945 3620 3006 tuto
3650 2946 3904 3022 peracto
3945 2942 4166 3007 itinere
4201 2961 4303 3007 re-

2356 3026 2960 3198 gageszz'riuczdtmdit
2998 3047 3158 3170 quae
3199 3046 3301 3093 res
3336 3028 3408 3092 in
3444 3026 3666 3094 Gallia
3706 3027 3920 3093 minus
3962 3026 4127 3093 laeta
4168 3026 4304 3109 fore

2361 3283 2477 3352 (Ex
2512 3283 2657 3354 Epp.
2694 3284 2942 3339 Vermilii
2977 3282 3258 3354 impressis
3292 3282 3363 3336 ad
3396 3283 3597 3336 calcem
3634 3280 3792 3336 Tomi
3826 3282 3983 3337 Locc.
4019 3282 4185 3337 theol.
4222 3283 4306 3337 ed.

2837 3350 2990 3420 1580,
3023 3351 3063 3404 f.
3097 3348 3216 3405 581.
3254 3351 3336 3404 ed.
3374 3348 3524 3418 1587,
3560 3367 3613 3422 p.
3652 3350 3826 3417 1144.)

2538 3523 2848 3602 Discessi,
2895 3524 3000 3588 vir
3042 3522 3418 3601 clarissime,
3461 3523 3731 3588 Lutetia
3772 3521 3980 3606 pridie
4023 3520 4301 3588 Kalend.

2367 3609 2761 3676 Novembris
2814 3617 2879 3675 et
2935 3610 3116 3674 intra
3167 3608 3406 3692 viginti
3457 3615 3525 3674 et
3571 3606 3730 3673 duos
3792 3607 3932 3674 dies
3974 3608 4197 3674 salvus
4240 3615 4306 3672 et

2368 3695 2713 3762 incolumis
2770 3695 3091 3779 'figuram
3145 3694 3441 3778 perveni,
3473 3696 3523 3778 ¹)
3581 3692 3897 3760 deductus
3954 3691 4307 3758 admodum

2368 3790 2508 3846 tuto
2552 3800 2627 3847 ac
2670 3780 2949 3847 fideliter
3005 3801 3044 3844 a
3087 3778 3338 3846 duobus
3381 3778 3771 3845 militaribus
3813 3777 4102 3854 ducibus,
4147 3798 4308 3861 quos

2366 3867 2570 3951 vulgo
2615 3866 2988 3950 capitaneos
3034 3874 3287 3945 vocant,
3332 3866 3473 3948 pios
3516 3874 3581 3929 et
3616 3866 3811 3930 fortes
3845 3863 4037 3942 viros,
4072 3863 4307 3946 quibus

2367 3974 2406 4018 a
2451 3952 2841 4032 consulibus,
2885 3957 3118 4018 senatu
3162 3961 3230 4015 et
3271 3950 3590 4015 ministris
3633 3950 3936 4015 ecclesiae
3985 3969 4120 4014 non
4160 3948 4307 4014 vul-

2364 4059 2557 4122 gares
2600 4036 2875 4104 exhibiti
2919 4043 3079 4102 sunt
3121 4035 3419 4116 honores,
3464 4032 3729 4118 datique
3772 4044 3927 4101 sunt
3969 4033 4063 4099 eis
4104 4034 4304 4101 comi-

2368 4132 2465 4188 tes
2509 4124 2762 4189 itineris
2805 4143 3011 4206 usque
3054 4122 3364 4188 Bernam.
3423 4120 3646 4202 Quare
3687 4126 4015 4202 poterunt,
4049 4127 4125 4185 ut
4158 4119 4305 4187 illos

2365 4231 2496 4275 non
2555 4207 2778 4275 dubito
2832 4229 2973 4275 esse
3028 4207 3328 4285 facturos,
3388 4205 3676 4271 indicare
3719 4206 3856 4271 suis
3897 4204 4305 4290 principibus

2535 4516 2631 4654 {13
2666 4515 2961 4641 giecnwggd
2993 4513 3335 4570 Dmbrem
3372 4511 3606 4566 voluisse
3635 4514 3800 4579 patet.

2536 4655 2633 4792 {233
2668 4646 3769 4801 ffiffzemimflldfflahqgoedgfndssffln
3804 4716 4137 4799 Apoqrapho
4174 4715 4302 4773 eoa.

2368 4792 2486 4859 119,
2530 4792 2624 4859 fol.
2669 4791 2740 4845 94
2784 4807 2835 4846 v.
2879 4791 2971 4845 aba
3016 4793 3184 4844 totum
3221 4787 3321 4870 hoc
3358 4785 3419 4840 P.
3461 4784 3516 4840 Β.
3553 4784 3918 4865 additum-ost
3947 4784 4205 4853 epistolae
4237 4784 4304 4839 N.

2368 4857 3180 5009 {22⁴;.2f³..¹333.5‘2.2302“03‡
3209 4856 3662 5006 :5:..2222333
3696 4855 4211 4977 'zamma

2368 5000 2549 5054 valere
2614 4997 2789 5052 iubeo.
2876 4996 2963 5049 Ex
3023 4994 3387 5065 Smgermano
3431 4998 3604 5075 ‘tertio
3709 4991 3929 5073 alendas
3976 4991 4306 5072 Novembris

2367 5068 2518 5190 {a
2549 5067 2713 5190 332²:
2761 5059 4308 5188 ssffxmffisaffffflxamw”ffla

2367 5209 2756 5336 afflffssff
2800 5270 3041 5326 ascensu
3081 5270 3175 5352 cf..
3212 5268 3287 5323 N.
3323 5266 3475 5322 3594.
3521 5264 3674 5320 3596.
3719 5263 3872 5319 3599.
3943 5262 4033 5318 De
4066 5262 4306 5319 adum

2366 5358 2420 5397 a.
2459 5341 2512 5396 ἀ.
2545 5345 2626 5395 m·-
2669 5339 2783 5396 Gal.
2819 5338 2952 5395 Dec.
2990 5337 3233 5396 &linuit
3258 5353 3316 5408 p.
3350 5335 3472 5392 273.
3531 5421 3591 5475 9·
