4850 6117
608 347 738 413 16⁷

606 534 839 617 scriptio
873 550 1040 587 manu
1070 530 1357 615 lonviuaei
1391 536 1618 586 exarata
1662 529 1824 612 haec:
1899 529 2573 615 Epistolapinistrmn

612 602 883 659 Poleam
915 601 995 657 ad
1028 600 1107 655 D.
1146 599 1436 686 001an
1470 615 1582 671 qua
1614 598 1749 667 fiae·
1781 613 1917 654 suas
1943 601 2335 668 consumam
2364 599 2571 661 edunt.)

785 770 858 838 S.
903 772 973 838 in
1019 772 1327 839 Domino.
1400 769 1596 852 Quod
1640 791 1785 837 eam
1829 792 2054 839 curam
2099 772 2309 837 nostri
2344 771 2567 849 habes,

608 858 976 924 clarissime
1041 867 1109 924 et
1167 859 1592 943 integerrime
1655 857 1782 934 vir,
1848 877 1986 923 non
2043 877 2393 940 possumus
2450 856 2570 922 tibi

617 964 911 1011 summas
956 965 1090 1010 non
1125 965 1320 1029 agere
1355 943 1621 1027 gratias.
1694 943 1848 1009 Non
1886 942 2149 1009 aliunde
2184 944 2358 1008 enim
2394 942 2568 1010 hanc

614 1030 800 1097 nasci
844 1030 1190 1110 credimus,
1237 1049 1433 1114 quam
1472 1051 1555 1094 ex
1597 1028 1711 1093 illo
1747 1049 1968 1094 amore
2003 1049 2199 1113 quem
2234 1050 2566 1095 summum

614 1136 877 1200 semper
910 1115 1134 1182 testati
1169 1115 1327 1181 estis
1360 1116 1431 1179 in
1469 1115 1707 1180 vestris
1741 1112 1824 1179 ad
1860 1136 1978 1181 nos
2012 1116 2295 1199 scriptis.
2353 1114 2561 1201 Opta·

617 1222 844 1268 remus
888 1209 1110 1268 autem
1152 1208 1247 1277 ut,
1307 1198 1854 1283 quemadmodum
1898 1199 2027 1267 huc
2070 1220 2280 1284 usque
2323 1200 2404 1266 de
2446 1222 2565 1266 no·

610 1287 717 1355 bis
750 1288 996 1373 optima
1033 1286 1397 1369 sperabatis
1440 1293 1508 1351 et
1549 1305 1669 1352 nos
1702 1307 1957 1371 quoque
2004 1285 2085 1352 de
2120 1286 2308 1353 vobis
2354 1286 2564 1354 credi-

614 1372 852 1452 dimus,
896 1374 991 1438 ita
1031 1372 1101 1437 in
1137 1378 1471 1457 posterum
1515 1372 1791 1438 eandem
1835 1371 2033 1438 fidem
2076 1371 2370 1438 illaesam
2412 1392 2565 1457 per-

611 1479 881 1525 manere
903 1459 955 1540 ¹)
1000 1479 1087 1523 ne
1143 1456 1390 1524 scilicet
1444 1457 1887 1541 quorumlibet
1943 1458 2285 1524 hominum
2343 1459 2564 1542 priva-

612 1551 832 1610 torum
890 1543 1102 1610 literis
1149 1544 1255 1609 vel
1315 1542 1747 1610 delationibus
1769 1548 1825 1621 2)
1885 1543 1965 1610 de
2019 1543 2206 1610 nobis
2260 1544 2561 1611 credatis.

612 1627 791 1696 Sunt
834 1631 1007 1695 enim
1052 1629 1365 1715 plerique,
1411 1638 1489 1695 ut
1531 1649 1708 1694 nunc
1750 1639 1907 1695 sunt
1953 1636 2268 1712 tempora,
2313 1631 2424 1713 qui
2460 1630 2561 1695 ni-

612 1714 706 1779 hil
774 1713 950 1781 aliud
1017 1735 1212 1800 quam
1284 1713 1669 1782 traducendi
1726 1722 1794 1780 et
1855 1713 2337 1781 condemnandi
2400 1715 2562 1782 alios

611 1800 1021 1867 occasionem
1066 1811 1408 1884 quaerunt,
1474 1798 1736 1866 laudem
1782 1821 1865 1865 ex
1909 1801 2188 1867 aliorum
2228 1801 2405 1867 fama
2449 1822 2560 1868 ve-

611 1894 862 1952 nantur
917 1896 984 1952 et
1024 1889 1209 1971 quasi
1258 1886 1636 1972 vigilantiae
1679 1887 1961 1970 speciem
2004 1907 2161 1972 prae
2204 1907 2276 1953 se
2317 1888 2559 1968 ferunt,

607 1992 814 2055 quum
851 1972 933 2040 ad
968 1972 1292 2057 quaslibet
1325 1972 1725 2055 suspiciones
1759 1971 1871 2037 vel
1903 1971 2311 2040 rumusculos
2332 1994 2559 2040 omnes

606 2060 901 2124 excitent
941 2067 1008 2125 et
1050 2059 1394 2126 classicum
1443 2065 1700 2123 canant.
1784 2057 2154 2140 Loquimur
2187 2068 2406 2125 autem
2449 2059 2561 2125 hic

609 2143 693 2209 de
752 2146 993 2212 nostris
1046 2141 1432 2228 quibusdam
1484 2143 1599 2227 qui
1640 2143 1943 2211 ecclesias
1986 2152 2246 2211 nostras
2291 2143 2559 2211 turbare

608 2231 1003 2296 annituntur
1060 2238 1128 2296 et
1184 2237 1510 2314 quaerunt
1560 2230 1927 2296 occasiones
1982 2230 2367 2297 traducendi
2409 2230 2559 2297 illas

607 2316 753 2381 sine
808 2336 1020 2383 causa.
1108 2313 1216 2380 De
1268 2315 1459 2380 nobis
1515 2335 1675 2381 vero
1723 2336 1808 2381 ne
1866 2316 2023 2400 quid
2076 2314 2404 2394 dubitetis,
2464 2316 2558 2383 sic

607 2401 901 2468 breviter
958 2401 1225 2468 habete:
1312 2399 1599 2467 Credere
1654 2421 1774 2466 nos
1827 2410 1894 2467 et
1948 2399 2220 2468 adorare
2262 2408 2558 2469 sanctam

610 2487 1030 2567 Trinitatem,
1094 2486 1220 2553 hoc
1273 2496 1392 2566 est,
1451 2493 1705 2570 patrem
1757 2495 1824 2552 ct
1876 2486 2084 2553 filium
2143 2496 2211 2553 et
2252 2488 2559 2573 spiritum

606 2580 931 2640 sanctum.
1019 2573 1462 2657 Agnoscimus
1518 2579 1772 2655 patrem
1830 2593 2062 2639 verum
2118 2574 2336 2640 Deum
2394 2594 2556 2654 esse,

609 2657 953 2725 Christum
977 2679 1235 2743 quoque
1268 2657 1479 2723 filium
1503 2658 1632 2723 Dei
1668 2678 1811 2724 esse
1834 2679 2066 2725 verum
2091 2658 2326 2735 Deum,
2363 2659 2557 2743 spiri-

603 2753 746 2808 tum
768 2763 1029 2828 quoque
1063 2752 1361 2811 sanctum
1384 2764 1527 2809 esse
1551 2763 1780 2809 verum
1803 2744 2042 2809 Deum.
2098 2744 2557 2811 Pluralitatem

609 2828 882 2895 deorum
928 2829 1348 2895 detestamur.
1450 2828 1677 2895 Unum
1721 2850 1865 2896 esse
1908 2829 2141 2910 Deum,
2207 2851 2338 2897 non
2405 2852 2557 2915 per-

607 2936 788 2995 sona,
812 2915 926 2982 sed
948 2914 1352 2981 indifferenti
1380 2925 1625 2980 natura
1652 2915 1996 2982 credimus.
2044 2915 2295 2983 Contra
2316 2917 2556 2983 Arium

607 3001 940 3068 credimus
1003 2999 1310 3081 ὅμοοόσιον
1371 3000 1584 3066 filium
1647 3001 1837 3085 patri.
1926 3000 2177 3068 Contra
2238 3001 2560 3069 Servatum

606 3087 935 3154 credimus
969 3096 1316 3153 aeternum
1346 3108 1433 3152 ex
1466 3093 1732 3154 aeterno
1764 3094 1953 3172 patre
1996 3089 2295 3172 genitum
2327 3088 2559 3168 filium,

607 3174 1128 3257 omnipotentem
1180 3194 1265 3238 ex
1327 3173 1791 3257 omnipotente,
1856 3174 2216 3257 perfectum
2270 3193 2354 3240 ex
2410 3194 2559 3257 per-

606 3259 795 3324 fecto.
887 3259 1060 3326 Item
1112 3258 1411 3325 Verbum
1479 3279 1733 3343 quoque
1791 3279 1908 3325 suo
1960 3266 2253 3344 tempore
2308 3260 2553 3327 factum

599 3344 954 3426 hominem,
998 3365 1132 3411 non
1174 3352 1431 3414 mutata
1472 3352 1714 3411 natura
1756 3345 1962 3410 Verbi
2004 3346 2075 3410 in
2111 3365 2397 3424 carnem,
2440 3343 2557 3412 sed

598 3431 787 3497 carni
820 3431 892 3496 in
926 3451 1125 3497 unam
1161 3429 1567 3516 hypostasim
1607 3431 1813 3496 unita.
1884 3431 2166 3515 Propter
2198 3431 2557 3515 puritatem

597 3524 667 3582 et
710 3516 1198 3601 simplicitatem
1242 3516 1594 3599 apostolico
1637 3515 1935 3601 symbolo
1969 3517 2260 3583 contenti
2293 3535 2557 3583 sumus:

603 3602 725 3670 sed
767 3623 853 3668 ne
895 3602 1382 3669 calumnientur
1424 3621 1546 3667 nos
1588 3600 1812 3668 hostes
1855 3602 2054 3667 etiam
2090 3611 2156 3668 et
2189 3602 2557 3670 Nicaenum

596 3710 750 3755 cum
797 3687 1146 3754 Athanasii
1191 3684 1490 3773 symbolo
1532 3699 1763 3754 contra
1804 3688 2169 3755 haereticos
2214 3709 2556 3774 emergen-

600 3787 702 3841 tes
745 3775 1114 3858 recipimus.
1185 3773 1537 3838 Caeterum
1580 3782 1657 3839 ut
1697 3774 1809 3840 via
1843 3773 2026 3840 falsis
2060 3774 2439 3841 rumoribus
2474 3775 2557 3840 de

602 3862 844 3926 nostris
887 3858 1176 3926 ecclesiis
1219 3857 1553 3943 praecludi
1593 3859 1821 3943 possit,
1875 3860 1944 3925 in
1987 3868 2321 3945 posterum
2365 3881 2555 3945 roga-

600 3967 752 4020 mus
783 3967 868 4011 ne
900 3947 1216 4028 cuiusque
1240 3943 1673 4012 delationibus
1713 3945 1825 4011 vel
1867 3946 2064 4012 etiam
2111 3945 2374 4030 scriptis
2416 3967 2556 4013 cre·

602 4031 794 4111 datis,
838 4032 963 4097 nisi
1007 4031 1217 4096 literis
1303 4027 1535 4096 ublicis
1570 4030 1653 4096 ab
1686 4031 1833 4097 istis
1867 4032 2235 4099 senioribus
2269 4031 2379 4099 vel
2411 4031 2559 4097 illo-

603 4138 754 4182 rum
796 4116 1128 4203 plerisque
1185 4137 1260 4182 su
1308 4115 1588 4200 scriptis.
1659 4117 1929 4184 Literae
1963 4118 2141 4184 enim
2174 4139 2338 4202 quas
2372 4116 2559 4184 detu-

600 4203 772 4270 lerat
825 4202 909 4268 ad
965 4209 1032 4267 te
1087 4202 1423 4268 Martinus
1471 4200 1858 4282 Ozechovius,
1910 4203 2002 4268 ill.
2046 4202 2340 4269 Palatini
2381 4203 2558 4269 Wil-

601 4289 828 4356 nensis
881 4288 1184 4370 nuncius,
1241 4295 1557 4371 tanquam
1611 4288 1692 4355 ab
1736 4288 2006 4356 ecclesia
2048 4289 2253 4369 datas,
2297 4296 2558 4355 tantum

600 4373 1201 4527 inffiffifflgui
1235 4376 1652 4527 mm.
1673 4372 2560 4528 ἶὶῃῖἓὲἷίἒὲἓέἲὲἳέζ

602 4557 866 4613 tantum
908 4546 1376 4612 circumventis
1419 4545 1696 4630 scriptos
1741 4567 1884 4612 esse
1919 4546 2099 4611 scito.
2168 4546 2357 4612 Bene
2391 4546 2557 4628 vale,

603 4634 714 4700 vir
756 4631 1135 4712 clarissime,
1179 4631 1510 4697 Dominus
1558 4642 1622 4697 te
1656 4639 1876 4699 servet
1910 4631 2021 4699 diu
2057 4632 2366 4699 ecclesiae
2399 4652 2557 4698 suae

601 4844 799 4852 ——-.
854 4842 887 4849 .--
910 4841 1011 4849 *0-

599 4991 791 5050 ⁸64⁷.
819 4990 879 5058 1)
922 4991 1098 5045 Varia
1133 4990 1462 5045 tentavimus
1494 4989 1572 5044 ad
1604 5005 1819 5046 sensum
1854 4992 1904 5047 h.
1930 4992 1963 5045 1.
1988 4990 2424 5047 comanendum
2530 5008 2559 5047 s

599 5060 1082 5130 interpunctionis.
1158 5057 1267 5112 Sed
1312 5058 1531 5124 frustra
1547 5081 1563 5109 .-
1610 5061 1960 5128 proverbium
2000 5065 2222 5130 praesto
2277 5067 2382 5115 est.-
2432 5007 2557 5117 §gs

605 5132 809 5188 Potoni
841 5145 951 5184 non
987 5141 1248 5182 curamus
1280 5133 1378 5183 etc.

807 5196 866 5266 2)
904 5194 1156 5253 Sao-nicio·
1183 5199 1325 5265 puta
1358 5201 1411 5253 et
1447 5193 1638 5266 Sylvii.
1713 5195 1800 5264 Cf.
1833 5197 2160 5255 Lisnaaiai
2188 5214 2275 5267 op.
2301 5197 2558 5268 proaem

2126 339 2658 412 EPIS'ROLAE
2698 342 3122 409 8647-3649

4489 342 4599 407 168

2673 528 2934 596 fidelem
3006 530 3397 597 ministrum.
3509 529 3722 598 Datae
3785 529 4142 598 Cracoviae
4216 551 4304 596 ex
4488 529 4596 600 odo

2671 616 3004 683 seniorum
3045 615 3164 682 xiii
3207 616 3554 684 Decembr.
3600 636 3775 685 anno
3798 616 4070 684 Domini
4108 616 4202 683 M.
4225 615 4310 683 D.
4334 616 4398 685 L
4456 618 4508 684 I.

3313 753 3686 822 Stanislaus
3728 753 4076 822 Liasoczki
4089 755 4147 834 ⁸)
4188 752 4266 819 P.
4308 752 4354 820 1.

3051 840 3273 907 senior
3314 840 3738 907 ecclesiarum
3781 840 4093 908 dioecesis
4133 838 4594 907 Oracoviensis.

3352 957 3721 1027 Stanislaus
3764 959 4140 1027 Karninski
4182 959 4353 1026 Iuan

3051 1045 3270 1113 senior
3313 1045 3735 1114 ecclesiarum
3778 1046 4093 1113 dioecesis
4136 1045 4594 1114 Oraoovienm·

3557 1166 3801 1233 Petrus
3843 1165 4106 1236 Strzala

3161 1252 3381 1319 senior
3424 1249 3731 1318 ecclesiae'
3773 1250 4047 1320 ducatus
4088 1251 4488 1319 Zatoriensis'

3303 1355 3308 1362 ·
3522 1344 3590 1403 et
3622 1337 4150 1406 Osviecimensis.

3480 1457 3688 1523 Adam
3732 1455 4164 1526 Swierczkow
4172 1457 4280 1524 ski

3275 1542 3492 1610 senior
3533 1543 3843 1610 ecclesiae
3884 1544 4340 1612 Cracoviensis

3426 1628 3758 1696 districtus
3799 1629 4214 1697 Xiaznensis.

3224 1748 3460 1815 Foelix
3506 1748 3826 1835 Cruciger
3867 1750 4420 1835 superintendens

3264 1834 3689 1903 ecclesiarum
3729 1836 4009 1903 minoris
4042 1835 4374 1904 Poloniae.

3499 1953 3865 2040 Gregorius
3907 1956 4158 2023 Paulus

3207 2039 3509 2106 minister
3549 2040 3738 2108 Orac.
3783 2052 3851 2107 et
3891 2041 4459 2127 superintendens.

3407 2158 3779 2227 Stanislaus
3821 2160 4259 2228 Lintomirski

3417 2245 3726 2314 ecclesiae
3768 2245 3899 2314 Dei
3940 2248 4259 2313 minister.

3561 2366 3810 2432 Paulus
3849 2366 4155 2434 Gilonius

3352 2451 4369 2605 ⁸⁰P⁶15³¹253333¹¹230⁰1¹12ffi⁰m

3501 2656 3828 2743 Georgius
3869 2657 4234 2725 Blandrata

3615 2742 3737 2810 Dr.
3782 2753 3853 2810 et
3893 2745 4126 2812 senior.

3519 3316 3722 3389 8648.

2815 3496 3246 3567 SYNODUS
3289 3496 3979 3567 CRACOVIENSIS
4022 3497 4442 3566 CALVINO

2834 3669 2945 3736 Ex
3009 3675 3197 3754 parte
3253 3671 3509 3771 ‘similis
3571 3672 3925 3755 aryumenti
4003 3689 4078 3772 ac
4129 3670 4527 3754 praecedens.
4550 3669 4599 3769 ξ)

2661 3753 3780 3910 W’rmdnuo’thwm
3811 3757 4170 3841 defendwm·
4201 3760 4471 3841 quatuor
4487 3754 4600 3821 clu

2743 4029 2857 4096 (Ex
2890 4030 3205 4101 apographo
3241 4029 3453 4087 Codicis
3488 4030 3661 4087 Paris.
3697 4031 3835 4088 Coll.
3872 4030 4068 4101 Dupuy
4105 4028 4219 4099 102,
4252 4030 4345 4086 fol.
4382 4026 4522 4097 156.)

2864 4303 2923 4375 3)
2960 4306 3261 4363 Nominum
3303 4311 3660 4375 propriorem
3705 4305 4018 4361 nathaniae
4053 4305 4193 4372 fides
4228 4318 4397 4375 penes
4441 4302 4604 4363 lubra}

2657 4375 2805 4430 rium
2839 4380 2971 4429 esto.
3043 4374 3119 4429 In
3153 4375 3397 4445 sequenti
3427 4390 3506 4444 ep.
3537 4376 3753 4457 possim
3786 4381 4047 4443 corrupta
4079 4374 4351 4429 videntur.

2659 4442 2848 4526 sus.
2867 4442 2958 4526 1)·
2977 4441 3141 4498 Illam
3186 4444 3436 4526 ministr}
3471 4448 3693 4513 provata
3741 4457 3843 4497 suo
3890 4443 4123 4508 nomine,
4169 4442 4317 4498 hanc
4336 4440 4599 4565 &aaut

2656 4526 2818 4664 mnf„
2818 4603 2851 4662 ..-
2976 4512 3415 4664 ,Ἥιᾞαῗῖ
3436 4510 4026 4662 υῗέιζίηῗοῳωρηωο
3961 4510 4195 4635 Ἥ
4215 4526 4430 4651 afflando
4464 4510 4598 4650 ‹2⁶ss

2659 4666 2924 4721 vigesima
2955 4649 3075 4716 fmt,
3094 4666 3256 4720 pauci
3290 4665 3360 4705 ex
3393 4654 3644 4719 patronis
3679 4656 3735 4704 et
3748 4654 4016 4704 ministris
4049 4649 4181 4704 illuc
4212 4651 4593 4704 convenerunt-

2657 4718 2722 4772 In
2755 4717 2859 4773 hac
2892 4718 3084 4773 literae
3119 4717 3334 4773 Calvini
3379 4717 3485 4784 (N.
3519 4715 3658 4772 3562
3723 4717 3914 4785 lectae,
3963 4718 4163 4800 quibus
4208 4715 4500 4788 perscribit
4537 4729 4594 4769 se

2657 4787 2898 4842 Martino
2931 4784 3321 4851 Czcchowicio‚
3352 4786 3606 4841 ministro
3679 4787 3790 4842 uois
3824 4786 4135 4852 Badsivilii,
4167 4786 4356 4842 literas
4388 4784 4595 4842 dedisse

2657 4856 2728 4910 ad
2840 4861 3062 4911 tronum
3105 4856 3222 4911 eius
3269 4855 3358 4912 cui
3396 4854 3652 4910 haereses
3696 4855 4022 4912 Blandi-atae
4065 4855 4342 4911 detexerit
4372 4893 4393 4911 .
4410 4889 4593 4912 ......

2651 4924 2741 4994 (p.
2806 4923 2900 5007 29)
2934 4925 3174 4980 Tandem
3206 4940 3317 4980 uno
3350 4924 3531 4980 animo
3564 4926 3638 4980 ab
3669 4926 3922 4980 omnibus
3955 4926 4280 4992 conclusum,
4301 4923 4593 4979 Blandi-st·

2657 4993 3050 5049 confessionem
3095 4993 3226 5048 fidei
3281 4993 3591 5048 conscribat
3647 5000 3707 5049 et
3761 5011 3916 5049 suam
3953 4993 4321 5049 innocentiam
4369 4994 4588 5047 asserat·

2657 5062 2746 5116 Ex
2776 5061 2880 5117 hae
2922 5061 3134 5132 synodo
3175 5061 3338 5116 datae
3381 5062 3450 5117 de
3492 5061 3597 5118 hoc
3628 5063 3850 5134 negotio
3882 5063 3953 5117 ad
3990 5062 4273 5120 Calvinum
4307 5066 4366 5116 et
4394 5058 4590 5116 Bullin-

2656 5147 2882 5255 33.
2899 5128 3343 5256 war*
3262 5129 3981 5272 ..3333333
3945 5126 4591 5259 matutam

2655 5267 2778 5323 buit
2808 5270 2866 5323 in
2900 5268 3094 5324 Χίου.
