4850 6117
367 397 502 463 185

366 582 666 651 miserat.
757 582 864 651 De
927 607 1075 652 mea
1109 585 1484 654 valetudine
1528 586 1755 654 audies
1796 607 1881 651 ex
1916 585 2042 651 hoc
2085 584 2328 652 nuncio

369 677 444 735 et
501 667 583 735 de
640 679 828 737 motu
870 669 1457 739 MontelimardicO.
1478 676 1538 749 ⁸)
1626 670 1921 738 Salutem
1978 669 2329 754 plurimam

367 753 521 823 dico
564 754 833 843 collegis
876 767 945 822 et
984 758 1300 825 fratribus
1343 758 1661 825 omnibus.
1750 756 1919 825 Vale
1961 757 2203 841 optime
2255 777 2331 822 ac

363 839 743 993 giutissigne
786 850 855 908 et
897 851 1080 909 tuam
1124 863 1281 911 cura
1323 842 1786 910 valetudinem.
1865 843 2182 909 Nemausi
2232 846 2326 907 17.

439 948 623 994 ecem
674 978 689 994 .
713 933 772 1009 ⁴)

1353 1066 1536 1132 'l'uus
1579 1067 1820 1132 Petrus
1865 1067 2156 1133 Viretus.

917 1669 923 1675 .
1257 1613 1461 1684 8658.

864 1768 1295 1838 SURAEUS
1321 1772 1375 1851 ²)
1411 1766 1845 1836 OALVINO.

546 1940 804 2007 Laude&
856 1941 1143 2009 ecclesiae
1194 1940 1684 2008 Aurelianensis
1727 1940 1915 2006 laetos
1945 1959 2322 2024 proffessus

456 2028 485 2093 i
539 2034 688 2093 sunt
728 2028 1041 2095 eiusmodi
1080 2032 1153 2094 ut
1182 2026 1485 2110 pluribus
1526 2045 1682 2109 opus
1733 2024 1955 2092 habeat
1986 2026 2319 2118 ministris.

353 2114 770 2266 ‹211quan
772 2114 1244 2266 ὢοοαναηᾱίε
1291 2118 1352 2179 et
1400 2113 1548 2194 ipsa
1597 2113 1829 2197 satayit
1881 2115 1936 2176 et
1991 2108 2323 2177 Calvinum

701 2371 812 2436 (Ex
848 2370 1191 2442 autographo
1228 2369 1361 2426 Ood.
1399 2368 1535 2424 Gen.
1572 2367 1692 2434 109,
1724 2369 1816 2424 fol.
1853 2367 1998 2439 186.)

544 2542 887 2609 Monsieur
929 2543 1268 2610 Monsieur
1310 2542 1568 2610 Oalvin.
1746 2628 1810 2695 A
1855 2626 1919 2694 G

1922 2645 2148 2693 eneve.

443 2801 682 2868 Gratia
714 2809 783 2866 et
814 2821 943 2884 pax
980 2821 1020 2867 a
1054 2800 1200 2867 Deo
1231 2808 1420 2885 patre
1454 2805 1521 2864 et
1554 2799 1705 2865 Iesu
1740 2796 2009 2865 Christo
2043 2795 2131 2863 D.
2166 2796 2250 2863 N.

546 2973 693 3038 Etsi
750 2970 929 3038 aliud
986 2971 1182 3057 longe
1359 2976 1705 3038 amentum
1762 2968 1847 3036 ad
1888 2978 1957 3037 te
1999 2967 2325 3037 scribendi

355 3058 715 3140 habebam,
759 3058 1005 3143 optime
1046 3065 1250 3143 pater,
1294 3081 1351 3125 si
1389 3058 1502 3125 vel
1544 3064 1736 3124 tuum
1779 3056 1851 3121 in
1891 3076 2000 3122 me
2034 3075 2324 3122 amorem

355 3144 483 3213 vel
536 3165 748 3212 seram
798 3164 1013 3210 meam
1170 3143 1412 3210 tiarum
1457 3143 1777 3211 actionem
1821 3142 2042 3207 animo
2081 3140 2323 3208 vellem

357 3230 734 3316 complecti,
792 3236 1018 3297 tamen
1116 3250 1193 3298 oc
1247 3250 1458 3315 genus
1514 3229 1599 3295 ad
1642 3237 1710 3295 te
1752 3227 2093 3294 literarum
2135 3247 2322 3311 pere-

356 3315 644 3403 grinum
685 3323 801 3382 aut
839 3316 1261 3383 temerarium
1305 3317 1574 3383 minime
1615 3313 2038 3395 existimabis,
2082 3320 2159 3380 ut
2198 3332 2322 3398 ego

361 3402 637 3486 quidem
667 3401 990 3483 existimo,
1026 3402 1086 3467 si
1127 3402 1471 3469 consilium
1506 3422 1643 3468 non
1687 3408 1825 3467 tam
1866 3420 2091 3466 meum
2123 3419 2322 3483 quam

360 3489 577 3555 totius
653 3487 864 3555 nostri
940 3489 1015 3554 in
1085 3487 1356 3555 Christo
1429 3494 1655 3555 coetus

500 3573 771 3641 vaberis.
844 3574 943 3641 Ac
984 3581 1063 3640 ut
1105 3574 1186 3640 de
1226 3595 1334 3640 me
1375 3574 1663 3658 primum
1745 3572 1930 3651 'cam,
1972 3570 2144 3655 quod
2184 3577 2323 3637 tam

424 3659 694 3726 ’ut-arno
758 3659 1020 3726 silentio
1075 3660 1257 3727 visus
1313 3681 1463 3726 sum
1517 3658 1625 3726 vel
1678 3656 2147 3736 dissimulasse,
2212 3656 2323 3722 vel

361 3764 512 3812 non
566 3746 727 3813 satis
780 3743 1188 3829 praedicasse
1240 3767 1406 3829 quae
1459 3746 1576 3811 abs
1616 3752 1681 3811 te
1723 3743 1942 3828 accepi
1984 3742 2322 3822 beneficia,

363 3851 510 3898 non
550 3832 675 3898 fuit
715 3832 960 3915 ingrati
1003 3832 1224 3913 animi,
1266 3830 1383 3898 sed
1424 3831 1643 3916 potius
1685 3831 1838 3915 quia
1880 3828 2010 3896 duo
2051 3829 2217 3894 mihi
2250 3830 2322 3894 in

362 3925 668 3983 mentem
711 3927 1058 3984 venerunt.
1127 3917 1430 3984 Primum
1476 3926 1542 3983 te
1584 3937 1717 3982 non
1768 3936 1845 3982 eo
1879 3914 2101 3981 animo
2136 3913 2323 3980 verbi

366 4002 587 4069 divini
625 4025 980 4087 praecones
1014 4003 1344 4071 dimittere
1375 4002 1860 4087 postulantibus
1893 4000 2202 4079 ecclesiis,
2245 4009 2324 4066 ut

364 4109 511 4155 non
583 4089 1077 4157 monarchicum
1143 4088 1470 4174 quoddam
1530 4089 1881 4172 imperium
1945 4096 2015 4153 et
2078 4087 2324 4152 fastum

362 4194 757 4259 usurpares:
799 4176 959 4259 quin
992 4176 1211 4259 potius
1245 4173 1791 4260 quemadmodum
1828 4181 1896 4240 et
1927 4173 2171 4257 scripta
2204 4179 2324 4238 tua

366 4271 446 4326 et
494 4262 837 4328 conciones
890 4271 1272 4341 tesstantur,
1347 4260 1416 4327 id
1469 4283 1676 4327 unum
1730 4268 1797 4326 te
1849 4279 2045 4344 agere
2095 4278 2324 4325 omnes

364 4355 624 4412 norunt
657 4355 734 4413 ut
767 4347 948 4414 solus
969 4346 1279 4414 Christus
1303 4346 1607 4428 emineat,
1641 4343 1954 4430 quidquid
1995 4343 2324 4429 reliquum

364 4440 477 4498 est
518 4432 581 4498 ei
622 4432 968 4499 subiaceat.
1047 4432 1356 4499 Alterum
1399 4432 1525 4499 fuit
1566 4431 1736 4516 quod
1778 4429 1996 4497 oneris
2037 4430 2325 4515 suscepti

362 4518 761 4604 magnitudo
822 4531 894 4586 et
948 4519 1191 4585 virium
1244 4539 1544 4585 mearum
1601 4524 1707 4597 (ut
1759 4519 1901 4602 ipse
1953 4515 2120 4582 mihi
2173 4536 2323 4582 sum

1799 3484 2122 3570 rpendere
2185 3504 2323 3551 non

579 4774 643 4842 3)
679 4773 770 4831 De
801 4776 904 4831 hoc
935 4776 1077 4832 nihil
1108 4777 1336 4845 ῑεφίωιω
1368 4793 1458 4860 ap.
1492 4773 1750 4843 Δηιαιιᾶ,
1782 4774 1907 4829 hist.
1943 4771 2038 4828 aas
2065 4777 2213 4843 prot.
2247 4770 2325 4826 du

361 4843 695 4971 wi.
766 4845 934 4900 Anno
985 4851 1235 4915 sequente
1282 4847 1532 4901 minnista·
1588 4860 1650 4900 co
1700 4844 1898 4897 missus
1965 4847 2062 4896 est.
2138 4840 2325 4909 (Idem

539 4920 642 5050 ³4)
681 4983 1022 5039 Nemausum
1051 4983 1274 5054 reliquit
1316 4983 1536 5038 Vir-etus
1569 4998 1639 5036 m.
1664 4981 1826 5036 Maio
1864 4977 2015 5036 1562.

365 5050 560 5133 Seps.
581 5053 640 5121 1)
671 5051 893 5122 Hagnas
930 5054 1138 5108 Sureau
1206 5053 1275 5107 de
1309 5053 1523 5114 Rosier,
1558 5051 1627 5104 ιιό
1662 5050 1696 5134 a
1727 5045 2221 5141 Ilozop-sursserre
2254 5062 2325 5100 en

367 5121 682 5188 Tisi-arche,
729 5126 875 5175 mort
906 5122 944 5177 a
978 5121 1264 5177 Francfort
1308 5137 1434 5175 vers
1468 5117 1623 5183 1575,
1667 5124 1805 5174 etant
1849 5119 1886 5171 d
1900 5116 2069 5171 abord
2113 5130 2325 5170 correc-

370 5197 502 5244 teur
534 5189 940 5260 d'imprimerie.
995 5190 1080 5246 On
1116 5206 1186 5244 ne
1221 5191 1329 5244 sait
1401 5206 1461 5243 as
1495 5188 1701 5243 l’annee
1736 5187 1918 5258 quand
1952 5187 1993 5241 il
2027 5185 2112 5240 fut
2145 5183 2324 5237 donne

362 5265 852 5383 ἓῗωοῌρωιοῐιὲ·
895 5257 1176 5395 ἓέΞξόῗΙίεο
1212 5207 1509 5314 ᾶὈιῦΞιιιιε.
1582 5257 1852 5324 (Bulletin
1886 5254 2039 5311 vm.
2074 5251 2193 5308 602.
2228 5251 2320 5306 lx.

2074 399 2236 464 1561
2281 393 2691 464 ΒΕΟΕΜΒ.

4246 409 4371 473 186

2429 583 2758 670 conscius)
2836 585 3245 654 imbecillitas
3320 608 3429 654 me
3502 610 3761 675 semper
3836 592 4235 660 taciturnum
4301 602 4371 660 et

2429 671 2724 754 quietum
2765 671 3102 752 continuit,
3139 682 3214 739 ut
3247 673 3460 759 magis
3493 673 3726 741 liberet
3758 677 3932 761 apud
3967 699 4075 743 me
4108 699 4371 762 gemere

2429 776 2560 820 non
2627 757 3011 823 successisse
3075 758 3245 843 quod
3289 760 3595 843 sperabas
3633 773 3701 827 et
3755 762 4026 829 ecclesia
4069 764 4371 831 Aurelia-

2431 841 2655 907 nensis
2696 841 2978 925 optabat,
3015 865 3210 927 quam
3246 845 3581 929 gratulari,
3620 868 3725 914 me
3759 849 3828 913 in
3862 846 4041 915 hunc
4075 850 4370 917 ordinem

2432 947 2574 993 esse
2601 935 3006 1114 fiogppgtastgffi,
3050 1016 3294 1099 optime
3326 1025 3530 1100 pater,
3618 1039 3740 1083 uae
3775 1019 4031 1086 adferre
4064 1039 4369 1103 possum:

2429 1117 2597 1183 quae
2642 1119 2775 1164 scio
2821 1098 2996 1182 apud
3041 1107 3104 1167 te
3145 1102 3394 1168 iustum
3437 1124 3568 1186 pon
3614 1125 3691 1170 us
3733 1104 4039 1171 habitura
4079 1126 4239 1185 esse,
4293 1115 4370 1172 ut

2429 1204 2549 1348 pro
2585 1205 2841 1290 summa
2875 1197 2989 1292 tua
3006 1187 3360 1300 prudentia
3392 1188 3705 1255 iudicabis
3739 1211 3871 1289 non
3904 1195 3967 1269 ἐξ
4000 1188 4371 1275 ὑποκρίσεως

2431 1294 2873 1454 εᾶέἕοξίσιιεεές
2889 1276 3039 1423 ἕιῗίλῢλ
3058 1274 3175 1424 οιξξ
3218 1279 4138 1444 ῗιέἶξοεείῗςᾳὲιῖιῖθῖἓιιιῗὲἓὲἱη
4177 1275 4374 1430 aHdaetg

2428 1442 2730 1520 scnbere,
2775 1442 2844 1508 id
2886 1443 3054 1508 mihi
3096 1466 3145 1508 n
3227 1445 3339 1510 otii
3384 1444 3701 1526 dederint,
3745 1454 3821 1513 ut
3863 1467 3995 1514 non
4039 1458 4176 1514 tam
4196 1451 4200 1458 '
4218 1469 4366 1534 gra-
4397 1455 4400 1456 ’

2427 1526 2681 1593 tulandi
2746 1549 2941 1611 quam
3003 1540 3199 1613 postu
3224 1530 3407 1610 andi,
3483 1531 3589 1598 vel
3640 1532 3852 1616 ,etiam
3908 1533 4370 1617 expostulandi

2427 1620 2644 1679 tecum
2720 1615 3059 1680 materiem
3139 1625 3368 1683 nactus
3449 1618 3737 1700 (ignosce
3814 1621 3986 1702 quod
4061 1618 4370 1687 audacius

2424 1699 2667 1781 scribo)
2712 1707 2776 1765 te
2819 1698 2900 1766 de
2936 1702 3381 1767 ministrorum
3419 1702 3695 1786 penuria
3728 1705 4370 1772 commonefacerem.

2423 1783 2516 1851 Ut
2558 1785 2629 1849 in
2685 1784 2808 1853 hac
2864 1807 2937 1852 re
2988 1808 3118 1853 non
3170 1786 3380 1854 solum
3436 1784 3756 1874 ἀχάριστον
3805 1811 3930 1870 me,
3997 1789 4115 1858 sed
4166 1791 4368 1858 etiam

2418 1878 2823 1955 μεμψίμοιρον
2875 1890 3208 1956 agnoscas,
3270 1883 3338 1939 et
3393 1875 3784 1941 santissimis
3835 1875 4141 1943 ecclesiae
4197 1877 4367 1945 votis

2422 1954 2717 2021 nondum
2793 1958 3194 2023 satisfactum
3270 1979 3413 2026 esse
3481 1959 3826 2046 intelligas.
3935 1960 4367 2029 Felieissimis

2422 2041 2727 2125 auspiciis
2771 2043 2878 2111 hic
2919 2051 2986 2109 et
3024 2055 3181 2110 nata
3220 2053 3324 2111 est
3365 2055 3434 2112 et
3475 2044 3761 2113 adolevit
3801 2067 3878 2113 eo
3920 2068 4124 2132 usque
4165 2048 4368 2115 eccle-

2421 2127 2540 2207 sia,
2585 2137 2661 2192 ut
2701 2130 2831 2194 iam
2875 2130 3089 2214 operis
3128 2128 3334 2196 moles
3375 2130 3653 2197 maiores
3693 2132 4019 2216 operarios
4061 2133 4369 2217 postulet,

2422 2211 2967 2295 quemadmodum
3043 2237 3174 2281 non
3252 2214 3415 2283 haec
3482 2217 3715 2284 civitas
3776 2217 3986 2284 solum
4050 2217 4165 2284 sed
4226 2226 4365 2286 tota

2424 2298 2646 2365 Gallia
2689 2321 2760 2367 se
2801 2299 3176 2367 huiusmodi
3221 2300 3380 2368 viris
3415 2323 3607 2387 egere
3641 2301 3951 2371 clamitat.
4022 2303 4216 2370 Hanc
4250 2325 4365 2370 ex·

2421 2394 2697 2451 tremam
2763 2406 3031 2452 manum
3095 2396 3173 2452 ut
3226 2387 3453 2454 divino
3522 2389 3702 2472 operi
3760 2387 4074 2455 adderent
4128 2390 4365 2455 fratres

2422 2491 2546 2537 nec
2588 2470 2903 2555 impensis
2944 2491 3067 2538 nec
3109 2472 3456 2540 itineribus
3494 2482 3945 2558 pepercerunt.
3995 2475 4366 2541 Tentarunt

2425 2553 2512 2623 D.
2566 2555 2829 2635 Beswm,
2872 2557 3253 2638 Galla-sium,
3305 2559 3603 2642 Vir-ctum,
3639 2558 3923 2643 Spinam.
3995 2560 4183 2625 Nihil
4216 2581 4365 2628 suc·

2423 2642 2636 2709 cessit.
2737 2642 2876 2709 Alii
2940 2642 3109 2727 quod
3172 2646 3445 2711 summis
3505 2645 3837 2713 laboribus
3900 2654 3967 2714 et
4029 2647 4369 2714 conatibus

2427 2748 2467 2793 a
2509 2728 2750 2795 nostris
2793 2729 3157 2814 quaesitum
3200 2743 3299 2796 est
3363 2732 3549 2799 nobis
3590 2733 4105 2816 praeripuerunt.
4186 2731 4367 2814 Quin

2426 2812 2644 2890 etiam,
2688 2835 2775 2880 ne
2817 2813 2974 2898 quid
3014 2814 3257 2883 laboris
3302 2816 3406 2883 vel
3448 2827 3749 2902 sumptus
3787 2817 3954 2883 relin
4002 2825 4267 2885 ueretur
4299 2825 4368 2884 et

2425 2898 2649 2966 nullus
2689 2921 2824 2967 non
2864 2908 3238 2972 moveretur
3277 2901 3464 2986 lapis,
3506 2904 3746 2969 missus
3788 2910 3891 2970 est
4055 2924 4177 2970 vos
4217 2902 4368 2972 Gal·

2427 2984 2633 3065 listas,
2668 2986 2782 3069 qui
2816 2985 2893 3053 D.
2931 2985 3288 3054 Beraldum
3316 2996 3385 3053 et
3417 2987 3726 3056 mittum
3760 3010 3802 3056 a
3833 2989 4017 3057 vobis
4040 2990 4365 3074 impetret.

2424 3068 2607 3137 Dum
2651 3070 2786 3138 illic
2828 3080 2929 3139 est
2967 3071 3272 3139 audimus
3312 3072 3668 3142 Beraldwn
3711 3075 3791 3142 ab
3835 3074 3980 3142 aliis
4013 3075 4366 3142 sollicitari.

2424 3154 2725 3244 Denique
2767 3179 2844 3223 eo
2885 3166 3158 3226 ventum
3201 3166 3303 3225 est
3344 3168 3422 3226 ut
3461 3170 3831 3227 metuamus
3874 3182 3978 3239 ne,
4022 3170 4369 3245 postquam

2422 3243 2644 3309 omnia
2705 3243 3133 3325 effecerimus,
3198 3243 3496 3312 laborum
3543 3254 3919 3313 nostrorum
3975 3247 4196 3313 fructu
4257 3247 4369 3312 alii

2422 3329 2778 3413 potiantur.
2863 3329 3248 3398 Postremus
3300 3330 3375 3397 in
3416 3331 3705 3398 Galliam
3748 3331 3935 3398 venit
3993 3330 4370 3415 Spifamius,

2422 3416 2531 3481 cui
2571 3416 2972 3483 trimestrem
3006 3415 3229 3483 sedem
3262 3416 3334 3483 in
3370 3416 3609 3501 oppido
3643 3418 3831 3485 nobis
3866 3418 4078 3485 vicino
4112 3438 4369 3486 conces·

2421 3499 2618 3567 sistis.
2706 3501 2901 3570 Unde
2943 3522 3063 3569 nec
3104 3502 3388 3588 migrare
3430 3523 3553 3570 nec
3595 3504 3899 3588 cuiquam
3942 3524 4012 3570 se
4068 3503 4366 3571 addicere

2421 3587 2652 3652 statuit
2693 3587 2852 3672 quin
2894 3588 3078 3672 prius
3121 3597 3413 3656 vestrum
3469 3589 3786 3656 iudicium
3828 3591 4168 3674 acceperit.
4248 3589 4365 3655 In-

2419 3674 2614 3739 terim
2637 3673 2943 3761 gnaviter
2964 3675 3301 3741 Lutctiani
3342 3676 3732 3742 incumbunt
3774 3683 3848 3741 ut
3890 3684 3957 3741 et
3991 3675 4265 3742 Via-etum
4297 3681 4364 3740 et

2423 3760 2815 3843 qu‘ifamium
2877 3760 3316 3845 Megalopolin
3375 3759 3716 3828 abducant.
3803 3760 3883 3826 Id
3943 3780 4117 3826 nunc
4158 3771 4225 3825 te
4259 3780 4363 3825 ro-

2421 3867 2655 3932 gamus
2698 3853 2775 3912 ut
2807 3845 2993 3912 nobis
3028 3845 3308 3912 alterum
3345 3847 3451 3913 vel
3486 3859 3832 3931 utrumque
3866 3867 4106 3913 serves.
4173 3845 4366 3912 Nosti

2420 3933 2563 4017 ipse
2622 3936 2733 4011 (ne
2788 3930 3045 4016 longior
3098 3932 3252 4012 sim)
3305 3932 3414 3999 hic
3456 3955 3592 3999 non
3635 3932 3944 3999 Thebana
3984 3931 4101 3996 sed
4143 3931 4364 3997 Attica

2420 4039 2564 4085 esse
2605 4018 2885 4101 ingenia.
2973 4017 3333 4101 Postquam
3374 4019 3446 4084 in
3489 4018 3704 4086 lucem
3746 4017 4102 4101 prodiimus
4144 4025 4210 4081 et
4247 4036 4360 4100 pa-

2419 4105 2554 4171 lam
2597 4102 2922 4168 habentur
2963 4124 3187 4171 sacrae
3230 4105 3587 4182 conciones,
3630 4103 3825 4188 plane
3858 4122 4120 4169 necesse
4154 4109 4255 4169 est
4290 4104 4363 4168 in

2422 4197 2807 4275 suggestum
2850 4189 3282 4256 conscendere
3322 4212 3453 4256 non
3496 4192 3606 4274 qui
3647 4190 3918 4255 curiosis
3960 4187 4365 4255 satisfaciant

2423 4284 2662 4359 (neque
2698 4276 2873 4340 enim
2906 4272 3408 4359 ἀνθρωπάρεσκοι
3440 4276 3693 4358 sumus)
3729 4272 3844 4340 sed
3876 4274 3989 4357 qui
4023 4274 4364 4343 conciones

2423 4360 2790 4429 eruditione
2854 4361 3182 4441 condiant,
3240 4382 3326 4426 ne
3390 4359 3598 4425 divini
3661 4360 3850 4427 verbi
3911 4360 4216 4426 maiestas
4279 4361 4362 4428 ob

2424 4455 2720 4514 nostram
2763 4447 3107 4512 infantiam
3147 4445 3438 4513 vilescat.
3497 4444 3857 4529 Spifamius
3898 4445 4038 4530 ipse
4081 4465 4214 4510 non
4248 4444 4364 4512 ob-

2423 4555 2613 4602 scure
2656 4532 3055 4618 significavit
3097 4554 3168 4598 se
3189 4532 3528 4598 Lutetiam
3571 4551 3703 4599 non
3742 4530 4019 4599 libenter
4059 4532 4363 4616 migrare,

2422 4619 2538 4687 ubi
2577 4618 2812 4686 maiori
2853 4615 3241 4686 offendiculo
3279 4639 3475 4702 quam
3520 4616 3951 4685 aedificationi
3984 4617 4244 4684 futurus
4277 4617 4366 4685 sit

2424 4714 2492 4772 et
2548 4703 3014 4772 malevolorum
3071 4701 3387 4770 invidiam
3442 4704 3784 4783 concitare,
3824 4727 3942 4790 pro
3982 4702 4124 4770 loco
4166 4724 4364 4787 quem

2421 4793 2559 4860 illic
2602 4799 2798 4858 antea
2839 4789 3140 4868 obtinuit,
3182 4810 3376 4872 quam
3421 4808 3643 4873 pacem
3689 4789 3942 4856 adferre
3984 4799 4196 4874 queat.
4283 4788 4365 4856 Si

2422 4877 2507 4942 ad
2565 4897 2718 4942 eum
2777 4875 3058 4941 scribere
3114 4875 3315 4954 voles,
3372 4876 3581 4941 tutius
3622 4874 3813 4940 illum
3856 4885 3922 4941 et
3964 4873 4365 4942 commodius

2422 4960 2597 5113 3133?
2617 4961 3119 5112 :xxm-2:3³5.
3140 4960 3699 5132 amsi?
3712 4960 4054 5131 ..im
4080 4961 4362 5111 {aa

2422 5131 2691 5199 ferendo
2733 5141 2803 5199 et
2834 5131 3133 5200 hostibus
3175 5132 3545 5200 coercendis
3586 5153 3731 5199 esse
3763 5140 4054 5217 possunt.
4122 5125 4364 5195 Nostra

2423 5218 2697 5286 ecclesia
2755 5240 2884 5285 non
2937 5217 3204 5286 aliunde
3254 5238 3448 5305 quam
3500 5218 3684 5286 illinc
3725 5225 4022 5284 mutuata
4063 5223 4163 5280 est
4203 5235 4363 5298 quos

2423 5304 2638 5371 habet.
2740 5304 2910 5371 Nam
2981 5304 3279 5374 Vallaeus
3342 5310 3564 5392 (quem
3624 5302 3848 5371 Folion
3900 5299 4101 5383 nosti)
4158 5298 4270 5366 ubi
4323 5321 4364 5367 a
