4850 6117
248 408 364 471 209

249 590 801 660 Praestantissimo
845 591 1101 660 Christi
1157 614 1352 662 servo
1393 596 1479 662 D.
1530 595 1863 664 Gulielmo
1904 597 2169 664 Farello

588 677 780 744 fratri
821 686 890 744 et
928 687 1326 765 symmystae
1366 680 1807 767 integerrimo.

404 849 596 932 Quod
659 851 977 918 hactenus
1038 852 1210 917 nihil
1277 854 1396 921 tibi
1473 855 1844 938 scripserim
1908 853 2167 940 culpam

250 935 590 1005 tabellariis
632 945 788 1003 tuae
844 938 1056 1021 gentis
1099 938 1381 1023 assigna.
1470 938 1604 1022 Qui
1647 949 1822 1007 certe
1863 962 2169 1025 praepos-

248 1024 363 1089 teri
401 1030 557 1088 sunt
613 1021 771 1088 dum
827 1022 1055 1089 literas
1096 1045 1438 1109 nunqnam
1480 1026 1820 1109 postulant
1862 1027 1990 1092 nisi
2047 1027 2171 1093 sub

247 1108 602 1175 discessum.
674 1109 771 1175 Ut
811 1108 974 1175 alios
1007 1112 1324 1187 omittam,
1366 1112 1481 1195 qni
1522 1110 1748 1177 literas
1791 1121 1942 1179 tuas
1974 1117 2027 1189 ¹)
2071 1120 2168 1178 at-

245 1194 391 1260 tulit
428 1192 511 1259 ad
553 1214 661 1260 me
702 1196 886 1260 venit
926 1195 1187 1263 circiter
1227 1196 1459 1263 boram
1501 1198 1797 1279 quintam
1841 1219 2040 1282 quum
2087 1196 2171 1264 ad

244 1299 498 1346 coenam
542 1300 753 1346 essem
794 1280 1131 1347 invitatus.
1211 1282 1466 1367 Rogavi
1512 1282 1767 1367 quando
1813 1283 1991 1350 abire
2033 1284 2172 1350 vel·

244 1366 344 1432 let.
427 1364 822 1451 Respondit:
880 1366 1194 1449 postridie
1236 1389 1491 1434 summo
1534 1389 1743 1435 mane.
1815 1370 2000 1435 Haec
2043 1371 2171 1435 erit

246 1454 408 1518 iusta
442 1455 775 1518 excusatio
817 1473 935 1519 cur
966 1474 1251 1520 vacnum
1294 1452 1705 1519 dimitterem.
1776 1454 2172 1538 Quanquam

243 1539 296 1604 si
347 1540 710 1605 necessaria
770 1538 1005 1605 fuisset
1068 1541 1421 1623 responsio,
1488 1540 1758 1605 minime
1816 1542 1889 1606 in
1953 1540 2169 1607 officio

242 1644 601 1693 cessassem.
691 1624 826 1691 Sed
868 1626 1187 1709 principio
1239 1626 1405 1690 mihi
1447 1624 1695 1691 dictum
1736 1627 1969 1705 fuerat,
2011 1628 2169 1693 mis-

243 1730 378 1776 sum
411 1710 567 1774 data
604 1731 801 1795 opera
840 1712 1041 1777 fuisse
1085 1712 1417 1777 hominem
1454 1713 1565 1795 qui
1600 1712 1773 1776 malo
1807 1712 2169 1778 remedium

242 1805 590 1879 quaereret.
673 1795 861 1878 Quae
902 1796 1099 1861 unica
1141 1805 1284 1861 erat
1324 1798 1514 1861 ratio.
1602 1798 1749 1882 Ego
1791 1818 2044 1881 quoque
2083 1798 2167 1862 ad

242 1881 471 1947 Renum
527 1880 867 1948 scribendo
891 1885 949 1958 2)
1008 1882 1302 1965 partibus
1358 1884 1522 1948 meis
1567 1881 1913 1949 defunctus
1967 1903 2164 1950 eram.

243 1967 502 2049 Templa
546 1968 869 2050 occupari,
913 1975 990 2033 ut
1031 1967 1329 2034 odiosum
1364 1977 1467 2033 est
1499 1969 1705 2054 Regis
1739 1969 2028 2049 consilio,
2074 1969 2168 2035 ita

238 2053 407 2120 mibi
440 2074 784 2138 nunquam
839 2054 1106 2137 placuit,
1165 2054 1369 2126 donee
1423 2052 1681 2137 publice
1734 2053 1982 2137 aliquid
2033 2061 2166 2120 sta-

238 2146 520 2205 tueretur
539 2190 553 2217 ,
619 2138 788 2223 quod
857 2138 1039 2205 brevi
1101 2141 1238 2206 fore
1302 2138 1574 2206 confido.
1684 2141 1791 2206 An
1855 2140 2167 2223 privatim

239 2226 411 2291 vobis
451 2225 654 2290 fuerit
707 2232 1141 2310 prospectum,
1200 2227 1440 2304 nescio,
1499 2227 1628 2291 nisi
1673 2225 1842 2310 quod
1890 2225 2168 2292 Cursolii

237 2310 549 2376 adventus
573 2313 632 2392 ⁸)
684 2310 969 2377 hostium
1024 2311 1405 2391 violentiam
1457 2311 1710 2378 sedabit
1764 2322 1832 2377 et
1887 2314 2167 2394 impetus

235 2405 605 2481 compescet.
716 2397 816 2461 'I'u
882 2399 1134 2463 interea
1208 2419 1338 2479 qua
1413 2399 1656 2482 poteris
1720 2397 2165 2463 moderatione

234 2482 564 2549 ecclesiam
606 2484 948 2549 sustineas.
1037 2482 1333 2566 Onpiunt
1390 2487 1624 2550 fratres
1668 2484 2161 2563 Neocomenses,

234 2569 392 2634 sicut
431 2590 521 2635 ex
561 2567 987 2651 christophori
1028 2569 1238 2635 literis
1283 2570 1491 2634 intelli
1538 2590 1626 2648 es,
1670 2580 1737 2636 te
1780 2567 2029 2654 synodo
2062 2571 2163 2634 in-

234 2662 478 2720 teresse.
576 2654 723 2738 Ego
786 2676 827 2719 a
888 2655 1201 2737 Principe
1267 2653 1514 2741 [iussus
1614 2675 1760 2721 sum
1826 2664 1892 2721 et
1956 2653 2159 2742 eiu[s]

233 2760 295 2804 m
326 2738 522 2840 atreJ:
588 2740 700 2806 sed
755 2740 895 2806 dies
947 2742 1061 2825 qui
1113 2739 1517 2828 co[nstitutu.s·
1602 2749 1701 2806 est
1743 2738 1933 2807 valde
1990 2751 2164 2806 esset

232 2846 293 2889 m
364 2827 384 2890 i
442 2824 973 2912 1ntem[pestivus
1021 2877 1241 2893 ......
1246 2825 1275 2914 ]
1334 2828 1451 2891 tim
1488 2874 1793 2891 ........
1859 2824 1989 2912 [Eo
2029 2825 2159 2913 die]

231 2910 543 2995 legendus
597 2922 864 2978 senatus
921 2921 990 2978 et
1045 2911 1492 2979 distribuenda
1548 2933 1837 2977 munera.
1925 2910 2162 2995 Itaque

236 3018 446 3064 vereor
485 3018 577 3064 ne
618 2999 781 3063 mihi
825 2999 1106 3065 liberum
1149 3001 1235 3065 sit
1276 2998 1474 3064 exire.
1548 2997 1681 3063 Sed
1717 2998 1870 3081 quia
1902 2999 2163 3081 scripsit

232 3092 429 3149 mater
462 3084 816 3168 Principis,
863 3086 1152 3151 habitam
1195 3085 1395 3149 fuisse
1430 3084 1560 3150 mei
1603 3083 1923 3150 commodi
1966 3086 2163 3148 ratio-

231 3191 391 3249 nem,
454 3179 724 3254 tempus
788 3171 955 3237 forte
1010 3171 1476 3254 prorogabunt.
1569 3168 1747 3236 Sunt
1801 3171 1979 3235 enim
2034 3169 2162 3236 huc

229 3253 399 3323 brevi
456 3258 743 3324 venturi.
832 3255 1236 3334 Conventus,
1293 3257 1408 3322 ubi
1460 3255 1542 3320 de
1597 3263 1775 3321 statu
1828 3254 2160 3339 religionis

232 3340 461 3426 aliquid
521 3342 1003 3410 decernendum
1061 3350 1190 3422 est,
1251 3342 1531 3407 reiectus
1587 3353 1690 3406 est
1746 3341 1827 3406 ad
1871 3340 2009 3407 Oal.
2054 3340 2160 3405 Ia·

227 3429 449 3495 nuarii.
477 3431 542 3510 ⁴)
634 3427 829 3509 Quod
891 3435 966 3494 ut
1030 3427 1217 3493 malis
1283 3426 1530 3493 artibus
1594 3427 1838 3493 factum
1901 3437 2003 3491 est
2066 3427 2162 3491 ita

225 3515 450 3582 merito
510 3515 697 3581 nobis
752 3513 945 3580 dolet.
1032 3513 1209 3580 Besa
1268 3517 1489 3578 tamen
1531 3513 1774 3595 optime
1831 3520 2052 3595 sperat
2093 3519 2162 3577 et

226 3601 390 3684 cogit
451 3621 565 3666 me
630 3599 879 3685 aliquid
942 3601 1081 3683 spei
1144 3599 1498 3681 concipere.
1588 3598 1790 3663 Faxit
1845 3598 2028 3665 Deus
2085 3606 2162 3664 ut

225 3688 771 3770 exspectationem
803 3695 1092 3753 nostram
1128 3692 1405 3751 eventus
1440 3704 1517 3748 su
1601 3692 1716 3749 ret.
1782 3684 1967 3750 Bene
1991 3684 2158 3764 vale,

226 3773 449 3839 eximie
491 3774 602 3837 vir
645 3780 713 3837 et
753 3773 1179 3856 integerrime
1220 3771 1440 3836 frater.
1579 3770 1837 3835 ominus
1881 3777 1947 3834 te
1989 3790 2158 3836 sem-

299 3881 334 3922 r
375 3865 659 3937 tueatur,
718 3858 953 3942 spiritu
1010 3877 1127 3923 suo
1181 3856 1517 3940 gubernet,
1576 3856 1697 3921 tibi
1742 3854 1912 3923 adsit
1953 3863 2020 3921 et
2061 3855 2158 3920 la-

301 3964 404 4009 res
444 3952 598 4010 tuos
639 3943 999 4011 benedicat.
1088 3943 1396 4028 Collegae
1449 3942 1581 4007 mei
1634 3951 1702 4007 et
1755 3941 1864 4007 alii
1922 3942 2158 4010 fratres

224 4028 494 4096 multam
568 4028 846 4097 salutem
911 4028 1031 4094 tibi
1095 4036 1466 4112 precantur.
1576 4026 1812 4094 Saluta
1873 4028 2156 4094 vicissim

224 4135 359 4181 meo
391 4115 661 4182 nomine
705 4115 848 4181 istic
884 4135 1110 4182 omnes
1153 4115 1410 4181 amicos.
1483 4115 1584 4178 28.
1621 4111 1927 4181 Decemb.
1971 4117 2152 4179 1561.

1100 4347 1107 4352 .
1161 4251 1492 4318 Iohannes
1535 4249 1853 4316 Oalvinns
1896 4258 2067 4316 tuus.

454 4341 625 4351 *—

222 4472 398 4529 8870.
422 4476 479 4539 1)
682 4474 828 4530 ditas
863 4480 924 4528 at
968 4474 1199 4529 videtur.
1270 4473 1421 4528 Nam
1471 4487 1634 4544 quam
1679 4472 1934 4528 habmus
1976 4487 2152 4529 recen·

225 4542 476 4598 hunam·
329 4544 342 4556 ⁹
514 4545 581 4666 SV
606 4542 814 4666 ⁶ffl)
852 4543 920 4598 de
952 4558 1020 4598 ea
1051 4545 1146 4597 vix
1177 4543 1514 4612 coyitaveris.

273 4745 282 4758 ,
337 4747 348 4760 .
413 4609 594 4748 ἔξω
639 4685 814 4761 comte
865 4679 1107 4734 Antoine
1127 4749 1139 4761 ·
1159 4679 1228 4733 de
1280 4678 1532 4749 Orussol,
1589 4678 1804 4733 nomme'
1854 4679 2155 4732 lientenant

223 4749 433 4870 5⁶⁰3?
443 4748 1331 4873 ιῗέῧωᾱῖωὲέῗῖἱρωωῧωὲῖ
1342 4747 1620 4871 Ρέωθὶῗὲ
1653 4753 1718 4870 {iv
1744 4748 1798 4804 ¹⁰
1814 4747 2155 4871 ᾚξὲἵᾶῗέέ

246 4831 273 4869 0
386 4856 402 4873 ·
594 4886 607 4899 .
650 4887 662 4900 .
759 4860 775 4888 ‚
950 4886 964 4900 .
1405 4815 1529 4898 9⁶⁰¹
1708 4834 1755 4896 ,ι’

224 4885 456 4940 troubles
508 4887 800 4969 religieux,
854 4903 1039 4940 arrivs
1088 4887 1351 5009 ‘2²⁶¹an
1378 4901 1551 5009 lours
1600 4900 1761 4956 apres
1900 4886 2152 4940 valence.

220 4950 492 5092 (mi)
513 4955 782 5080 {³5⁶3
804 4954 976 5081 {aa
994 4953 1072 5011 α’·
1167 4954 1375 5024 “·Ῥ””“
1438 4954 1480 5010 ¹*
1521 4952 1636 5023 ⁷⁶³

421 5417 639 5475 camo·
663 5434 855 5491 opera.
929 5420 1045 5478 Vol.
1076 5417 1245 5474 xlx,

1927 412 2083 475 1561
2130 410 2538 480 ΒΕΟΕΜΒ.

3145 597 3330 669 3671.

2827 752 3298 820 OALVINUS
3342 753 3663 820 BEZAE.

2439 921 2669 990 mezzi
2732 929 2947 990 contra
3008 922 3408 990 Balduinum
3468 924 3653 992 editio
3715 925 3871 991 lente
3906 925 4220 1007 procedit.

2274 1007 2404 1075 Pro
2445 1014 2708 1092 tempore
2748 1009 2964 1076 nullm
3004 1010 3075 1075 in
3120 1008 3325 1076 Besae
3364 1011 3564 1077 locvm
3604 1009 3965 1093 suffic-‘eum

2272 1177 2385 1246 (Ad
2429 1196 2619 1235 manus
2664 1184 2824 1235 erant
2856 1181 3189 1251 exemplaria
3222 1180 3352 1235 God.
3388 1180 3594 1237 Genev.
3627 1179 3772 1248 107⁸,
3806 1181 3899 1239 fol.
3931 1179 4055 1247 249,
4088 1198 4218 1237 cum

2269 1249 2476 1303 subscri
2518 1251 2665 1331 tione
2711 1267 2786 1331 ιιι
2939 1250 3074 1320 pha3
3120 1249 3264 1314 111⁸,
3309 1250 3401 1331 1:015
3445 1248 3564 1316 206,
3609 1249 3888 1307 Beruense
4056 1290 4070 1304 .
4117 1250 4222 1308 VI.

2405 1266 2528 1388 913,
2563 1317 2778 1373 Simlen
2862 1318 2934 1372 ol.
2975 1316 3091 1372 102.
3128 1347 3195 1358 —
3230 1318 3421 1372 Edidit
3454 1318 3625 1373 Baum
3660 1317 3731 1374 11.
3765 1320 3911 1388 App.
3929 1251 4079 1387 ξε)

2443 1487 2772 1569 Quoniam
2834 1497 3061 1555 nostra
3110 1488 3384 1555 interest
3438 1495 3505 1555 te
3546 1491 3712 1555 scire
3753 1487 3910 1572 quid
3965 1489 4216 1557 scriba·

2268 1580 2381 1639 tur
2422 1573 2507 1639 ad
2550 1594 2662 1642 eos
2702 1575 2815 1658 qui
2858 1573 3271 1659 postularunt
3312 1582 3572 1657 tempus
3615 1574 3735 1639 tibi
3778 1575 4135 1660 prorogari,
4158 1577 4213 1655 ¹)

2270 1659 2670 1743 exemplaria
2710 1661 2940 1727 curavi
2975 1661 3094 1726 tibi
3137 1658 3343 1726 deseri
3389 1668 3477 1725 ta.
3550 1658 3895 1741 Quantum
3935 1681 4021 1726 ex
4055 1681 4214 1744 sup-

2268 1746 2611 1829 putatione
2654 1747 2964 1828 temporis
3006 1744 3255 1828 colligo,
3383 1764 3695 1824 armam,
3754 1744 3986 1811 relicta
4032 1745 4210 1829 apud

2269 1839 2523 1914 patrem
2566 1852 2790 1910 uxore,
2836 1829 2953 1895 tibi
2996 1832 3066 1896 in
3109 1831 3342 1897 itinere
3382 1843 3691 1897 occurret.
3772 1831 3954 1916 Ergo
3990 1831 4106 1897 ubi
4138 1831 4212 1897 in

2268 1916 2487 1983 aulam
2529 1917 2820 1995 redieris,
2865 1916 3038 1983 dices
3081 1915 3201 1981 tibi
3244 1936 3386 1982 esse
3426 1915 3828 1997 mandatum,
3884 1916 4059 2000 quod
4101 1937 4214 1983 ro-

2267 2003 2406 2086 gati
2440 2012 2612 2084 sunt,
2653 2009 2729 2067 ut
2761 2004 2880 2069 tibi
2913 1999 3290 2069 concedant.
3360 1999 3645 2067 Senatus
3678 2000 3799 2066 tibi
3833 2022 3968 2067 non
4002 2003 4131 2068 scri
4184 2039 4216 2053 -

2269 2088 2360 2154 sit
2400 2087 2557 2188 quia
2597 2087 2717 2153 has
2758 2088 3086 2187 partes-in
3130 2109 3236 2186 me
3279 2088 3550 2170 suscepi.
3620 2086 3816 2154 Unde
3874 2087 4212 2173 intelligis,

2267 2174 3139 2343 assumamus.
3156 2192 3530 2341 aas..
3543 2171 3933 2325 1232?ssss.
3945 2173 4215 2342 ¹¹33ss

2267 2346 2460 2411 ravit.
2482 2347 2540 2424 2)
2627 2346 2845 2430 Leges
2900 2367 2973 2410 er
3018 2367 3055 2410 o
3111 2344 3416 2410 manibus
3470 2345 3799 2427 scriptam,
3845 2343 3997 2426 quia
4033 2344 4211 2410 inter

2265 2430 2486 2515 plures
2530 2430 2915 2496 distributus
2989 2430 3084 2495 uit
3124 2430 3328 2496 labor.
3414 2428 3564 2494 Non
3607 2429 3800 2494 mitto
3842 2438 4082 2509 autem,
4132 2436 4212 2495 ut

2265 2525 2454 2582 tuum
2518 2516 2687 2581 mihi
2748 2516 2857 2582 vel
2917 2515 3260 2582 consilium
3315 2515 3424 2581 vel
3479 2512 3792 2581 iudicium
3845 2515 4216 2598 significes:

2266 2601 2524 2684 quando
2567 2599 2635 2666 id
2678 2601 2809 2667 iam
2854 2601 2999 2667 fieri
3038 2622 3172 2668 non
3213 2607 3430 2685 potest
3471 2601 3542 2664 in
3586 2607 3903 2683 tempore:
3974 2598 4090 2665 sed
4132 2607 4214 2666 nt

2265 2688 2543 2754 lectione
2610 2685 2985 2754 admonitus
3043 2696 3297 2754 statuas
3363 2684 3674 2770 quidnam
3717 2684 3836 2751 tibi
3881 2684 4214 2769 agendum

2266 2772 2369 2839 sit.
2442 2772 2626 2839 Nihil
2668 2772 3056 2856 praescribo,
3099 2794 3183 2839 ne
3226 2783 3291 2837 te
3334 2770 3605 2837 molesto
3640 2778 3707 2835 et
3738 2770 3982 2836 fastidii
4018 2770 4213 2854 pleno

2265 2879 2464 2924 onere
2540 2879 2855 2942 premam.
2963 2858 3191 2942 Nuper
3268 2858 3590 2942 agitatum
3666 2857 3790 2921 fuit
3865 2857 3935 2921 in
4021 2864 4212 2922 coetu

2265 2951 2508 3023 nostro,
2576 2966 2662 3009 an
2704 2968 2791 3010 ex
2833 2944 3101 3029 collegis
3144 2941 3594 3028 subrogandus
3657 2949 3825 3008 esset
3867 2942 4212 3026 quispiam,

2264 3030 2375 3112 qui
2431 3030 2606 3097 vices
2653 3038 2802 3097 tuas
2857 3030 3068 3096 obiret
3102 3028 3481 3113 quantisper
3526 3028 3752 3094 aberis.
3843 3028 3988 3111 Ego
4032 3027 4209 3111 quod

2265 3115 2345 3181 ab
2381 3115 2785 3182 auditoribus
2821 3117 3035 3200 optari
3069 3115 3424 3193 audieram,
3461 3114 3673 3179 retuli.
3733 3113 4210 3179 Reclamarunt

2262 3222 2490 3269 omnes
2535 3223 2666 3267 una
2708 3223 2882 3268 voce.
2971 3202 3187 3284 Atque
3230 3202 3391 3266 haec
3433 3203 3603 3265 ratio
3645 3199 3931 3264 maxime
3977 3198 4207 3279 valuit,

2263 3288 2603 3354 sinistrum
2646 3286 3115 3372 praeiudicium
3169 3306 3302 3351 non
3348 3284 3580 3352 debere
3626 3283 3900 3349 admitti.
3988 3284 4210 3350 Tuum

2262 3380 2361 3440 est
2434 3380 2688 3439 mature
2752 3374 3149 3458 prospicere,
3217 3394 3302 3438 ne
3341 3371 3595 3455 collegii
3655 3370 4210 3454 exspectationem

2260 3458 2464 3524 fallas.
2555 3458 2752 3541 Quod
2810 3459 3250 3543 superioribus
3303 3458 3511 3522 literis
3567 3456 3810 3522 oblitus
3868 3477 4067 3536 eram,
4135 3455 4204 3520 in

2258 3544 2576 3629 Boryoino
2631 3544 2882 3629 decepti
2938 3543 3201 3621 fuimus,
3273 3551 3348 3608 ut
3392 3543 3650 3626 saepius
3705 3541 3893 3607 nobis
3950 3540 4206 3619 accidit,

2258 3650 2461 3714 quum
2505 3651 2699 3698 suum
2754 3631 3026 3715 quisque
3068 3631 3286 3697 locum
3328 3628 3663 3694 fallacibus
3719 3627 3945 3710 elogiis
4003 3646 4204 3710 supra

2257 3714 2466 3783 nubes
2530 3716 2785 3783 attollit.
2806 3721 2856 3795 ³)
2962 3714 3357 3798 Quanquam
3432 3712 3511 3780 de
3577 3712 3917 3779 Ambianis
3941 3709 3998 3798 ⁴)
4065 3732 4202 3777 non

2257 3801 2382 3867 fuit
2433 3800 2885 3886 cogitandum,
2948 3802 3060 3885 qui
3123 3821 3458 3885 nunquam
3512 3798 3781 3865 verbum
3845 3796 4018 3881 apud
4081 3817 4202 3864 nos

2256 3888 2567 3954 fecerunt.
2665 3887 2950 3953 Valeant
3011 3887 3218 3972 igitur
3282 3894 3349 3952 et
3413 3882 3675 3950 aliunde
3733 3882 4200 3966 adipiscantur.

2255 3973 2502 4040 Decem
2548 3973 2743 4041 urbes
2785 3972 3245 4050 Galidomonti,
3267 3975 3321 4050 ⁸)
3366 3979 3440 4037 ut
3483 3990 3627 4036 sero
3664 3968 4022 4047 didicimus,
4058 3988 4199 4034 me-

2254 4059 2385 4126 rito
2426 4057 2890 4143 praeferendae
2931 4066 3137 4125 erant.
3213 4054 3349 4124 Sed
3390 4057 3551 4122 haec
3593 4055 3718 4120 fuit
3759 4052 4200 4121 festinationis

2255 4165 2525 4224 merces,
2581 4143 2740 4210 dum
2781 4145 3058 4210 fratrum
3102 4143 3400 4210 ardorem
3444 4138 3669 4206 sedare
3712 4159 3926 4222 cogor.
4013 4136 4198 4218 Vale,

2255 4252 2293 4297 o
2342 4231 2503 4296 time
2545 4238 2613 4297 et
2653 4229 3077 4315 integerrime
3119 4230 3333 4294 frater.
3404 4226 3728 4292 Dominus
3771 4223 3894 4290 tibi
3936 4245 4202 4309 semper

2340 4317 2444 4397 sit,
2490 4322 2557 4383 te
2599 4316 2940 4402 gubernet,
2985 4322 3246 4383 tueatur
3287 4311 3546 4396 suisque
3589 4309 3777 4377 donis
3818 4309 4225 4394 locupletet..

2261 4406 2356 4468 18.
2405 4400 2789 4470 Decembris
2841 4404 3018 4467 1561.
3365 4439 3368 4442 π

3174 4535 3449 4603 Oarolus
3484 4533 3814 4600 Passelius
3847 4543 4020 4600 tuus.

2251 4710 2425 4766 ⁸⁶⁷¹*
2450 4710 2521 4846 ἓ)
2541 4709 2997 4903 aeffi'typggi
3017 4776 3134 4858 pm·
3149 4777 3213 4830 in
3244 4773 3420 4830 ιεῡειιο
3452 4772 3900 4856 masnadam:

2254 4914 2356 4970 m
2423 4847 2857 4972 ww&
2897 4844 3198 4985 Bam}
3224 4856 3752 4968 Ὦτέᾜωωᾛ..
3808 4840 4195 4980 ¹531&ss

2253 4986 2465 5056 Troyes
2508 4984 2664 5041 alloit
2703 4984 2976 5040 tonsionrs
3019 5000 3090 5038 en
3133 4982 3401 5039 croissant
3432 4996 3653 5052 iusques
3696 4997 3767 5033 au
3812 4995 4078 5035 massere
4121 4977 4200 5033 cle

2252 5054 2518 5258 *⁸⁶⁸*ss
2550 5118 2856 5246 am.

3717 5406 3783 5459 14
