4850 6117
646 376 770 442 891
2141 371 2664 442 EPISTOLAE
2708 375 3127 441 3772-3776
4468 381 4563 445 392

647 570 795 628 tatu
838 560 1158 629 vulnerat.
1236 560 1455 628 Mater
1494 560 1616 628 filii
1658 561 1945 645 periculo
1985 561 2081 627 ita
2121 560 2246 627 fuit
2289 560 2589 646 perculsa

647 657 729 714 ut
770 667 848 714 eo
888 646 1031 730 ipso
1074 647 1179 713 die
1232 647 1584 713 immaturo
1625 656 1822 731 partu
1879 645 2191 733 gemellos
2242 646 2331 714 sit
2371 647 2586 714 enixa.

650 733 845 799 Vivit
883 739 1104 801 tamen
1146 742 1421 816 uterque
1476 739 1544 799 et
1594 752 1917 818 puerpera
1958 733 2119 799 satis
2160 732 2328 799 bene
2369 731 2586 800 habet.

647 817 786 886 Sed
827 817 982 886 hinc
1034 819 1333 889 coniicite
1374 839 1712 903 quousque
1752 840 2096 904 progressa
2153 818 2241 885 sit
2294 819 2586 886 hostium

647 903 864 970 rabies
906 911 972 968 et
1005 911 1405 989 quantopere
1438 924 1706 972 necesse
1747 907 1834 972 sit
1875 925 2020 971 eam
2054 903 2338 985 retundi,
2382 926 2585 990 quum

648 990 978 1073 expressis
1022 990 1246 1057 edictis
1289 989 1488 1074 regiis
1529 990 1835 1057 nitamur.

1415 1283 1676 1295 καις-...οιαο-οοο
1678 1285 1814 1295 οοοοοοοοο

1521 1534 1717 1605 3778.

1046 1689 1712 1758 BULLINGERUS
1759 1690 2190 1759 GALVINO.

820 1861 1045 1928 Pmrit
1091 1859 1326 1927 Gallia.
1422 1859 1838 1928 conscribitur
1877 1864 2075 1931 miles.
2159 1862 2587 1932 Souioitantur

638 1946 1266 2118 muqelveffl.
1352 1945 1658 2015 Petuntur
1688 1949 1809 2029 pii.
1890 1949 2112 2016 Etiam
2161 1950 2445 2017 Tm'denu'
2482 1952 2585 2034 fa-

633 2204 748 2272 (Ex
785 2210 913 2258 auto
1011 2204 1122 2274 pho
1157 2204 1323 2258 Arch.
1356 2204 1535 2261 Turio.
1571 2203 1717 2257 Plut.
1736 2204 1831 2260 VI.
1866 2205 1986 2259 Vol.
2011 2204 2130 2274 129,
2163 2207 2292 2262 olim
2330 2206 2501 2263 Scrin.
2519 2208 2583 2263 B.

980 2289 1033 2340 p.
1070 2273 1221 2327 Tom-
1253 2271 1340 2342 80,
1375 2272 1468 2328 fol.
1503 2271 1623 2327 424.
1665 2301 1727 2312 —
1765 2272 1979 2329 Simler.
2014 2274 2134 2331 Vol.
2171 2273 2316 2343 104.)

637 2442 1021 2509 Clarissimo
1063 2441 1211 2508 viro
1253 2442 1341 2508 D.
1384 2442 1619 2508 Ioanni
1673 2442 1951 2510 Calvino
2008 2444 2418 2514 Genevensis
2477 2468 2581 2514 ec-

637 2528 872 2596 clesiae
930 2525 1108 2594 fideli
1165 2526 1468 2593 ministro
1521 2527 1787 2628 domino
1841 2529 2224 2598 honorando
2268 2541 2336 2599 et
2389 2532 2581 2599 fratri

1352 2632 1687 2681 carissimo
1731 2636 1865 2682 suo.

811 2782 881 2851 S.
919 2785 1005 2851 D.
1077 2784 1354 2853 Summo
1387 2806 1539 2851 cum
1576 2785 1899 2853 desiderio
1934 2789 2150 2871 accepi
2185 2797 2351 2869 tuas,
2377 2790 2429 2876 ¹)
2466 2791 2580 2858 do-

635 2871 817 2936 mine
858 2871 1309 2939 colendissimo
1351 2878 1419 2937 et
1470 2870 1679 2938 frater
1719 2872 2073 2953 carissime,
2132 2874 2246 2942 sed
2288 2878 2580 2943 maximo

637 2976 788 3024 cum
811 2955 1030 3023 dolore
1053 2958 1074 3021 l
1164 2959 1200 3039 ',
1219 2955 1376 3022 dum
1396 2977 1591 3023 cerno
1613 2958 1730 3024 uni
1739 2980 1990 3026 versam
2010 2959 2185 3026 inter
2206 2983 2278 3027 se
2292 2962 2580 3029 Galliam

637 3042 1067 3108 commissam.
1077 2979 1433 3109 e{ibenter
1453 3043 1647 3110 audio
1681 3044 2195 3112 illustrissimum
2216 3049 2577 3133 principem

643 3125 1017 3194 Gondensem
1071 3126 1240 3193 bene
1301 3128 1699 3196 instructum
1754 3151 1914 3197 esse.
1931 3133 1987 3210 2)
2082 3129 2369 3199 Oramus
2424 3154 2583 3218 ergo

635 3212 996 3278 Dominum
1032 3220 1106 3278 ut
1140 3213 1312 3279 adsit
1346 3216 1662 3281 exercitui
1696 3216 1856 3296 eius,
1892 3227 1957 3282 et
1987 3224 2064 3283 ut
2097 3226 2353 3284 mature
2385 3219 2582 3286 faciat

636 3297 782 3363 Deo
839 3297 1001 3364 duce
1054 3298 1228 3382 quod
1292 3300 1583 3367 facturus
1641 3310 1759 3368 est.
1854 3303 1979 3369 Est
2033 3304 2208 3369 enim
2266 3305 2339 3368 in
2394 3325 2581 3372 mora

634 3382 998 3467 periculum
1040 3384 1111 3449 in
1159 3406 1292 3451 ens.
1366 3384 1620 3452 Verum
1661 3394 1780 3468 est,
1826 3387 2365 3456 conscribendum
2407 3391 2580 3476 Regi

637 3468 918 3535 militem
962 3491 1044 3533 ex
1160 3469 1432 3537 elvetiis.
1452 3475 1508 3549 ⁸)
1587 3470 1748 3539 Ideo
1792 3475 1968 3539 enim
2022 3473 2287 3541 comitia
2337 3475 2583 3541 indixit

635 3555 706 3618 in
772 3555 875 3619 26.
931 3555 1181 3639 Aprilis
1246 3554 1571 3623 Saloduri.
1663 3557 1788 3626 Sat
1852 3567 2073 3625 tamen
2139 3561 2272 3627 scio
2337 3561 2583 3644 aliquot

636 3636 1057 3706 modestiores
1101 3641 1415 3708 missuros
1471 3643 1687 3726 potius
1740 3645 2185 3727 pacificatores
2227 3666 2423 3731 quam
2477 3648 2579 3713 in-

639 3726 1035 3792 terfectores.
1104 3726 1327 3812 Urgeo
1383 3727 1493 3794 hic
1545 3735 1864 3814 quantum
1921 3751 2186 3815 possum
2230 3754 2314 3799 ne
2370 3734 2581 3800 nostri

636 3831 786 3876 cum
827 3811 1101 3878 urbibus
1144 3833 1263 3878 suo
1306 3813 1522 3879 desint
1564 3816 1794 3882 officio.
1877 3817 2138 3884 Rursus
2189 3820 2322 3885 scio
2367 3817 2579 3902 Quin-

636 4049 816 4105 87⁷8.
839 4051 900 4112 1)
935 4049 1262 4119 deperditas.

776 4256 787 4268 ⁸
841 4117 904 4257 ἐξ
933 4120 1477 4311 Qum.
1512 4189 1600 4273 Π.ο
1615 4188 1747 4273 217:
1782 4189 2030 4261 Utraque
2064 4210 2191 4263 pars
2226 4211 2422 4265 magna
2456 4194 2577 4251 dili.

638 4262 826 4325 gentis
858 4273 1068 4312 conseri
1108 4264 1153 4312 nt
1184 4260 1432 4312 militem.
1499 4260 1603 4325 Qm
1635 4258 1724 4314 hic
1756 4266 1884 4313 sunt
1919 4267 2148 4315 utuntur
2180 4263 2325 4333 regis
2357 4267 2577 4320 nomino

640 4332 699 4381 et
747 4331 1113 4381 convocarunt
1163 4328 1277 4381 alas
1331 4328 1575 4397 equitum
1628 4344 1762 4397 quas
1812 4344 1909 4383 rex
1965 4333 2248 4400 perpetuis
2291 4333 2578 4402 stipendiis

639 4392 754 4455 alit,
786 4404 844 4448 et
873 4401 1160 4463 praeterea
1192 4396 1509 4451 indixerunt
1541 4396 1814 4451 nobilitati
1847 4402 1911 4451 ut
1943 4415 2003 4453 se
2024 4400 2191 4452 armis
2213 4404 2272 4454 et
2306 4417 2337 4454 e
2377 4402 2462 4456 uis
2495 4402 2577 4456 in·

638 4471 820 4514 struat
853 4468 910 4515 et
943 4466 1016 4517 sit
1049 4472 1242 4533 parata
1288 4466 1357 4519 ad
1388 4464 1460 4519 25
1500 4464 1660 4519 huius
1704 4467 1924 4522 mensis.
2001 4467 2269 4523 Miserunt
2309 4475 2474 4525 etiam
2518 4472 2575 4525 in

639 4528 983 4583 Germaniam
1001 4532 1445 4604 Bocandolphum
1469 4532 1879 4605 [Royyendors]
1915 4542 1973 4591 et
2008 4537 2077 4590 ad
2103 4537 2387 4593 Helvetios
2419 4555 2576 4608 prae·

641 4597 840 4652 fectum
876 4599 1145 4664 Froelich,
1191 4605 1284 4673 qui
1328 4603 1557 4657 militem
1592 4604 1942 4658 conscribant
1975 4644 1989 4658 .
2028 4646 2041 4658 .
2078 4643 2091 4657 .
2129 4645 2145 4661 .
2182 4607 2285 4672 Qui
2318 4608 2577 4663 Aureliae

637 4673 766 4719 sunt
818 4666 1163 4739 [Gondaeus]
1206 4673 1475 4726 miserunt
1519 4672 1728 4741 legatos
1784 4673 1855 4727 ad
1900 4673 2174 4743 principes
2219 4678 2577 4745 germanicos,

639 4751 806 4788 unum
841 4735 910 4788 ad
945 4736 1251 4803 Rhenanos,
1285 4742 1515 4795 alterum
1549 4741 1621 4794 ad
1654 4757 1747 4795 eos
1785 4742 1879 4811 qui
1913 4742 1984 4796 ad
2015 4744 2328 4799 ulteriorem
2354 4744 2578 4801 Germa·

639 4804 787 4883 niam
819 4805 1113 4873 pertinent.
1189 4808 1329 4862 Item
1363 4810 1603 4879 singulos
1638 4809 1710 4865 ad
1743 4810 2041 4879 Helvetios,
2084 4813 2156 4866 ad
2290 4815 2433 4868 ‘nam
2467 4816 2578 4869 An·

639 4872 797 4940 glise,
835 4888 1017 4941 regem
1052 4874 1346 4943 Hispaniae
1380 4883 1439 4932 et
1469 4879 1661 4933 ducem
1697 4878 2013 4950 sabaudiae,
2058 4883 2153 4951 qui
2182 4883 2240 4936 in
2284 4883 2425 4938 'cent
2457 4899 2580 4938 cau-

640 4942 1104 5067 ffiffifipffiz
1121 4944 1860 5085 iffffi‘ifffssmfflss
1883 4966 2160 5074 ἓᾞῗᾶαεῖ
2167 4949 2581 5077 αῗοΜὲἭαὼ

1175 5052 1180 5061 ,
2334 5037 2373 5075 a
2514 5037 2579 5077 no-

640 5084 793 5133 tem
825 5079 1148 5146 reformatos
1182 5080 1238 5138 d.
1276 5081 1332 5136 d.
1373 5082 1451 5137 12.
1487 5084 1626 5152 Apr.
1671 5088 1772 5155 qai
1802 5101 1892 5141 eos
1940 5087 2230 5143 admonere
2263 5088 2487 5146 debebat
2519 5095 2583 5147 ut

642 5147 840 5202 maim
871 5164 910 5202 a
943 5150 1251 5205 triumviris
1285 5150 1504 5206 nomine
1546 5153 1692 5220 nqis
1735 5155 1943 5224 captivi
1984 5157 2399 5213 eonsm'bendos
2432 5161 2580 5215 veta·

522 5230 526 5239 ·
640 5223 776 5271 rent.
813 5245 879 5255 -
916 5215 1070 5272 Idem
1094 5219 1352 5289 Lanquet
1379 5237 1435 5290 p.
1465 5218 1594 5274 219:
1631 5220 1917 5277 Petierunt
1950 5225 2175 5280 militem
2210 5228 2279 5282 ab
2295 5226 2583 5296 Helvetiis,

635 5285 738 5342 aed
772 5284 934 5340 audio
964 5286 1100 5356 ipsis
1134 5287 1477 5358 denegatum:

2687 582 2812 646 que
2858 561 3188 661 agicorum
3231 562 3475 629 multos
3527 563 3661 629 iam
3705 582 3847 630 esse
3897 570 4158 649 paratos
4196 563 4280 630 ad
4320 567 4573 648 quamvis

2685 669 2804 715 cru
2848 646 3140 715 ehtatem
3202 647 3651 715 exercendam.
3755 647 3895 716 Our
3959 669 4114 717 vero
4187 669 4319 715 non
4389 651 4574 719 scrssiit

2689 731 3036 800 Condensis
3068 733 3152 800 ad
3187 732 3384 800 urbes
3417 741 3479 815 4,
3523 741 3590 801 et
3623 753 3890 802 causam
3922 756 4112 802 suam
4144 735 4364 820 paucis
4401 737 4579 820 aperit

2684 817 2825 887 eis?
2899 818 3237 904 Scriptum
3279 819 3451 905 quod
3491 821 3731 889 misisti
3754 824 3811 898 ⁴)
3864 822 4252 905 impressum
4290 821 4416 887 iam
4451 842 4579 890 curo

2684 905 2980 1057 ‹gi-levor?
3005 905 3627 1057 ‘inoegel-manicam,t
3641 914 3715 973 ut
3719 905 4060 1058 DB’dmm
4094 906 4315 1058 1318016
4357 907 4451 1008 vel
4486 929 4581 1059 aa·

2682 1012 3129 1229 isselt-lsassiorltlilm
3137 991 3642 1229 uffizrzppgggd
3661 1086 3759 1178 ,ιιι
3786 1014 4125 1247 {ffogg
4141 1013 4589 1230 ‘’¹ng

2742 1183 2778 1229 e
2865 1184 3093 1229 sumus
3135 1184 3443 1229 mmanu
3547 1184 3769 1229 omini.
3907 1187 3952 1229 u
4069 1184 4383 1231 eivisum
4485 1186 4566 1231 eri

2683 1249 2818 1315 fiat.
2902 1246 3213 1316 Conferat
3252 1250 3311 1314 is
3351 1248 3584 1315 saltem
3627 1250 3815 1316 nobis
3857 1250 4290 1317 constantiam
4331 1249 4401 1315 in
4443 1270 4587 1316 vero.

2858 1332 3138 1417 Quaeso,
3173 1336 3268 1400 mi
3300 1334 3523 1413 stater,
3565 1336 3748 1403 effice
3782 1345 3855 1403 ut
3887 1343 4145 1403 mature
4177 1335 4316 1401 inte
4371 1335 4385 1349 '
4527 1356 4591 1402 us

2685 1439 3022 1504 quousque
3065 1440 3173 1485 res
3226 1421 3298 1486 in
3342 1419 3564 1488 Gallia
3604 1422 3694 1487 sit
3733 1442 4095 1506 progressa,
4151 1428 4228 1487 ut
4284 1421 4340 1488 si
4460 1442 4591 1487 num

2686 1506 2775 1572 sit
2808 1524 3004 1572 curae
3037 1518 3300 1573 nostrae
3332 1507 3662 1574 leniantur
3694 1517 3762 1572 et
3794 1508 4193 1593 gaudeamus
4226 1507 4298 1573 in
4321 1505 4590 1585 Domino,

2686 1599 2801 1657 aut
2843 1591 2899 1658 si
2920 1592 3167 1657 malum
3210 1592 3297 1658 sit
3336 1591 3793 1660 condoleamus
3836 1601 3904 1659 et
3921 1613 4202 1671 oremus,
4247 1602 4317 1658 et
4334 1600 4595 1659 nostram

2685 1697 2953 1830 w
2985 1676 3120 1829 flohcf
3152 1677 3434 1776 fideliter
3468 1680 3910 1830 conferamus3³
3966 1677 4028 1743 N
4030 1700 4118 1830 (ἐξ
4150 1676 4596 1830 recusatlliotiffi

2984 1785 3027 1829 u
3153 1784 3328 1831 vires
3369 1785 3554 1830 meae
3749 1785 3879 1830 run
4116 1785 4278 1831 cere.

2684 1868 2844 1915 vero
2939 1785 2980 1846 q
3005 1849 3130 1917 sim
3171 1848 3541 1934 plurimum.
3598 1785 3682 1848 po
3950 1785 4033 1849 ΡΘ

2922 1936 3053 2001 issa
3116 1944 3217 2001 est
3278 1934 3723 2020 superioribus
3788 1935 4015 2003 diebus
4085 1935 4217 2002 huc
4281 1936 4490 2003 citatio
4544 1942 4597 2001 et

2683 2019 2848 2086 fides
2910 2020 3173 2105 publica
3234 2042 3319 2088 ex
3383 2022 3670 2087 concilio.
3776 2021 4112 2089 Vocantur
4178 2022 4357 2087 enim
4432 2020 4597 2088 urbes

2683 2104 3068 2174 Helveticae
3120 2107 3192 2172 in
3236 2106 3601 2174 concilium.
3621 2111 3680 2188 ὅ)
3749 2106 3972 2175 Semel
4025 2107 4202 2174 enim
4256 2112 4596 2174 statuerunt

2683 2191 2797 2257 isti
2840 2192 3135 2259 homines
3191 2191 3494 2278 progredi
3549 2194 3620 2259 in
3676 2215 3797 2261 suo
3853 2193 4175 2274 instituto,
4233 2202 4299 2258 et
4341 2193 4399 2260 si
4441 2191 4597 2258 Deus

2683 2279 3056 2361 permiserit
3097 2279 3321 2345 omnia
3362 2299 3594 2346 cruore
3649 2280 3917 2346 innoxio
3959 2279 4230 2363 replere.
4301 2276 4598 2345 Dominus

2685 2371 2986 2431 servator
3028 2371 3252 2431 noster
3293 2375 3557 2431 tueatur
3590 2387 3712 2433 nos
3747 2388 3787 2432 a
3818 2364 4011 2431 malo.
4070 2364 4240 2430 Vale
4281 2373 4352 2431 et
4392 2385 4506 2429 nos
4540 2362 4598 2427 in

2686 2447 2950 2516 Christo
2985 2470 3151 2516 ama.
3204 2449 3532 2516 Dominus
3566 2449 3872 2518 defendat
3907 2459 3974 2516 te
4007 2461 4074 2517 et
4106 2458 4344 2518 servet.
4405 2448 4598 2516 Celer-

2685 2535 2851 2601 rime
2894 2536 3018 2602 has
3061 2535 3311 2619 scripsi.
3383 2535 3616 2621 'rig-uri
3666 2542 3760 2603 19.
3800 2535 4048 2621 Aprilis
4101 2539 4282 2602 1562.

3889 2673 4069 2740 Tuus
4112 2694 4195 2739 ex
4241 2674 4457 2739 animo

3952 2758 4399 2844 BullingeruS.

3557 3370 3749 3442 8774.

3077 3540 3743 3612 BULLINGERUS
3789 3541 4222 3610 OALVINO.

2861 3716 3055 3783 Totus
3111 3720 3202 3781 est
3252 3716 3323 3781 in
3376 3713 3790 3783 describendis
3829 3715 4031 3801 simis
4085 3721 4426 3799 tentpomm
4466 3735 4604 3800 qaae

2679 3802 3374 3957 marion-‘mm'
3465 3800 3732 3867 Helvetii
3788 3802 3857 3867 in
3899 3801 4189 3868 diversas
4231 3807 4454 3884 paries
4493 3802 4604 3869 dis·

2676 4058 2788 4129 (Ex
2832 4057 3170 4129 autographo
3208 4057 3373 4112 Aroh.
3422 4056 3599 4111 Turio.
3642 4056 3785 4111 Plut-
3827 4056 3916 4113 VI.
3954 4058 4077 4112 Vol.
4117 4056 4237 4128 129,
4282 4059 4412 4113 olim
4449 4058 4603 4114 Scrin.

2907 4128 2970 4183 B.
3006 4128 3145 4197 Epp.
3180 4124 3329 4180 Tom.
3366 4123 3451 4191 30,
3486 4125 3574 4181 fol.
3608 4123 3727 4181 425.
3768 4153 3831 4165 —
3868 4127 4067 4181 Simler
4101 4126 4221 4181 Vol.
4263 4125 4403 4193 104)

2882 4399 2945 4467 4)
2980 4399 3325 4454 Declaration
3377 4402 3539 4458 sainte
3586 4419 3639 4472 p.
3693 4401 3766 4455 Μ.
3814 4403 3864 4456 le
3910 4401 4105 4456 Prince
4149 4401 4217 4455 de
4254 4401 4438 4457 Conde'
4482 4418 4603 4473 pour

2678 4474 2948 4526 monstret
2982 4468 3064 4523 les
3098 4468 3311 4525 raisons
3348 4471 3440 4539 qui
3477 4469 3610 4525 l’ont
3639 4472 3917 4526 coutraint
3950 4470 4397 4540 d’entreprendre
4440 4472 4493 4525 la
4522 4470 4602 4523 de-

2677 4540 2831 4594 fence
2865 4538 2936 4592 de
2970 4536 3278 4592 l’anthorite
3312 4537 3385 4593 du
3418 4539 3559 4610 Boy‚
3591 4540 3666 4593 du
3701 4546 4129 4610 gouvernement
4162 4540 4230 4593 de
4265 4540 4320 4594 la
4341 4540 4525 4611 Boyne
4555 4546 4604 4593 et

2677 4609 2752 4663 du
2786 4622 2949 4678 repos
2991 4607 3064 4660 du
3110 4606 3402 4676 Boyaume,
3447 4625 3580 4663 avec
3625 4607 3681 4662 la
3726 4611 4090 4679 protestation
4136 4624 4230 4662 sur
4276 4624 4337 4663 ce
4385 4625 4448 4663 re
4486 4608 4602 4662 nise-

2680 4676 2754 4744 (8.
2787 4677 2929 4745 Apr.
2969 4673 3122 4759 1552.
3203 4670 3370 4729 Me'm.
3417 4675 3484 4730 de
3507 4674 3718 4759 ‘Copae'
3750 4677 3855 4733 111.
3901 4675 4032 4746 222)
4071 4677 4140 4799 054.
4185 4676 4336 4758 ῌόα.
4378 4626 4498 4734 cca
4537 4674 4587 4731 11

2682 4744 2763 4799 14.
2802 4772 2888 4828 -ο
2912 4744 3083 4800 Ver-tot
3116 4758 3235 4799 eam
3264 4756 3573 4812 oermameae
3605 4760 3765 4801 cussa
3800 4745 4036 4801 Βασειιο
4255 4786 4268 4798 .
4306 4744 4383 4800 D.

2684 4813 3202 4950 (know-Rudent
3235 4879 3328 4936 VI.
3361 4880 3467 4936 482
3480 4903 3496 4934 .-
3530 4884 3637 4938 Les
3656 4890 3884 4940 cantens
3906 4884 4259 4954 catholiques,
4293 4883 4601 4953 encourages

2682 4969 2809 5007 sans
2844 4950 3010 5005 doute
3024 4966 3161 5074 epar·
3179 4951 3236 5003 la
3253 4949 3532 5020 reception
3555 4952 3853 5035 honprable
3926 4951 4049 5007 n’on
4084 4953 4234 5008 avoit
4266 4952 4399 5008 faite
4431 4951 4467 5009 a
4498 4952 4600 5006 leur

2684 5018 2953 5144 θ’·ἐζῖῗόέ
2978 5086 3013 5141 ε.
3047 5018 3462 5159 οῖ’ζᾙοέἵὲἒέ
3495 5022 4601 5161 32¹¹ffi‘324..2.25’⁰13.·5⁰s}{...“”;⁰3:

2682 5107 2882 5240 {auriol}
2916 5155 3240 5238 charg'erent
3259 5157 3406 5240 leurs
3423 5108 3760 5231 theossgiena
3787 5158 4117 5215 d'examiuer
4143 5160 4198 5214 la
4230 5158 4290 5213 re
4334 5227 4346 5243 ἱ
4364 5175 4456 5213 nse
4489 5155 4601 5228 qu'il

2683 5246 2718 5298 y
2752 5234 2902 5282 avoit
2937 5245 2971 5280 a
3002 5227 3149 5280 faire.
3220 5227 3503 5297 Bullinger
3548 5229 3600 5283 le
3634 5228 3698 5283 fit
3731 5246 3800 5282 au
3834 5245 3960 5283 nom
3996 5228 4064 5283 de
4100 5244 4185 5283 ses
4221 5243 4286 5282 co
4326 5244 4484 5298 egnes
4515 5240 4601 5296 par

2682 5314 2757 5351 un
2792 5298 2923 5366 long
2956 5294 3093 5350 ecrit
3126 5296 3200 5349 dn
3241 5293 3317 5350 13.
3355 5296 3479 5352 mai.
