4850 6117
1961 155 2002 210 1

512 408 637 472 72¹7

686 591 1020 661 Libellum
1054 589 1394 658 Valentini
1432 588 1707 660 Gumis
1722 591 1813 672 ²²)
1855 589 1929 656 in
1967 586 2308 666 sedeciae,
2349 584 2468 652 ubi

513 685 851 765 oppugnat
902 675 1274 762 symbolum
1316 675 1688 754 Athanasii,
1742 675 1828 741 da
1883 693 2149 759 operam
2202 678 2279 737 ut
2331 690 2469 737 una

516 772 739 836 tecum
782 761 1058 834 adfffius.
1145 761 1553 830 nomiomm
1602 759 1826 834 Ochini
1843 762 1938 842 ²³)
1982 767 2117 827 tres
2157 757 2268 826 vel
2309 778 2467 840 qua-

515 859 669 920 tuor
712 857 918 918 tomes
962 847 1226 916 obsecro
1289 855 1363 914 ut
1404 848 1820 914 nanciscaris.
1909 844 2123 914 Oredc
2165 843 2469 911 Basileae

513 936 689 1022 apud
715 934 992 1106 ,ξεῖκαα
1009 934 1459 1002 inveniuntur.
1502 931 1679 1002 Data
1708 933 2065 1001 Oracoviae
2083 935 2187 996 24.
2212 929 2468 1014 Aprilis

527 1025 707 1089 1563.
769 1025 798 1062 ⁴

929 1207 1308 1276 Stanidans
1339 1122 1957 1275 Suniuiffsuggrvus
1997 1207 2154 1276 Iesu
2191 1208 2466 1275 obrius.

1395 1718 1599 1792 8⁹89.

1022 1873 1522 1944 SARNIOIUS
1569 1873 2003 1942 OALVINO.

698 2048 886 2117 Dolet
939 2048 1190 2131 priores
1251 2046 1472 2113 literas
1535 2046 1622 2112 ad
1685 2067 1826 2113 eum
1886 2068 2009 2114 non
2071 2052 2472 2132 monisse.-

527 2132 1793 2217 iamadeaemableqaequasad
1853 2134 2139 2202 Tranium
2194 2138 2468 2219 scripsit.

530 2220 736 2290 Porro
777 2220 1143 2289 summatim
1173 2239 1418 2303 papam
1462 2219 1714 2285 eiectum
1733 2220 1990 2285 nunciat
2030 2226 2089 2287 et
2119 2242 2245 2288 sua
2278 2224 2474 2289 awis-

521 2309 789 2376 dictione
831 2308 1184 2390 privatum,
1227 2304 1516 2374 Arianos
1569 2310 1626 2371 et
1668 2304 2045 2374 Mosmvitae
2099 2308 2243 2376 illos
2302 2311 2474 2376 domi

524 2392 637 2461 hos
673 2393 837 2477 foris
875 2393 1093 2460 twrbas
1130 2392 1291 2459 ciere
1329 2392 1635 2474 queritur.
1658 2394 1710 2469 1)

693 2563 808 2633 (Ex
843 2562 1181 2634 autographa
1215 2562 1358 2617 Bibl.
1393 2563 1597 2618 nation.
1636 2562 1834 2633 anny
1872 2561 1991 2629 102,
2025 2564 2118 2621 fol.
2161 2564 2303 2635 163.)

527 2734 1101 2804 Excellentissimo
1189 2735 1432 2819 pietate
1518 2745 1583 2800 et
1667 2733 2028 2803 eruditione
2113 2739 2471 2820 praestanti

527 2821 671 2890 viro
732 2820 820 2886 D.
884 2820 1120 2887 Ioanni
1175 2821 1476 2900 Calvino,
1540 2820 1846 2887 ecclesiae
1910 2821 2162 2891 Christi
2225 2827 2470 2909 pastori

806 2905 1161 2994 Gemma,
1206 2904 1277 2993 a]
1285 2906 1450 2986 mico
1492 2914 1869 2975 reverenter
1909 2909 2197 2975 colendo.

697 3077 771 3146 S.
815 3078 893 3144 P.
941 3078 1205 3145 Eximie
1263 3085 1331 3144 et
1385 3077 1933 3148 excellentissime
1989 3082 2110 3162 vir,
2177 3081 2473 3149 dolenter

525 3165 665 3232 fero
708 3160 881 3249 qnod
922 3186 1107 3230 meae
1150 3163 1379 3231 literae
1423 3164 1507 3231 ad
1559 3187 1800 3233 manus
1856 3175 2004 3234 tuas
2065 3189 2200 3235 non
2241 3190 2472 3251 perve-

527 3250 743 3317 niunt.
831 3250 1006 3315 Puto
1060 3250 1237 3316 enim
1292 3271 1402 3316 me
1457 3251 1825 3319 luculenter
1888 3251 1969 3320 de
2021 3253 2325 3321 omnibus
2368 3278 2472 3323 re-

528 3338 653 3404 bus
734 3357 900 3419 qnae
990 3334 1099 3400 hic
1159 3344 1480 3420 geruntur
1543 3337 1725 3405 vobis
1789 3339 1936 3406 istic
1998 3340 2472 3424 perscripsisse.

528 3423 726 3489 Nunc
768 3422 921 3505 quia
961 3427 1179 3487 certus
1219 3443 1362 3489 sese
1404 3419 1784 3491 tabellarius
1827 3424 2085 3506 obtulit,
2128 3427 2309 3493 nolui
2350 3428 2477 3493 ite—

529 3530 681 3575 rum
732 3507 1010 3574 eandem
1063 3507 1462 3574 cantilenam
1518 3519 1873 3577 recantare.
1972 3512 2074 3578 Ac
2138 3512 2218 3578 de
2284 3513 2479 3581 rebus

529 3592 798 3679 quidem
858 3600 927 3659 et
979 3599 1155 3659 statu
1212 3594 1633 3662 ecclesiarum
1683 3603 2059 3664 nostrarum
2101 3597 2481 3683 deploratis·

531 3680 700 3747 simo
764 3701 849 3746 ex
891 3678 1104 3745 literis
1151 3680 1362 3747 Trecii
1405 3688 1734 3765 utcunque
1796 3682 2201 3768 intelligetis,
2254 3693 2481 3768 postea

531 3766 748 3833 nescio
795 3764 875 3832 de
920 3763 1308 3849 quibusnam
1351 3766 1567 3845 rebus,
1633 3766 1719 3833 ad
1783 3788 1897 3835 vos
1939 3771 2328 3852 praesertim
2365 3772 2480 3855 qui

535 3852 691 3918 estis
736 3852 910 3918 curis
954 3858 1022 3915 et
1063 3851 1389 3921 laboribus
1433 3852 1647 3919 obruti
1683 3853 1924 3920 nedum
1959 3857 2273 3939 occupati,
2319 3857 2479 3923 scri-

532 3937 689 4003 bere
733 3936 1022 4003 debeam.
1110 3937 1341 4021 Neque
1399 3938 1577 4004 enim
1630 3940 1796 4007 viris
1841 3942 2100 4025 magnis
2141 3941 2481 4009 fastidiosa

531 4022 948 4090 scribacitate
990 4022 1304 4089 molestus
1349 4045 1492 4091 esse
1548 4024 1716 4106 volo,
1781 4048 1993 4110 neque
2035 4034 2139 4094 est
2179 4049 2479 4112 aequum.

534 4107 797 4176 Addam
840 4119 1064 4175 tamen
1098 4110 1418 4191 quaedam
1462 4132 1627 4193 quae
1671 4112 1740 4177 in
1782 4112 1992 4180 literis
2018 4115 2229 4181 Treoii
2270 4115 2479 4181 omisi.

533 4194 700 4275 Iam,
746 4195 889 4261 Deo
927 4194 1015 4262 sit
1054 4194 1278 4278 gloria,
1322 4196 1587 4263 comitia
1628 4200 1817 4282 regni
1872 4208 2031 4266 sunt
2063 4201 2278 4267 soluta
2315 4201 2479 4266 satis

533 4280 824 4348 feliciter.
843 4279 900 4365 ²)
987 4280 1082 4345 Ac
1122 4280 1294 4347 inter
1338 4281 1468 4348 alia
1505 4285 1845 4366 praeclara
1885 4305 1962 4353 ac
2006 4286 2208 4371 digna
2248 4294 2480 4354 notatu

705 4501 804 4570 22)
838 4502 1102 4557 Fbrtasss
1147 4501 1390 4585 loquiano·
1434 4501 1503 4558 de
1541 4504 1665 4559 eius
1718 4506 2063 4562 Confessione
2114 4508 2185 4562 ad
2234 4508 2296 4562 D.
2343 4507 2480 4565 Sim.

537 4569 1099 4642 Wurstembergernm
1132 4572 1255 4627 Gmi
1422 4574 1458 4627 ι’.
1527 4571 1773 4630 Trocmi
1803 4575 1878 4630 Π.
1912 4574 2061 4642 471.)
2099 4576 2483 4633 Suom

538 4638 1013 4721 windo-omna·
1157 4587 1728 4711 .Atxae(‘.480).

710 4706 780 4760 23
841 4708 988 4763 Poea
1175 4708 1472 4764 1542-44
1532 4727 1575 4765 s.
1636 4711 1672 4767 L
1745 4711 1890 4769 Τοηι.
1942 4712 2015 4767 V.
2086 4713 2265 4770 Basa.
2326 4712 2480 4769 1562.

537 4774 719 4844 (Bem-
870 4776 1060 4832 Ochin.
1094 4777 1165 4833 L.
1205 4777 1355 4833 1875.
1385 4793 1442 4846 p.
1477 4778 1621 4847 298.)

709 4843 805 4912 24)
846 4843 1067 4901 Tro-eius
1109 4847 1310 4903 Τιινὲσο
1339 4848 1608 4903 valedicit
1633 4849 1784 4917 prid.
1807 4849 1955 4905 Non.
1984 4849 2179 4904 Maias
2210 4851 2483 4920 (Bullinq.

540 4913 901 4992 Buaepn‘dg
941 4913 1058 4972 Gal.
1107 4916 1238 4971 Iun.
1282 4917 1484 4997 fodra).
1571 4917 1731 4973 Haec
1777 4920 1949 5042 mr
1997 4920 2227 4986 epistola
2263 4921 2482 4974 demun

537 4992 804 5120 {2⁸35ss
837 4982 1041 5117 mezv
1042 4983 1417 5109 “33338“2“3''⁸
1446 4986 1786 5055 numm<
1919 4987 2125 5043 “³⁰¹⁰“
2129 5005 2179 5043 ⁸⁰
2198 4986 2286 5045 ²⁴*
2308 4989 2479 5058 Μ’)

743 5119 805 5187 2)
836 5119 951 5176 sca.
985 5121 1129 5175 inter
1160 5123 1320 5178 ritas
1351 5129 1404 5179 et
1433 5124 1695 5180 tumultus
1725 5141 1830 5194 pro
1863 5126 2090 5180 istorum
2125 5142 2284 5181 onore.
2355 5125 2480 5182 Rea:

539 5189 951 5314 mm
977 5188 1198 5314 w
1223 5192 1464 5317 m
1504 5194 2274 5330 ...m‘mmxaw
2176 5197 2480 5330 mmm·

541 5325 756 5382 Hosius
788 5325 857 5381 11.
891 5325 1040 5395 152.)

2031 395 2552 466 nmsmonffl
2594 361 3013 498 sess—ssu

4384 403 4521 468 ¹7OE

2570 604 2737 670 qnae
2776 586 2924 655 istic
2968 593 3299 654 transacta
3339 596 3519 669 sunt,
3583 588 3747 655 illud
3801 587 3992 656 oredo
4052 587 4329 674 dignum
4366 610 4516 660 esse

2566 671 2836 738 amib'us
2879 673 3150 748 vestris:
3208 674 3521 742 nimirum
3583 672 3756 759 qnod
3797 673 4122 742 iurisditio
4162 695 4370 760 papae
4410 683 4515 743 est

2566 777 2841 841 prorsus
2878 757 2954 824 in
2996 779 3201 843 regno
3244 758 3369 828 hcc
3412 760 3668 828 abolita.
3749 760 4008 826 Vocant
4040 767 4262 827 antem
4296 760 4408 829 hic
4438 761 4517 828 in

2572 842 2831 928 vulgari
2886 867 3009 911 usn
3061 843 3576 912 iurisdictionem
3628 866 3836 930 papae
3888 866 4266 932 processum
4308 868 4516 931 quen-

2571 921 2723 998 dam
2765 929 2932 998 iuris
2976 951 3060 998 ex
3103 952 3231 1015 quo
3276 930 3387 998 hic
3429 940 3568 998 tota
3600 930 3891 1018 dignitas
3924 942 3994 999 et
4022 933 4339 1000 autoritas
4372 934 4515 1002 eius

2572 1011 2914 1099 pendebat.
2973 1016 3275 1101 Negabat
3314 1018 3640 1101 quispiam
3684 1017 4050 1086 sacrificulo
4093 1017 4376 1086 decimas
4408 1019 4513 1086 vel

2566 1099 2903 1186 quidpiam
2965 1102 3095 1169 tale
3152 1100 3434 1182 admisit,
3503 1104 3729 1172 statim
3798 1105 4509 1172 excommunicabatur:

2570 1186 2742 1254 hanc
2783 1189 3521 1256 excommunicationem
3560 1190 3624 1256 si
3660 1191 3811 1273 quis
3846 1210 3967 1274 per
4010 1211 4261 1256 annum
4292 1197 4362 1257 et
4393 1211 4515 1258 sex

2577 1271 3016 1340 hebdomadas
3059 1275 3537 1355 contemnebat,
3579 1276 3804 1342 statim
3845 1273 3927 1340 ad
3957 1269 4323 1359 praesidem
4366 1296 4517 1359 pro-

2572 1359 2824 1426 vinciae
2887 1360 3343 1427 accusabatur:
3406 1382 3671 1446 praeses
3725 1359 3979 1430 tamdiu
4031 1360 4200 1428 tales
4254 1381 4515 1428 ucen-

2572 1445 2935 1513 municatcs
3010 1445 3381 1525 divexabat,
3456 1444 3661 1513 donec
3724 1469 3874 1514 rens
3938 1445 4250 1513 solvendo
4324 1455 4515 1515 esset.

2573 1532 2792 1615 Atque
2814 1532 2885 1598 in
2909 1539 3168 1598 tantum
3190 1532 3300 1599 hic
3326 1533 3603 1599 istorum
3624 1531 3998 1617 praeddum
4020 1540 4313 1616 potestas
4334 1532 4518 1600 vale-

2572 1617 2704 1696 bat,
2741 1625 2818 1683 ιιι
2851 1619 3050 1684 etiam
3082 1619 3439 1686 confiscare
3473 1618 3705 1686 talium
3739 1620 3931 1696 bona,
3966 1618 4215 1684 honore
4236 1619 4517 1703 privare,

2574 1722 2651 1769 ac
2693 1702 2956 1770 demum
2999 1705 3072 1769 in
3112 1703 3419 1774 exsilium
3473 1704 3735 1772 mittere
3791 1705 3991 1770 etiam
4034 1704 4517 1788 potentissimos

2574 1787 2853 1856 liberum
2894 1789 2990 1856 eis
3032 1798 3193 1856 erat.
3281 1789 3427 1858 Hoc
3469 1791 3673 1874 igitur
3704 1792 3953 1875 iugum,
3975 1790 4118 1856 Deo
4156 1790 4245 1856 sit
4284 1790 4512 1875 gloria,

2574 1881 2678 1942 est
2740 1894 2780 1940 a
2842 1875 3113 1942 Polonis
3175 1876 3310 1942 iam
3376 1895 3742 1943 excussum.
3831 1877 4129 1961 laegatus
4190 1875 4515 1959 pontificis

2575 1959 2646 2027 S.
2712 1982 2950 2047 magno
3003 1971 3325 2045 apparatu
3382 1962 3734 2029 verborum
3796 1961 4014 2028 voluit
4075 1961 4155 2028 ab
4219 1962 4513 2028 instituto

2575 2055 2880 2114 senatum
2935 2048 3316 2115 universum
3370 2057 3437 2113 et
3478 2048 3730 2133 Regem
3795 2046 4155 2114 retardare:
4221 2046 4337 2113 sed
4400 2068 4514 2113 ne·

2619 2131 2951 2216 uidquam.
3037 2131 3135 2198 Ad
3189 2142 3561 2200 extremum
3617 2134 3700 2201 ab
3744 2134 4110 2217 armigeris,
4167 2154 4368 2217 quum
4409 2154 4519 2198 re-

2574 2154 2747 2285 duat·
2800 2240 2841 2284 a
2883 2227 3147 2300 senatu,
3201 2218 3486 2287 ludibrio
3543 2226 3646 2287 est
3696 2228 4027 2303 exceptus,
4086 2218 4392 2302 explosus
4450 2226 4522 2285 et

2572 2324 2775 2372 coeno
2837 2323 3238 2390 conspersus.
3344 2304 3596 2374 Adleoti
3660 2314 3820 2372 sunt
3881 2305 4082 2372 etiam
4145 2305 4220 2370 in
4278 2311 4523 2370 senatu

2574 2411 2691 2457 sex
2734 2398 3108 2457 nostrorum
3151 2412 3236 2457 ex
3257 2391 3516 2477 magnis
3557 2392 3823 2459 familiis
3843 2391 3991 2470 viri,
4035 2410 4203 2474 quae
4243 2411 4346 2456 res
4379 2389 4527 2473 pol-

2574 2475 2814 2546 licetur
2855 2477 3054 2542 etiam
3097 2477 3285 2543 nobis
3329 2477 3621 2544 meliora.
3693 2477 4009 2544 Moschus
4051 2497 4268 2542 arcem
4308 2497 4520 2558 qnan-

2576 2561 2727 2628 dam
2769 2562 3055 2629 nobilem
3096 2564 3168 2630 in
3208 2562 3550 2630 Plescovia
3568 2567 3629 2648 ³)
3685 2585 3805 2649 per
3863 2561 4157 2628 fraudem
4200 2560 4520 2645 praesidis

2573 2645 2902 2715 deditione
2965 2649 3154 2733 cepit„
3220 2649 3494 2732 proinde
3538 2671 3712 2716 nunc
3776 2648 4103 2715 exercitus
4143 2648 4517 2731 potentissi-

2574 2755 2723 2801 mus
2788 2756 2829 2800 a
2891 2735 3136 2800 nostris
3200 2735 3577 2801 instruitur.
3665 2734 3759 2800 Et
3820 2734 4000 2800 dedit
4060 2733 4321 2817 quidem
4386 2753 4519 2798 non

2620 2839 2812 2887 arvas
2873 2820 3096 2888 turbas
3133 2821 3489 2888 Lithuanis
3549 2822 3655 2889 hic
3712 2820 3973 2887 Moschi
4034 2818 4338 2897 insultus,
4401 2817 4520 2884 sed

2640 2927 2767 2991 nge
2830 2905 3251 2973 terribiliores
3309 2915 3378 2973 et
3430 2907 3927 2991 perniciosiores
3995 2912 4210 2971 motus
4265 2905 4520 2988 peperit

2573 2992 2759 3064 nobis
2801 2992 2962 3060 haec
3005 2993 3227 3060 fabula
3269 2992 3618 3060 Arrianica
3673 2991 3753 3058 de
3817 2991 3946 3076 qna
3986 3013 4071 3058 ex
4113 2990 4320 3056 literis
4369 2991 4521 3056 Tre-

2574 3078 2660 3144 oii
2677 3083 2736 3156 ⁴)
2777 3078 3043 3158 audisti,
3112 3080 3216 3145 vir
3275 3079 3651 3146 clarissime.
3738 3078 3950 3145 Plane
3991 3099 4133 3143 nux
4187 3074 4518 3143 seditioso-

2574 3185 2726 3230 rum
2789 3164 3132 3231 hominum
3195 3173 3301 3243 (ut
3367 3165 3479 3231 ille
3522 3166 3765 3249 inquit)
3823 3163 3907 3230 ad
3963 3185 4085 3229 nos
4126 3162 4519 3229 convolavit.

2574 3250 2712 3317 Pro
2755 3251 3038 3334 acceptis
3103 3251 3306 3335 igitur
3370 3274 3409 3317 a
3473 3252 3655 3319 vobis
3717 3249 3977 3316 auxiliis
4014 3249 4315 3334 ingentes
4380 3248 4524 3332 agit

2577 3336 2826 3421 gratias
2890 3345 3029 3402 tota
3069 3337 3375 3403 Polonia:
3435 3337 3551 3403 sed
3609 3335 3826 3404 adhuc
3880 3335 4046 3420 petit
4101 3342 4180 3401 ιιι
4232 3355 4312 3399 ea
4352 3354 4525 3417 quae

2579 3421 2911 3490 adornatis
2954 3423 3147 3490 citius
3189 3423 3562 3506 perficiatis.
3645 3423 3871 3488 Parva
3914 3429 4070 3488 sunt
4110 3441 4191 3487 ea
4232 3419 4531 3504 praemia

2578 3530 2743 3592 quae
2788 3510 2971 3578 vobis
3013 3509 3121 3575 hic
3165 3506 3437 3575 reddere
3475 3530 3597 3594 pro
3639 3529 3716 3575 eo
3757 3506 3977 3575 labore
4020 3514 4087 3573 et
4127 3507 4367 3591 pietate
4401 3527 4530 3571 nos

2838 3616 2947 3663 us:
2991 3594 3108 3661 sed
3150 3594 3263 3660 ille
3299 3595 3694 3679 agonotheta
3728 3601 3797 3660 et
3823 3593 4102 3660 domitor
4143 3593 4318 3658 orbis
4358 3590 4531 3658 coeli

2580 3688 2649 3746 et
2693 3688 2908 3750 terrae
2948 3681 3282 3747 liberalius
3324 3680 3533 3747 multo
3577 3701 3696 3764 pro
3738 3700 3861 3747 sna
3911 3678 4259 3748 clementia
4298 3678 4372 3743 in
4414 3676 4526 3742 die

2578 3767 2900 3835 iustorum
2964 3767 3284 3834 retribuet
3324 3775 3392 3833 et
3433 3766 3895 3852 compensabit.
3983 3764 4207 3846 Quare
4250 3763 4524 3847 pergite,

2578 3874 2618 3920 c
2675 3855 2785 3938 pia
2846 3861 3126 3937 pectora,
3192 3861 3260 3919 et
3313 3854 3502 3920 facite
3570 3863 3642 3920 ut
3706 3853 3956 3919 viscera
3995 3850 4287 3918 caritatis
4330 3849 4526 3914 sicuti

2579 3940 2901 4024 coepistis,
2944 3941 3155 4024 magis
3198 3960 3274 4007 ac
3319 3939 3528 4024 magis
3570 3940 3641 4006 in
3675 3938 3814 4004 dies
3849 3959 4008 4022 erga
4040 3958 4160 4003 nos
4195 3935 4518 4019 aperiatis.

2579 4027 2694 4093 Me
2754 4035 2973 4092 autem
3038 4026 3449 4109 peculiariter
3512 4034 3579 4092 et
3640 4024 3939 4109 precibus
3996 4032 4062 4089 et
4125 4022 4333 4089 amori
4388 4028 4517 4098 tuo,

2581 4113 2684 4179 vir
2727 4112 3143 4196 amplissime,
3184 4110 3586 4179 commendo.
3665 4111 3877 4195 Oupio
3921 4109 4089 4177 scire
4130 4108 4383 4193 quoties
4416 4106 4521 4171 in·

2580 4205 2686 4264 tra
2750 4199 2873 4265 hoc
2935 4208 3247 4265 semestre
3310 4198 3538 4263 literae
3594 4217 3776 4263 meae
3818 4196 3902 4262 ad
3946 4203 4011 4262 te
4055 4199 4519 4280 pervenerunt.

2580 4284 2673 4349 Et
2721 4285 3000 4350 Pretium
3051 4295 3351 4350 nostrum
3404 4282 3606 4363 nobis,
3666 4284 3955 4361 obsecro,
4009 4280 4281 4360 reddite,
4339 4288 4405 4345 et
4462 4278 4522 4344 si

2581 4391 2744 4454 opus
2786 4379 2904 4449 est,
2947 4370 3296 4437 extrudite.

2751 4456 2930 4522 Data
2972 4455 3326 4524 Oracoviae
3372 4460 3476 4522 28.
3520 4455 3715 4540 April
3766 4456 3948 4520 1563.

3600 4591 3972 4659 Stanislaus
4012 4589 4351 4656 Sarnicius

3610 4698 3840 4744 servus
3883 4675 4033 4743 Iesu
4078 4675 4349 4743 Ohristi.

2786 4836 2842 4956 Ξ)
2885 4833 3052 4915 Honk
3109 4831 3187 4888 N.
3222 4831 3401 4912 3931).

2826 4909 2847 4970 )
2884 4921 2920 4955 ι.
2959 4919 3001 4956 e.
3037 4920 3074 4957 a
3156 4902 3414 4957 Tretmae.

3348 5173 3757 5189 ffl—
