4850 6117
216 426 333 489 61⁷

218 609 561 696 spopondi.
634 611 844 679 Paulo
888 620 1052 697 post,
1094 612 1313 679 nescio
1354 607 1690 694 quomodo,
1735 608 2030 676 confessa
2072 615 2172 673 est

217 695 382 781 apud
437 704 589 762 tres
651 698 886 765 fratres
942 698 1288 783 primarios
1330 697 1600 763 huiusce
1658 695 1845 780 regni
1904 693 2170 769 nobiles,

216 804 282 850 se
322 804 456 850 non
504 783 709 850 valde
766 785 979 851 officio
1022 805 1167 850 meo
1227 783 1550 850 delectari.
1623 780 1881 863 Quibus
1933 779 2015 846 de
2067 801 2173 845 re-

215 870 333 936 bus
366 867 707 951 prolixius
741 877 808 937 te
841 869 1323 937 admonendum
1360 868 1727 934 existimavi
1763 888 1867 945 ne,
1911 866 1968 933 si
2002 864 2173 931 forte

218 953 459 1038 aliquid
532 955 623 1021 ad
693 964 756 1023 te
821 957 1154 1041 scripserit
1176 1008 1191 1036 ,
1254 955 1549 1021 omnium
1611 954 1887 1019 istarum
1950 973 2170 1017 rerum

215 1043 522 1124 ignarum
611 1041 1076 1127 deprehendat.
1171 1041 1323 1109 Scio
1387 1037 1775 1124 quibusdam
1838 1039 2173 1122 negotium

218 1127 416 1193 fuisse
479 1125 717 1194 datum
774 1140 849 1194 ut
904 1128 1431 1212 circumspiciant
1483 1126 1541 1191 si
1584 1146 1777 1210 quem
1832 1125 2173 1191 conciona-

219 1225 422 1278 torem
458 1215 766 1282 nancisci
797 1222 1111 1298 poterunt
1142 1212 1509 1279 modestum
1545 1219 1616 1276 et
1649 1211 1883 1289 lenem,
1928 1209 2176 1276 scilicet

221 1299 328 1384 qui
371 1300 738 1366 conniveat
792 1302 1141 1384 omniaque
1183 1300 1485 1365 omnibus
1541 1295 1892 1380 indulgeat.
1981 1293 2174 1376 Quod

221 1385 298 1451 ad
339 1405 450 1450 me
496 1386 765 1467 attinet,
826 1407 961 1452 non
1013 1388 1272 1471 ingrato
1316 1384 1535 1449 animo
1579 1382 1662 1449 ab
1718 1381 1997 1466 ingratis
2040 1380 2174 1446 dis-

222 1468 518 1538 cederem
557 1473 689 1538 nisi
729 1494 835 1538 me
871 1473 1067 1538 huius
1102 1472 1322 1556 gregis
1357 1469 1534 1537 salus
1568 1474 2024 1536 commoveret.
2089 1466 2174 1531 In

224 1577 343 1641 quo
384 1559 829 1641 parturiendo
872 1566 1066 1643 atque
1110 1556 1444 1623 educando
1487 1576 1683 1639 quam
1727 1553 1991 1619 sedulus
2034 1552 2172 1617 fue-

223 1644 363 1722 rim,
434 1644 723 1711 aliorum
790 1653 929 1711 esto
991 1643 1322 1710 iudicium.
1417 1640 1826 1708 Gravissime
1884 1639 2176 1724 profecto

227 1749 524 1815 angerer,
573 1732 632 1798 si
675 1740 913 1797 venter
953 1730 1186 1814 aliquis
1236 1728 1595 1810 subrepens
1635 1725 1886 1792 biennii
1927 1745 2109 1809 opus,
2120 1727 2175 1806 ⁶)

227 1814 388 1899 quod
431 1816 606 1882 mihi
653 1818 921 1901 plenum
963 1815 1301 1882 molestiae
1342 1813 1737 1898 periculique
1789 1810 1931 1891 fuit,
1977 1810 2177 1876 horae

230 1913 561 1968 momento
600 1906 1027 1971 subverteret.
1083 1900 1411 1968 Dominus
1446 1906 1703 1964 tantam
1739 1896 2176 1963 calamitatem

230 1997 478 2054 avertat
524 1997 724 2075 teque
768 1990 1027 2057 salvum
1072 1996 1139 2053 et
1186 1985 1581 2053 incolumem
1625 1983 1994 2050 diutissime
2037 1982 2177 2048 suis

231 2074 512 2143 ecclesiis
560 2082 799 2144 servet.

1108 2603 1311 2675 asez.

603 2760 1074 2832 oALvmus
1120 2754 1725 2826 MORELLANO.
1753 2753 1807 2841 ι)

400 2935 759 3021 Respondet
802 2933 889 2999 ad
920 2932 1401 3016 praecedentem,

242 3106 419 3173 (Manu
460 3109 673 3178 scripta
705 3122 816 3160 non
860 3107 1059 3161 exstat.
1125 3102 1378 3157 Servavit
1417 3101 1560 3156 Besa
1604 3099 1911 3169 suppressis
1945 3097 2176 3152 nomini-

239 3176 331 3230 bus
363 3179 420 3230 in
456 3178 542 3232 ed.
581 3178 786 3232 Gener.
822 3192 876 3245 p.
894 3171 1015 3241 264,
1050 3172 1212 3227 Laus.
1249 3188 1300 3241 p.
1320 3169 1442 3240 546,
1478 3170 1688 3225 Hanov.
1723 3186 1779 3238 p.
1810 3166 1931 3236 613,
1965 3166 2177 3222 Ohouet

241 3261 290 3314 p.
333 3245 449 3312 361,
508 3251 688 3301 Amet.
739 3262 795 3315 p.
845 3243 962 3298 165.
1053 3242 1524 3380 (ΞέῙΙίΒοῖθῖοηοω
1578 3239 1808 3308 praebet
1859 3237 1946 3293 ed.
1996 3236 2172 3291 Berol.

400 3485 674 3552 Literas
718 3492 884 3564 tuas,
949 3480 1372 3567 integerrime
1423 3479 1645 3556 frater,
1707 3496 1854 3543 sero
1910 3475 2176 3543 tandem

246 3572 450 3655 accepi
505 3580 658 3655 post
698 3589 992 3636 mensem
1047 3569 1343 3653 elapsum
1400 3587 1482 3631 ex
1525 3584 1652 3647 quo
1705 3564 1985 3647 scriptae
2037 3564 2178 3629 fue-

246 3665 400 3722 rant.
480 3658 633 3724 Etsi
679 3667 895 3721 autem
939 3655 1106 3720 mihi
1150 3660 1412 3739 gratum
1454 3651 1599 3730 fuit,
1657 3670 1741 3714 ex
1783 3655 1851 3714 te
1892 3650 2034 3734 ipso
2076 3649 2178 3714 in-

246 3741 531 3829 telligere
599 3742 916 3828 quomodo
970 3741 1243 3820 valeres,
1307 3758 1384 3804 ac
1435 3735 1642 3802 multo
1706 3735 1917 3821 magis
1982 3755 2178 3819 quam

434 3964 496 4032 6)
533 3966 682 4036 quod
712 3968 775 4019 ta
805 3965 1055 4032 pressius
1086 3961 1298 4029 evicere
1339 3959 1580 4016 nahem-s
1614 3956 1710 4022 (cf.
1743 3954 1807 4011 N.
1842 3953 2023 4038 3495.)
2085 3954 2179 4008 Ve-

247 4046 357 4086 rum
402 4035 633 4101 sufficiet
684 4033 760 4088 ad
794 4030 1272 4087 demonstrandum
1324 4029 1467 4083 hanc
1519 4027 1597 4081 ad
1632 4026 1804 4097 finem
1857 4041 1996 4079 anm
2043 4022 2180 4078 1562

247 4103 574 4165 referendam
625 4118 755 4171 esse,
806 4104 922 4156 nisi
976 4101 1213 4166 fortasse
1271 4099 1564 4155 conuectis
1613 4111 1729 4150 eam
1778 4100 1904 4163 post
1948 4108 2179 4148 mensem

250 4167 555 4228 Ianuarium
611 4170 744 4226 1563
786 4172 1048 4239 scriptam
1090 4170 1281 4238 fuisse.
1360 4165 1517 4234 Quod
1569 4174 1744 4219 tamen
1791 4165 1972 4217 mt'mw
2002 4162 2180 4231 placet

250 4239 295 4289 εἰ
325 4243 602 4296 exordium
637 4241 1059 4297 consideramus.
1143 4237 1277 4293 Vide
1311 4249 1518 4305 quoque
1553 4249 1723 4303 supra
1757 4237 1867 4286 nat.
1901 4230 1951 4284 2.
2139 4301 2149 4313 .

249 4305 421 4362 8802.
448 4312 502 4378 1)
540 4310 631 4364 De
678 4311 895 4362 nomine
929 4307 1085 4361 ‘nulli
1135 4306 1448 4360 dubitamus
1498 4318 1661 4385 quum
1711 4307 1763 4356 et
1809 4298 2176 4382 praecedentes

250 4374 379 4430 idem
413 4387 572 4434 autor
604 4379 773 4444 fuerit
808 4377 884 4431 ad
915 4392 1078 4447 quam
1112 4375 1244 4430 haec
1276 4373 1671 4428 evidenmsime
1701 4369 2001 4438 respondet.
2038 4368 2174 4422 Sam-

250 4443 378 4498 lerus
420 4448 570 4510 (Vol.
607 4445 734 4515 102)
776 4449 1089 4513 suspicatur
1138 4444 1312 4511 tuisse
1358 4442 1433 4497 ad
1471 4439 1776 4496 Gallae-ium
1820 4439 1934 4494 seri
1969 4444 2080 4492 tam
2123 4444 2174 4493 et

249 4510 426 4570 laudm
457 4519 520 4570 in
554 4533 675 4572 eam
713 4516 875 4582 finem
921 4515 1086 4568 huius
1119 4511 1401 4581 epistolam
1436 4509 1512 4565 ad
1550 4509 1880 4564 Genevenses
1947 4546 1961 4561 .
1997 4506 2049 4560 d.
2086 4506 2171 4561 21.

253 4578 366 4637 Ian.
402 4583 532 4639 1562
582 4600 724 4656 quae
765 4584 924 4638 nobis
965 4599 1077 4636 non
1122 4582 1380 4636 innotuit.
1453 4578 1559 4633 Sed
1599 4580 1817 4633 omnino
1850 4577 2056 4630 erravit
2087 4577 2173 4630 eir

252 4647 436 4707 doetus.
519 4654 776 4709 Caeterae
819 4653 964 4706 enim
1007 4649 1259 4706 Gallasin'
1317 4649 1420 4715 (N.
1466 4645 1622 4702 3596.
1663 4644 1825 4709 3680)
1868 4644 2030 4712 plane
2074 4645 2173 4699 als·-

253 4722 321 4771 ter
350 4729 560 4778 sonant
604 4722 694 4776 De
726 4728 962 4790 tempore
994 4721 1208 4791 quidem
1243 4719 1385 4773 niba
1417 4719 1553 4772 certi
1578 4716 1857 4783 affirmare
1887 4714 2175 4780 audemus,-

253 4788 362 4912 λῇ
382 4795 525 4930 {aaz}
558 4792 710 4917 Bega
729 4808 809 4916 eg.
845 4789 1342 4916 ¹1323luaelztciscribeas
1374 4787 1584 4856 eqreqie
1611 4785 1792 4850 faleise
1825 4785 1917 4837 est.
1994 4781 2172 4839 Caete-

518 4901 533 4916 .
565 4878 636 4932 pr
701 4878 729 4917 c
799 4898 811 4912 .
942 4901 955 4913 .
1075 4899 1084 4911 .

2042 422 2204 485 1562
2245 437 2296 486 s.
2341 418 2402 486 d.

4092 426 4225 490 618

2274 614 2545 675 strenue
2613 608 3003 692 cordateque
3063 630 3369 709 pergeres
3436 610 3510 675 in
3573 609 3871 678 obeundo
3924 631 4218 694 munere,

2274 693 2700 761 vehementer
2752 703 2974 761 tamen
3028 694 3224 776 dolui,
3279 696 3638 762 certamina
3693 695 3814 761 tibi
3871 697 4123 762 moveri
4178 719 4223 763 a

2275 780 2509 864 quibus
2551 782 2822 846 minime
2863 780 3150 860 decebat,
3192 782 3326 847 imo
3360 803 3521 866 quos
3564 804 3683 865 par
3717 790 3861 848 erat
3894 782 4059 848 fidos
4102 782 4222 848 tibi

2275 887 2418 932 esse
2495 866 2842 932 adiutores.
2948 868 3011 933 A
3080 866 3393 952 professis
3471 868 3768 934 hostibus
3854 870 4221 953 oppugnari

2277 950 2531 1018 Christi
2595 974 2849 1032 servos,
2916 974 3132 1037 neque
3197 973 3444 1020 novum
3507 960 3612 1021 est
3676 976 3888 1039 neque
3950 955 4221 1021 mirum.

2277 1036 2452 1103 Cum
2509 1039 2840 1105 intestinis
2897 1038 3290 1105 adversariis
3345 1040 3697 1125 confligere
3738 1039 4076 1107 molestius
4120 1049 4223 1107 est

2277 1133 2475 1206 atque
2516 1123 2832 1191 acerbius.
2918 1122 3316 1208 Quanquam
3362 1123 3443 1189 ad
3487 1126 3611 1192 hoc
3651 1147 3905 1209 quoque
3956 1147 4223 1210 pugnae

2277 1231 2485 1293 genus
2527 1231 2646 1276 nos
2689 1211 3083 1277 assuefactos
3137 1230 3280 1277 esse
3333 1219 3613 1295 oportet:
3673 1212 3827 1295 quia
3879 1232 4220 1295 nunquam

2276 1296 2349 1359 in
2393 1296 2663 1362 ecclesia
2706 1318 2812 1362 res
2855 1294 3014 1360 adeo
3070 1295 3235 1361 bene
3299 1297 3567 1362 fuerunt
3607 1298 4016 1381 compositae,
4061 1299 4221 1380 quin

2278 1402 2316 1446 e
2358 1381 2572 1446 medio
2630 1382 2769 1447 eius
2818 1383 2968 1446 sinu
3021 1382 3360 1465 prodirent
3413 1405 3708 1450 remorae
3751 1393 3816 1449 et
3867 1382 4220 1464 obstacula,

2277 1468 2668 1550 quibuscum
2714 1466 2900 1534 nobis
2952 1467 3336 1534 luctandum
3380 1477 3496 1534 est.
3581 1468 3846 1553 Optime
3889 1489 4045 1535 vero
4090 1468 4221 1542 fac-.-

2277 1561 2424 1620 tum
2468 1551 2639 1636 quod
2681 1553 3173 1638 inexpugnabili
3220 1552 3471 1620 Christi
3517 1555 3761 1622 virtute
3816 1556 4021 1620 fretus
4064 1553 4220 1621 hac-

2277 1646 2473 1704 tenus
2526 1658 2953 1723 perrumpere
3006 1660 3140 1705 non
3197 1638 3526 1707 dubitasti.
3598 1641 3797 1719 Malo,
3843 1640 4012 1724 quod
4055 1639 4220 1705 mihi

2278 1725 2687 1810 incognitum
2746 1733 2905 1805 erat,
2963 1725 3153 1791 citius
3208 1726 3456 1791 mederi
3512 1746 3645 1792 non
3700 1727 3901 1809 potui.
3974 1726 4055 1791 N.
4101 1725 4220 1791 ali-

2321 1810 2436 1876 uid
2470 1809 2551 1876 de
2594 1811 2798 1876 nimia
2831 1809 2917 1875 D.
2938 1812 2996 1888 ²)
3039 1831 3199 1896 erga
3243 1832 3398 1878 suos
3440 1811 3852 1897 indulgentia
3886 1811 4218 1878 retulerat.

2278 1833 2470 1962 {erio
2514 1916 2665 1962 eum
2691 1897 2748 1981 ⁸)
2793 1894 3121 1962 admonui.
3205 1895 3382 1978 Quia
3422 1895 3591 1962 nihil
3632 1896 3971 1981 respondit
4012 1896 4221 1982 suspi-

2278 1989 2466 2049 catus
2531 2003 2677 2048 sum
2732 2000 2866 2047 non
2928 1982 3131 2049 fiiisse
3193 1982 3560 2048 iucundum
3622 2004 3846 2048 meum
3909 1983 4218 2067 rigorem.

2278 2067 2472 2134 Nunc
2515 2088 2720 2151 quum
2778 2075 2844 2133 et
2896 2067 3098 2134 stulta
3150 2067 3532 2136 credulitate
3590 2079 3656 2134 et
3700 2067 3844 2133 aliis
3887 2068 4097 2134 modis
4141 2088 4219 2133 eo

2276 2174 2485 2237 usque
2548 2173 2973 2238 progressum
3049 2154 3336 2239 legerem
3350 2204 3368 2233 ,
3447 2155 3582 2221 fere
3645 2153 3967 2237 obstupui.
4071 2153 4221 2219 Etsi

2278 2248 2498 2305 autem
2543 2238 2901 2304 remedium
2955 2238 3126 2324 quod
3170 2238 3331 2305 utile
3389 2247 3455 2305 et
3507 2247 3944 2324 opportunum
3997 2238 4222 2306 censui

2279 2325 2515 2391 afferre
2557 2333 2830 2392 conatus
2887 2346 3032 2390 sum
3076 2323 3456 2409 prolixeque
3500 2327 3580 2392 de
3624 2324 3992 2410 praecipuis
4042 2325 4221 2408 capi-

2277 2409 2456 2477 tibus
2511 2410 2808 2490 disserui,
2866 2432 3100 2477 vereor
3152 2419 3373 2477 tamen
3427 2432 3513 2477 ne
3554 2412 3791 2495 vulpes
3847 2410 4041 2478 aulici
4086 2409 4223 2476 diu-

2278 2504 2476 2562 turno
2533 2495 2745 2562 taedio
2800 2502 2867 2562 te
2918 2505 3254 2562 macerent
3309 2519 3385 2564 ac
3438 2498 3806 2576 conficiant,
3867 2497 3992 2563 nisi
4035 2495 4223 2564 Deus

2277 2581 2668 2648 mirabiliter
2700 2589 3015 2648 occurrat.
3087 2582 3339 2649 Locum
3376 2583 3585 2649 deseri
3620 2582 3807 2649 nullo
3840 2581 4035 2649 modo
4077 2581 4222 2667 pla-

2278 2676 2398 2748 cet,
2445 2668 2575 2733 nisi
2615 2668 2924 2752 obtigerit
2962 2668 3114 2752 pius
3167 2689 3527 2736 successor:
3584 2670 3970 2753 praesertim
4010 2667 4222 2736 donec

2278 2754 2399 2820 tibi
2454 2753 2739 2820 liberum
2794 2754 2918 2819 erit
2959 2775 3244 2820 manere.
3327 2754 3499 2820 Nam
3558 2756 3617 2821 si
3667 2775 3784 2838 pro
3842 2754 4112 2838 imperio
4154 2762 4222 2821 te

2280 2840 2663 2924 expelleret,
2728 2838 2846 2904 tibi
2910 2839 3240 2924 patienter
3304 2840 3571 2906 ferenda
3633 2840 3739 2906 vis
3803 2846 3995 2906 esset.
4080 2840 4221 2907 Nec

2276 2948 2435 2994 vero
2492 2946 2533 2990 a
2586 2925 2865 2992 statione
2924 2924 3198 2992 discedit
3258 2926 3369 3010 qui
3444 2926 3618 2993 cedit
3671 2925 3936 2993 invitus.
4026 2925 4223 3008 Quod

2277 3013 2334 3078 si
2389 3012 2701 3078 ecclesiae
2752 3018 3163 3096 prospectum
3219 3011 3635 3078 mediocriter
3686 3011 3901 3089 fuerit,
3956 3019 4022 3078 et
4077 3011 4219 3080 eius

2276 3098 2600 3181 permissu
2644 3097 3015 3182 resignatus
3049 3097 3249 3163 fueris
3283 3097 3478 3164 alteri
3516 3097 3842 3173 ecclesiae,
3886 3097 4054 3163 forte
4097 3118 4222 3166 nec

2277 3184 2535 3269 publice
2598 3204 2720 3250 nec
2798 3183 3106 3267 privatim
3184 3183 3614 3266 improbanda
3688 3193 3861 3250 esset
3925 3183 4220 3249 mutatio.

2275 3270 2551 3337 Utinam
2592 3290 2795 3352 quum
2836 3276 2902 3334 te
2945 3269 3172 3347 RR.⁴)
3217 3269 3653 3352 postularunt,
3708 3269 3949 3355 probus
3990 3269 4097 3336 vir
4138 3267 4222 3334 ad

2276 3376 2550 3421 manum
2609 3354 2841 3421 fuisset
2902 3355 3034 3420 tuis
3089 3353 3385 3438 partibus
3441 3354 3786 3421 obeundis:
3853 3353 4045 3420 modo
4102 3375 4223 3420 sua

2324 3441 2518 3524 opulo
2574 3439 2806 3506 relicta
2863 3448 3033 3506 esset
3088 3440 3371 3507 libertas.
3443 3441 3660 3508 Unius
3716 3441 3896 3506 enim
3948 3441 4221 3506 arbitrio

2277 3465 2476 3612 {eligi
2531 3534 2822 3610 pastores
2878 3525 2989 3592 vel
3043 3527 3315 3607 moveri,
3369 3537 3641 3610 prorsus
3694 3525 4044 3591 barbarum
4101 3533 4219 3591 est.

2209 3638 2225 3661 ·
2280 3613 2541 3679 Interea
2605 3621 2669 3677 te
2727 3611 2813 3678 ad
2870 3613 3450 3696 perseverantiam,
3516 3611 3832 3697 quidquid
3895 3609 4221 3691 acciderit,

2281 3700 2627 3766 confirma:
2673 3719 2749 3764 ac
2789 3699 3165 3765 memineris
3208 3720 3340 3765 non
3382 3699 3627 3765 flustra
3669 3696 4035 3763 admonitos
4077 3716 4221 3763 esse

2283 3806 2323 3851 a
2375 3783 2644 3849 Christo
2704 3783 3074 3867 discipulos,
3133 3792 3208 3849 ut
3262 3784 3389 3851 sibi
3442 3791 3750 3851 caverent
3800 3803 3841 3847 a
3899 3784 4223 3848 fermento

2280 3868 2785 3935 Pharisaeorum
2830 3878 2898 3933 et
2939 3869 3254 3935 Herodis:
3313 3870 3464 3968 quia
3517 3890 3776 3955 semper
3831 3868 4059 3967 aulicis
4114 3887 4220 3933 so-

2279 3954 2476 4021 lenne
2518 3954 2642 4019 fuit
2685 3955 2821 4021 suis
2863 3954 3251 4038 corruptelis
3293 3954 3658 4038 s1mplicem
3701 3953 4026 4038 evangeln
4069 3952 4221 4019 doc-

2277 4041 2519 4107 trinam
2562 4039 2845 4106 inficere.
2917 4041 3191 4126 Ignosce
3226 4041 3284 4107 si
3323 4049 3460 4106 tam
3493 4040 3710 4124 ampla
3741 4039 4021 4104 materia
4053 4037 4219 4103 mihi

2278 4133 2591 4210 suggesta
2634 4124 2922 4195 breviter
2963 4135 3031 4192 et
3083 4127 3405 4193 succincte
3446 4126 3563 4192 tibi
3618 4126 3918 4191 rescribo.
3989 4123 4220 4206 Quan-

2277 4233 2473 4297 quam
2531 4230 2686 4278 vere
2750 4212 2869 4277 tibi
2925 4213 3200 4294 affirmo,
3265 4211 3719 4296 indignatione
3772 4211 4020 4277 factum
4075 4229 4219 4276 esse

2275 4298 2489 4450 ffiaffiis
2502 4317 2780 4460 &simeo
2794 4297 3062 4382 pigritia
3117 4304 3193 4365 ut
3254 4298 3381 4364 sim
3446 4298 3541 4363 ita
3600 4295 3958 4364 restrictus.
4028 4295 4218 4363 Vale.

2476 4570 2537 4639 2)
2567 4571 2841 4625 Ducissac.

2477 4639 2537 4706 3)
2589 4639 2723 4693 Vide
2767 4656 2844 4694 an
2890 4641 2989 4695 hoc
3024 4640 3205 4696 Besae
3248 4639 3588 4696 tribuendum
3625 4640 3712 4706 eit,
3758 4653 3920 4709 quum
3959 4636 4222 4694 Calvinus
4346 4674 4352 4680 -

2271 4728 2390 4765 eam
2423 4709 2719 4775 empserit,
2752 4715 2803 4763 et
2826 4722 3031 4777 porro.-
3064 4726 3419 4780 progressam.

2474 4776 2535 4845 4)
2568 4777 2934 4846 Bupcllenses.
3004 4779 3018 4793 ‘

2477 4846 2539 4914 5)
2573 4848 2669 4901 sic.
2754 4846 2889 4901 Vide
2921 4851 3032 4901 not.
3070 4847 3119 4902 1.
