4850 6117
657 419 791 485 519

659 601 864 674 (Exem
923 616 987 655 ar
1034 597 1407 654 authenticum
1455 612 1620 651 manu
1673 594 1957 652 lonvillaei
2005 595 2110 650 8011
2148 599 2267 650 tum
2319 600 2505 652 exstat
2549 597 2612 651 in

669 672 789 727 Vol.
825 669 857 724 1
928 706 944 734 ,
976 667 1123 722 Plut.
1158 667 1257 723 VI.
1288 664 1457 721 Areh.
1491 665 1690 748 'l'urieq
1738 666 1871 721 olim
1906 664 2046 736 Epp.
2128 680 2237 719 om.
2271 663 2359 735 24,
2390 666 2486 721 fol.
2521 663 2611 720 52.

664 738 928 809 Reperies
961 736 1128 790 etiam
1162 735 1414 791 Genevae
1465 734 1551 788 bie
1583 735 1643 789 in
1677 734 1808 790 cod.
1845 732 1964 800 108,
2007 733 2099 787 fol.
2146 731 2250 787 132
2284 741 2343 789 et
2387 733 2510 799 140,
2552 740 2613 788 et

663 808 754 863 ''¹“
789 807 1016 875 ⁸⁰¹³*
1133 822 1207 928 31.
1224 801 2054 942 3¹65¹⁰²x301÷⁶30ffig1lffi1ss¹²³
2094 818 2183 940 ¹³1⁰,
2197 819 2285 874 ⁸¹³·
2321 803 2611 860 ⁸¹m¹⁶²¹²m

653 1046 1048 1115 Clarissimo
1101 1044 1246 1111 viro
1285 1044 1373 1110 D.
1413 1043 1775 1110 Heinrioho
1817 1041 2209 1128 Bullingero
2251 1042 2611 1127 Tigurinae

657 1133 973 1201 eeclesiae
1033 1130 1409 1198 fidelissimo
1429 1129 2013 1282 olpaessffidotratri
2076 1137 2144 1195 et
2206 1134 2611 1216 symmystae

837 1387 1058 1474 Oogor
1098 1407 1323 1454 eorum
1364 1392 1599 1471 rogatu
1653 1385 1766 1469 qui
1817 1384 2088 1453 oonsilio
2128 1404 2277 1450 meo
2316 1403 2454 1451 non
2495 1383 2610 1451 ob-

661 1481 1039 1558 temperant
1069 1471 1190 1538 tibi
1222 1471 1532 1538 molestus
1565 1491 1727 1551 esse,
1760 1470 2134 1555 venerande
2152 1472 2376 1536 frater.
2432 1469 2609 1536 Gon-

659 1561 872 1627 ieetus
912 1557 1041 1625 fuit
1079 1559 1154 1623 18
1194 1577 1518 1625 oareerem
1559 1556 1771 1623 bonus
1804 1556 2070 1641 quidam
2103 1556 2209 1624 vir
2226 1555 2608 1635 Mediolani,

710 1647 824 1712 uia
884 1644 1154 1712 liberius
1206 1651 1433 1708 eontra
1492 1640 1895 1726 impietatem
1955 1650 2233 1728 papatus
2296 1641 2609 1726 loquutus

744 1738 903 1798 erat.
976 1731 1100 1796 Est
1141 1728 1403 1812 quidem
1444 1727 1853 1812 Burgundio,
1910 1727 2027 1794 sed
2077 1728 2190 1811 qui
2241 1726 2494 1793 dudum
2534 1727 2609 1792 in

665 1817 793 1884 hae
845 1816 1007 1883 urbe
1063 1813 1314 1880 habitat
1371 1819 1440 1880 et
1493 1813 1565 1879 in
1618 1812 1814 1878 Italia
1862 1813 2254 1899 negotiatur.
2321 1813 2608 1879 Paratus

666 1901 931 1986 quidem
985 1901 1213 1966 fuisset
1267 1910 1530 1965 senatus
1586 1906 1809 1965 noster
1863 1919 1983 1983 pro
2045 1900 2187 1983 ipso
2252 1898 2606 1982 deprecari,

667 1987 782 2054 sed
827 1987 978 2072 quia
1033 1984 1312 2051 ludibrio
1353 1984 1612 2050 habitae
1665 1984 1944 2051 fuissent
1995 1984 2224 2050 literae
2268 1983 2607 2050 abstinuit.

666 2072 838 2139 Dedi
880 2071 1225 2138 eonsilium
1259 2069 1431 2154 quod
1473 2069 1900 2154 repudiarunt
1941 2070 2135 2137 amiei
2176 2070 2333 2136 eius.
2398 2071 2609 2136 Puta-

663 2166 826 2224 runt
867 2158 1058 2235 enim,
1107 2156 1167 2221 si
1241 2164 1479 2221 uatuor
1518 2156 1814 2222 civitates
1847 2154 2224 2237 helvetioae‚
2270 2177 2437 2240 quae
2485 2177 2611 2240 pu-

663 2242 2610 2411 3313?gilieffiffifflffispfflmfflqffispffissss?

667 2414 874 2497 Atqui
913 2433 1145 2480 vereor
1185 2433 1272 2478 ne
1311 2418 1679 2478 vestrorum
1718 2432 1972 2496 quoque
2016 2413 2327 2479 autoritas
2371 2412 2496 2479 hae
2538 2414 2607 2479 in

667 2507 857 2583 parte
920 2498 1087 2564 levis
1150 2505 1217 2563 et
1278 2518 1479 2581 prope
1541 2496 1789 2563 nullius
1844 2500 2159 2565 momenti
2221 2498 2448 2564 futura
2501 2500 2604 2565 sit.

669 2583 846 2666 Quia
896 2592 1119 2649 tamen
1171 2602 1370 2649 08888
1420 2584 1565 2667 ipsa
1616 2603 1749 2649 non
1801 2584 2139 2669 vulgarem
2192 2583 2605 2650 oommenda-

667 2672 914 2735 tionem
948 2677 1255 2747 meretur,
1299 2668 1499 2734 etiam
1534 2675 1727 2750 atque
1769 2670 1966 2735 etiam
2011 2678 2077 2736 te
2117 2689 2277 2754 rogo
2320 2678 2394 2735 ut
2436 2692 2605 2736 nun-

667 2757 845 2824 oium
885 2756 958 2821 in
1000 2754 1207 2821 literis
1246 2753 1678 2838 impetrandis
1720 2775 1850 2838 qua
1889 2756 2134 2840 poteris
2175 2755 2304 2821 fide
2348 2762 2416 2821 et
2459 2755 2607 2821 dili-

751 2842 892 2906 ntia
932 2841 1219 2908 adiuves.
1289 2839 1478 2921 Vale,
1530 2839 1888 2906 olarissime
1929 2843 2053 2925 vir,
2107 2849 2174 2907 et
2226 2841 2606 2908 honorande

665 2862 891 2995 fga-‘aton
981 2926 1306 2992 Dominus
1361 2932 1428 2991 te
1482 2925 1802 3009 gubernet
1862 2948 1978 2993 880
2043 2927 2296 3012 spiritu,
2361 2928 2607 2994 virtute

666 3014 987 3079 sustineat
1019 3033 1095 3078 80
1135 3010 1527 3079 ineolumem
1569 3020 1925 3081 eonservet.
1996 3013 2305 3080 Genevae
2342 3017 2400 3080 9.
2439 3012 2605 3098 Sep-

664 3099 939 3166 tembris
985 3100 1168 3167 1562.

1596 3236 1780 3303 Tuus
1819 3233 2100 3303 Ioannes
2142 3234 2476 3306 Calvinus.

1536 3779 1734 3851 3850.

876 3933 1003 4000 Ln
1045 3916 1350 4001 SENA'D
1392 3934 1520 4000 88
1564 3918 1947 4002 GENEVE
1990 3934 2053 4000 A
2095 3932 2400 4002 vtum.

661 4102 1289 4274 miae.q⁹)⁸pr⁰l⁰”9⁶
1342 4106 2611 4192 sonconqeetonasoindesafa-

878 4361 1174 4429 (Archives
1205 4362 1276 4417 de
1308 4361 1544 4418 Geneve.
1599 4363 1820 4417 Lettres
1853 4362 1923 4417 de
1954 4363 2010 4417 la
2043 4362 2406 4432 seigneurie.)

1196 4536 1260 4599 A
1301 4533 1580 4601 Maistre
1619 4535 1847 4601 Pierre
1887 4533 2101 4602 Viret.

850 4705 1075 4788 Ayant
1125 4704 1231 4770 leu
1284 4704 1382 4771 les
1433 4705 1662 4772 lettres
1715 4726 1839 4790 que
1883 4726 2049 4771 nous
2106 4725 2260 4772 aves
2302 4707 2616 4790 eseriptes

676 4809 847 4854 nous
900 4807 1106 4855 avons
1160 4799 1296 4856 este
1346 4794 1596 4876 joyeux
1649 4799 1717 4858 et
1771 4811 1978 4858 avons
2031 4789 2241 4858 rendu
2294 4813 2524 4878 graees
2576 4814 2617 4859 a

672 4976 867 5059 8859.
885 4975 946 5045 1)
990 4977 1140 5059 thret
1181 4978 1333 5059 avait
1360 4977 1554 5046 ρνὲολέ
1596 4985 1655 5061 et·
1678 4977 1877 5035 οέὶέὺνέ
1909 4978 1967 5033 la
1997 4980 2124 5035 eene
2154 4981 2192 5034 ὰ
2227 4976 2419 5036 ,Νίνου
2452 4980 2502 5036 le
2531 4979 2617 5035 24.

671 5046 827 5171 ἕκατι,
855 5040 1886 5182 le'teqwmekvilffidfflzmn
1923 5047 2349 5187 prolonqmemgnlee
2362 5118 2431 5172 de
2454 5050 2622 5188 cong}

676 5197 825 5253 pour
867 5186 963 5249 lui,
1010 5183 1180 5254 lequel
1226 5184 1317 5248 lut
1358 5184 1584 5238 accord&
1614 5200 1757 5251 pour
1788 5184 1932 5240 deum
1965 5186 2105 5242 mois
2136 5185 2242 5251 (N.
2277 5184 2416 5240 3817
2451 5188 2619 5254 suiv.)

694 5252 888 5378 umet.
915 5251 1049 5323 Rea.
1097 5251 1175 5305 du
1225 5250 1442 5306 Conseil
1484 5266 1597 5307 aux
1643 5250 1727 5306 18.
1766 5259 1817 5309 α
1857 5252 1941 5308 24.
1978 5255 2129 5325 inin,
2174 5257 2227 5310 4.
2271 5262 2322 5312 οι
2366 5254 2452 5310 10.
2489 5255 2622 5325 Sep·

2169 406 2697 480 EPISTOLAE
2737 409 3161 478 3849-3852

4512 411 4623 477 520

2710 595 2887 662 Dieu
2932 596 3014 663 de
3054 595 3122 662 la
3171 595 3385 662 bonne
3439 595 3742 662 affection
3783 595 3921 679 quil
3959 615 4123 662 vous
4178 597 4356 665 avoit
4396 595 4625 664 donnes

2712 680 2794 749 de
2834 702 2923 748 ne
2962 681 3154 767 point
3203 679 3623 748 abandonner
3671 680 3742 747 la
3780 701 4069 765 paouvre
4119 681 4321 767 eglise
4359 680 4440 747 de
4486 681 4627 766 lyon

2711 787 2798 833 en
2847 766 3004 834 telle
3054 767 3370 835 neoessite
3428 787 3555 851 que
3594 787 3757 834 vous
3811 766 3881 833 la
3931 766 4243 835 deelaires
4297 776 4367 834 et
4422 767 4631 834 lavone

2711 852 2888 920 aussi
2930 853 3220 919 entendu
3255 853 3563 919 dallieurs
3604 874 3719 920 ear
3758 873 3832 918 00
3865 873 4032 920 8088
4073 860 4223 920 eust
4261 861 4402 920 este
4442 853 4632 938 grand

2708 946 2929 1024 regret
2970 938 3110 1023 quil
3149 962 3197 1025 y
3237 939 3371 1005 fust
3423 938 3682 1006 advena
3723 937 4104 1023 dissipation
4158 958 4245 1005 ou
4299 939 4489 1005 ruine
4522 959 4634 1022 par

2709 1032 2931 1092 vostre
2994 1025 3286 1092 absence.
3381 1024 3477 1090 Et
3529 1044 3778 1090 oomme
3833 1044 3908 1090 00
3963 1043 4003 1088 8
4054 1033 4193 1092 este
4243 1046 4340 1090 88
4404 1026 4634 1091 8011100

2711 1109 3014 1195 agreable
3055 1132 3097 1176 a
3134 1110 3311 1177 Dieu
3354 1110 3530 1176 aussi
3572 1108 3654 1176 de
3693 1117 3918 1176 nostre
3957 1119 4134 1178 ooste
4184 1131 4350 1194 pour
4393 1110 4457 1175 10
4502 1111 4635 1176 8018

2710 1206 2781 1260 et
2841 1216 2985 1264 eom
3032 1196 3249 1263 assion
3312 1217 3438 1280 que
3499 1214 3670 1261 nous
3737 1216 3942 1263 avons
4005 1194 4120 1263 des
4180 1197 4505 1263 membres
4564 1195 4636 1261 de

2707 1282 2759 1349 J
2758 1302 2911 1348 esus
2931 1280 2986 1348 O
3075 1283 3158 1348 ’st
3189 1291 3415 1348 nostre
3456 1280 3612 1349 ohef
3636 1302 3942 1349 eommun
3982 1303 4150 1348 nous
4181 1303 4345 1349 vous
4378 1302 4636 1349 seavons

2710 1367 2976 1433 tresbon
3016 1387 3136 1453 gre
3179 1367 3259 1433 de
3302 1388 3377 1435 00
3426 1387 3552 1451 que
3590 1387 3757 1435 vous
3808 1388 4011 1435 naves
4052 1368 4240 1452 point
4280 1367 4522 1451 defally
4561 1389 4637 1434 88

2708 1452 2931 1520 besoin
2981 1473 3021 1518 a
3062 1473 3137 1519 00
3179 1473 3471 1538 paouvre
3524 1454 3759 1537 peuple
3812 1454 3923 1537 qui
3981 1460 4194 1538 estoyt
4246 1474 4417 1537 pour
4469 1453 4636 1520 lhors

2707 1546 2857 1605 tant
2897 1547 3188 1605 estonne.
3259 1538 3569 1624 Despuys
3602 1559 3770 1606 nous
3809 1559 4014 1606 avons
4056 1560 4247 1606 10008
4285 1537 4518 1605 lettres
4556 1539 4637 1605 du

2708 1624 2950 1692 0088011
3005 1623 3088 1691 de
3143 1623 3374 1709 leglise
3424 1646 3548 1709 par
3602 1624 3945 1709 lesquelles
3998 1625 4091 1710 jlz
4135 1645 4304 1691 nous
4363 1624 4637 1707 suplient

2708 1711 2841 1776 fort
2889 1712 3325 1795 jnstamment
3368 1710 3448 1777 de
3489 1731 3655 1778 vous
3695 1711 4041 1796 prolonger
4082 1731 4277 1777 08001
4318 1710 4572 1796 leepaoe
4586 1709 4638 1795 2)

2710 1796 2791 1862 de
2833 1804 3016 1882 troys
3055 1817 3248 1881 moys
3299 1795 3511 1880 lequel
3554 1817 3720 1862 nous
3774 1795 4018 1863 semble
4073 1796 4226 1862 bien
4276 1796 4440 1880 long
4490 1817 4639 1880 pour

2706 1881 2771 1948 le
2815 1881 2991 1948 desir
3045 1902 3172 1966 que
3225 1903 3392 1948 nous
3451 1901 3657 1949 avons
3700 1882 3783 1948 de
3825 1891 4044 1949 vostre
4099 1890 4321 1949 retour
4371 1903 4486 1948 081
4537 1881 4638 1947 188

2709 1988 2857 2033 8018
2889 1974 3143 2035 tantost
3174 1969 3400 2051 expire
3432 1989 3558 2051 que
3592 1988 3759 2034 vous
3792 1968 4100 2051 partistes
4132 1967 4300 2053 dioy.
4348 1968 4638 2034 ’11081108-

2707 2053 2832 2119 fois
2873 2075 3113 2138 pouree
3169 2075 3294 2137 que
3345 2073 3513 2119 nous
3572 2053 3865 2119 desirons
3908 2053 3989 2119 de
4039 2053 4137 2120 les
4178 2053 4382 2138 ayder
4426 2058 4640 2119 entant

2708 2160 2905 2292 3333.
2938 2159 3307 2291 2⁰⁰5.ssss
3327 2158 4038 2293 fflzffizffssoeffl
4087 2138 4641 2308 3353&ss

2708 2331 2794 2376 ne
2838 2309 3223 2376 delaisseres
3278 2312 3461 2394 point
3513 2320 3737 2378 vostre
3790 2309 3994 2396 eglise
4045 2310 4387 2376 tellement
4443 2308 4640 2393 quelle

2709 2404 2857 2480 soyt
2892 2395 3145 2461 desolee
3187 2403 3255 2460 et
3296 2397 3473 2461 aussi
3506 2418 3760 2463 eomme
3801 2402 4023 2463 estant
4054 2418 4171 2462 sur
4209 2395 4275 2460 10
4316 2394 4453 2461 1108
4491 2415 4640 2462 vous

2708 2502 2954 2565 pouves
3008 2482 3230 2547 mieux
3283 2482 3429 2547 voir
3483 2503 3556 2549 00
3598 2484 3712 2566 qui
3768 2492 3871 2549 est
3919 2480 4281 2548 neeessaire
4336 2488 4408 2546 et
4458 2501 4537 2547 ex

2711 2567 2909 2633 dient.
2979 2567 3166 2632 Vous
3220 2566 3550 2634 adviseres
3607 2567 3773 2633 dono
3837 2567 3918 2633 de
3980 2574 4323 2634 retourner
4385 2566 4451 2633 le
4506 2588 4548 2650 p
4573 2587 4640 2632 us

2708 2660 2841 2718 tost
2882 2674 3009 2736 que
3051 2673 3216 2720 vous
3271 2673 3418 2719 sera
3469 2653 3753 2737 possible
3808 2653 4173 2720 touttesfois
4226 2673 4386 2719 aveo
4438 2652 4639 2719 bonne

2708 2737 3083 2823 oportunite
3139 2746 3207 2804 et
3250 2758 3377 2822 que
3433 2760 3596 2806 vous
3653 2739 3881 2805 laisses
3933 2738 4164 2824 leglise
4218 2759 4304 2804 en
4360 2744 4530 2804 estat
4568 2736 4639 2802 de

2709 2844 2783 2890 se
2824 2825 3099 2907 pouvoir
3140 2826 3521 2891 entretem'r.
3620 2824 3716 2892 Ge
3758 2845 3886 2908 que
3926 2845 4094 2892 nous
4147 2844 4353 2891 avons
4409 2843 4638 2908 proven

2710 2931 2752 2976 a
2793 2916 3014 2977 vostre
3068 2910 3311 2976 famille
3354 2931 3426 2976 00
3469 2932 3511 2976 8
3551 2917 3688 2977 este
3732 2910 3813 2976 de
3854 2911 3985 2976 bon
4037 2930 4239 2977 oueur
4296 2916 4446 2975 tant
4486 2929 4639 2994 pour

2708 2995 2969 3061 lamour
3011 3016 3136 3080 que
3190 3016 3359 3062 nous
3414 3016 3577 3064 vous
3640 3003 3913 3082 portons
3967 3002 4035 3062 et
4097 2995 4162 3061 le
4219 2995 4473 3062 service
4524 3013 4637 3077 que

2710 3102 2877 3181 vous
2931 3100 3088 3148 aves
3151 3081 3273 3147 fait
3328 3081 3420 3184 de·
3469 3082 3629 3168 long
3689 3089 3905 3166 temps
3964 3103 4004 3147 a
4045 3081 4220 3147 Dieu
4275 3087 4343 3146 et
4384 3101 4426 3145 a
4479 3086 4639 3146 00810

2711 3165 3426 3337 ammae
3466 3188 3636 3320 333².
3675 3167 4069 3320 88818
4091 3165 4637 3351 ,11183818

2708 3358 2794 3404 08
2832 3337 2983 3421 plus
3025 3338 3236 3424 grand
3279 3338 3490 3406 ohose.
3579 3337 3887 3424 Surquoy
3927 3360 4098 3404 8088
4136 3339 4434 3423 prierons
4476 3338 4635 3403 Dwu

2708 3444 2875 3491 vous
2894 3423 3250 3576 mdinoebfir
3269 3426 3601 3492 tousiours
3621 3446 3704 3491 en
3730 3447 3806 3492 sa
3825 3426 4070 3492 sainote
4091 3424 4311 3510 garde.
4378 3423 4636 3490 Geneve

2708 3528 2784 3575 00
2825 3509 2922 3575 xi·
3009 3531 3047 3576 0
3091 3515 3129 3575 7
3176 3531 3248 3576 10
3302 3513 3482 3577 1562.

3590 4261 3787 4333 3851.

3120 4433 3778 4505 BULLINGERUS
3823 4431 4260 4501 OALVINO.

2886 4622 2990 4689 De
3039 4621 3286 4709 yallieis
3339 4623 3524 4689 rebus
3577 4624 3796 4689 certior
3847 4621 3991 4704 fieri
4044 4623 4233 4706 cupit,
4288 4621 4449 4688 unde
4501 4618 4634 4685 tris-

2716 4709 3316 4880 mmmm
3390 4710 3786 4776 nunciantur.
3889 4706 4285 4776 Commendat
4350 4705 4633 4773 Polomm

2715 4981 3132 5053 (Autographon
3153 4949 3399 5052 sequitur
3415 4983 3830 5052 praecedentem
3850 4981 4145 5051 Bullingeri
4174 4982 4231 5035 in
4251 4981 4432 5035 eodem
4449 4976 4629 5032 Codice

3041 5050 3336 5117 Turieensi,
3367 5052 3499 5106 item
3535 5058 3717 5106 exstet
3748 5068 3833 5121 ap.
3870 5051 4156 5105 Simlerum
4192 5051 4227 5104 1.
4263 5051 4327 5117 1.)

2928 5324 2989 5394 8)
3020 5331 3144 5381 mot.
3181 5325 3434 5382 doum.
