4850 6117
635 384 760 447 631

633 579 1001 636 extremum
1046 565 1407 634 remedium
1463 565 1548 633 ad
1603 586 1750 633 eam
1791 563 2249 664 confugissem,
2308 563 2367 630 si
2409 563 2584 630 nihil

637 654 812 740 apud
871 652 1021 720 illos
1085 673 1298 738 neque
1352 673 1504 720 mea
1565 673 1779 737 neque
1836 650 2210 718 consistorii
2267 648 2585 717 autoritas

640 740 973 808 valuisset.
1041 737 1266 821 Quum
1301 747 1520 806 autem
1555 760 1697 805 rem
1732 737 1833 803 illi
1871 757 2006 803 non
2049 738 2073 802 i
2165 742 2339 803 ctam
2385 735 2585 803 fuisse

640 826 1103 912 comperissem
1116 876 1134 905 ,
1189 823 1352 909 quid
1408 824 1675 910 peccavi
1729 823 2050 891 exhortan
2095 843 2134 889 o
2190 830 2269 887 ut
2324 830 2587 889 curaret

639 932 766 997 quo
821 910 1127 996 pudicam
1185 910 1459 977 haberet
1510 910 1826 976 familiam
1842 908 1875 973 7
1966 906 2100 975 Sed
2154 915 2421 993 ponant,
2479 929 2586 975 me

637 998 925 1083 primum
978 996 1060 1064 de
1112 996 1380 1082 negotio
1434 997 1563 1064 isto
1619 994 1793 1080 apud
1833 995 2190 1063 Dominam
2232 995 2438 1061 verba
2492 996 2583 1061 fe·

638 1084 822 1164 cisse,
859 1104 947 1150 an
980 1082 1125 1149 ideo
1159 1084 1484 1168 flagitium
1506 1102 1546 1147 a
1570 1103 1675 1148 me
1697 1081 2119 1147 commissum
2154 1079 2300 1147 est?
2345 1080 2586 1147 Nonne

635 1170 705 1236 id
746 1176 1088 1258 pastorum
1129 1169 1407 1236 interest
1438 1174 1661 1252 patres
1696 1176 2063 1250 matresque
2107 1165 2385 1232 familias
2428 1166 2586 1233 sub-

637 1276 906 1321 monere
956 1255 1015 1322 si
1057 1253 1216 1338 quid
1272 1255 1341 1323 in
1387 1274 1614 1320 eorum
1669 1251 1934 1319 familiis
1989 1251 2250 1318 devium
2297 1272 2441 1319 esse
2485 1251 2584 1321 vi-

639 1340 914 1408 deatur?
985 1341 1157 1407 Nam
1194 1339 1367 1424 quod
1408 1342 1533 1406 isto
1576 1337 1771 1404 modo
1814 1339 2027 1405 famae
2071 1358 2229 1404 suae
2272 1339 2586 1406 iniuriam

637 1428 876 1495 factam
920 1425 1279 1505 clamitant,
1334 1425 1571 1492 falsum
1630 1433 1743 1490 est.
1830 1424 2096 1491 Nemini
2150 1424 2323 1490 enim
2382 1445 2460 1490 ca
2502 1424 2583 1491 de

636 1534 710 1580 re
751 1519 980 1597 postea
1023 1513 1299 1579 verbum
1342 1510 1634 1578 Domina
1673 1510 1842 1578 fecit.
1929 1509 2089 1596 Ipsi,
2136 1511 2291 1575 dum
2335 1512 2581 1596 passim

634 1599 1052 1683 quiritantur,
1097 1597 1646 1664 existimationem
1700 1616 1888 1663 suam
1945 1597 2016 1662 in
2070 1595 2344 1663 dubium
2388 1616 2581 1663 voca-

635 1692 898 1750 verunt.
988 1683 1388 1767 Quanquam
1443 1681 1598 1767 quid
1653 1682 1735 1748 de
1793 1702 1898 1748 me
1937 1689 2321 1766 queruntur,
2379 1702 2581 1766 quum

636 1791 868 1836 rumor
908 1767 990 1835 de
1032 1769 1361 1835 amoribus
1414 1789 1640 1835 eorum
1681 1768 2156 1853 percrebuisset
2199 1776 2263 1834 et
2351 1790 2423 1833 er
2466 1789 2583 1835 ora

636 1855 993 1922 multorum
1034 1862 1406 1940 vagaretur,
1461 1854 1656 1938 longe
1708 1862 2051 1938 antequam
2099 1874 2245 1920 cum
2360 1855 2583 1921 omina

633 1940 954 2028 syllabam
997 1939 1467 2026 protulissem?
1554 1939 1690 2006 Res
1740 1940 1962 2026 igitur,
2006 1941 2104 2005 uti
2148 1947 2399 2024 putant,
2446 1961 2579 2006 non

634 2034 779 2093 erat
810 2028 1109 2112 privatae
1144 2025 1607 2094 admonitionis
1644 2032 1749 2102 (ut
1780 2045 2124 2111 perperam
2159 2047 2243 2092 ex
2266 2025 2581 2092 Matthaei

633 2112 774 2181 loco
817 2113 1168 2198 colligunt:
1216 2112 1293 2179 Si
1337 2112 1704 2197 peccaverit
1744 2112 1815 2178 in
1858 2118 1927 2177 te
1968 2113 2169 2177 frater
2211 2120 2364 2178 tuus
2408 2111 2581 2199 etc.),

633 2198 751 2266 sed
792 2198 876 2264 ad
918 2199 1373 2266 consistorium
1415 2197 1695 2264 vocandi
1738 2197 2035 2277 fuissent,
2079 2197 2210 2264 nisi
2253 2199 2579 2265 tumultus

631 2285 757 2352 iste
799 2284 1157 2352 obstitisset
1198 2291 1267 2350 et
1314 2285 1637 2364 Pontinus,
1680 2283 1796 2367 qui
1835 2282 2277 2366 impudicitiae
2319 2284 2579 2351 incusa-

633 2372 828 2438 batur
884 2392 954 2437 se
1007 2369 1093 2436 ad
1150 2371 1606 2437 consistorium
1649 2378 1996 2437 venturum
2102 2377 2358 2437 roterve
2414 2369 2578 2435 mihi

634 2479 682 2522 n
807 2456 1025 2523 visset.
1115 2456 1307 2523 Nunc
1370 2475 1454 2520 ex
1517 2455 1653 2534 his,
1717 2390 2304 2522 observandissime
2369 2464 2576 2539 pater,

633 2542 702 2607 iu
755 2542 851 2607 'ca
892 2563 979 2607 an
1020 2541 1235 2609 officio
1288 2541 1553 2608 functus
1595 2562 1715 2607 nec
1754 2561 1837 2606 ne
1893 2542 2148 2607 fuerim.
2239 2541 2577 2626 Quidquid

635 2629 944 2695 statueris
1001 2628 1165 2693 mihi
1221 2629 1348 2694 erit
1399 2628 1614 2693 instar
1666 2627 1929 2693 oraculi.
2018 2625 2363 2693 Caeterum
2409 2649 2579 2713 quae

634 2714 887 2792 efferre,
944 2734 1113 2798 quae
1155 2714 1354 2780 tacita
1395 2733 1480 2779 ex
1524 2713 1627 2778 his
1670 2711 1878 2779 literis
1919 2711 2163 2779 habere
2209 2711 2465 2794 debeas,
2510 2720 2578 2780 te

632 2798 959 2884 singulari
1059 2798 1367 2865 rudentia
1419 2799 1639 2864 virum
1692 2817 2174 2882 supervacuum
2232 2808 2407 2866 esset
2463 2799 2579 2865 ad-

630 2905 916 2951 monere.
1055 2886 1176 2964 ale,
1219 2882 1805 2952 observandissime
1847 2890 2051 2968 pater.
2139 2883 2468 2953 Dominus
2512 2895 2579 2951 te

630 2992 813 3123 ΞΜ
763 2971 1471 3140 ὲθῗὲῗίθὲἶῗᾷζῖἳθ
1489 2970 2580 3125 θῖἱιᾚοὲᾝώῖῗὲἒῒὲὲῗᾚίἓῖξ

627 3142 842 3209 iubeo.
912 3143 1022 3208 Ex
1064 3142 1298 3209 Monte
1344 3142 1501 3227 Argi
1543 3141 1756 3226 pridie
1798 3142 2023 3208 Nonas
2066 3142 2363 3211 Ianuarii
2412 3147 2576 3210 1563

628 3234 787 3295 ante
827 3228 1087 3311 pascha.
1114 3232 1165 3309 ²)

1251 3366 1378 3433 Tui
1420 3364 2060 3433 observandissimus
2081 3369 2116 3406 ¹*
2156 3365 2337 3434 filius
2379 3375 2451 3433 et
2493 3364 2578 3434 ad

1328 3473 1523 3519 omne
1556 3452 1754 3521 officii
1787 3472 1998 3538 genus
2031 3452 2491 3536 paratissimus

1483 3538 1879 3607 Franciscus
1912 3537 2335 3606 Morellanus.

1400 3832 1803 3842 ————-—-——-—

1502 4051 1703 4124 3896.

1040 4203 1684 4273 MORELLANUS
1726 4205 2164 4274 GALVINO.

804 4378 997 4446 Redit
1037 4377 1130 4444 ad
1167 4394 1354 4442 suam
1393 4394 1534 4441 oum
1568 4376 1852 4443 Ducissa
1886 4376 2292 4445 Ferrariensi
2335 4396 2574 4445 concer-
2633 4365 2639 4378 ’

628 4465 919 4532 tationem
960 4463 1035 4529 de
1078 4481 1353 4529 sermone
1394 4465 1602 4528 contra
1645 4463 1882 4530 aulicos
1924 4462 2146 4530 habito.

628 4685 863 4742 8805st
923 4682 1290 4740 Additxante
1555 4685 2151 4755 quiamtenporis
2187 4685 2577 4744 Gallianum

628 4756 683 4811 d.
721 4753 808 4808 25.
913 4753 1052 4810 artii
1084 4754 1254 4823 aurp·
1518 4792 1533 4809 .
1569 4782 1634 4793 -
1671 4751 1768 4808 Ex
1801 4753 1950 4809 Hist.
1996 4754 2115 4811 eccl.
2154 4755 2225 4809 11.
2262 4753 2367 4810 466
2401 4756 2578 4814 discos

633 4824 879 4881 Montes·
910 4822 1058 4892 Arci
1083 4832 1208 4892 post
1238 4822 1502 4891 proelium
1537 4821 1614 4877 ad
1639 4820 1840 4878 Dreux
1869 4824 2077 4890 sactum
2109 4839 2309 4895 namo
2342 4826 2405 4880 in
2548 4828 2560 4840 ·

629 4894 750 4950 culo
785 4897 1058 4947 versatum
1088 4892 1277 4958 fuisse,
1312 4906 1419 4961 quo
1451 4895 1687 4959 tenpore
1711 4890 1944 4947 Guisius
1969 4893 2251 4949 Aureliam
2283 4893 2350 4950 ob
2394 4895 2405 4908 '
2567 4936 2579 4949 .

639 4961 819 5032 Quum
852 4960 921 5016 de
963 4960 1065 5016 hoc
1109 4960 1426 5015 discrimine
1462 4959 1809 5016 Mor-elluinus
1851 4962 1994 5018 nihii
2024 4962 2187 5030 dieat,
2219 4964 2305 5019 vel
2334 4964 2580 5020 nondum

628 5032 896 5088 institisse
928 5028 1084 5085 dicas
1115 5033 1322 5097 oportet
1354 5030 1440 5085 vel
1470 5028 1650 5097 ipsum
1682 5030 1803 5085 suis
1835 5033 2067 5102 motii-s
2099 5032 2237 5088 adeo
2270 5032 2578 5090 districtum

627 5102 803 5169 fuisse
847 5103 910 5155 ut
967 5097 1178 5167 reliqua
1222 5099 1405 5178 aginus
1446 5102 1678 5177 curaret.
1734 5098 1849 5166 (Gt.
1865 5101 2238 5226 W.)
2294 5101 2576 5158 Gaetoeun

802 5169 891 5224 hie
935 5167 1112 5236 kausis
1155 5172 1353 5235 opime
1386 5165 1686 5248 depvnqm
1719 5173 1829 5222 tam
1915 5177 1921 5182 ’
1959 5174 2167 5228 icon-um
2201 5184 2377 5226 mores
2408 5187 2575 5241 quan·

1539 5304 1549 5315 ⁸
1636 5239 2015 5296 morositatem.
2071 5240 2332 5311 Haaqius
2364 5241 2432 5296 de
2451 5241 2574 5296 Mo-

1436 5318 1735 5361 osmoense
1767 5308 1908 5365 niba
1938 5309 2176 5378 amplius
2208 5311 2383 5378 affert.

628 5241 1005 5295 ministrorum
1034 5235 1396 5291 calvinianae

622 5308 837 5364 reliano
866 5312 994 5377 post
1024 5305 1346 5376 colloquium

2145 372 2672 444 EPISTOLAE
2729 377 3152 442 3895—3898

4487 383 4595 450 682

2996 564 3107 630 (Ex
3142 563 3484 635 autographo
3519 564 3653 625 Cod.
3689 565 3892 621 Genev.
3930 565 4046 636 112,
4079 567 4169 623 fol.
4208 565 4323 636 57.)

2856 736 2919 802 A
2951 736 3293 803 Monsieur
3333 743 3400 803 et
3442 739 3871 805 treshonnore
3906 759 4062 822 pere
4096 738 4436 807 Monsieur
4465 739 4600 809 081-

2685 820 2800 890 vin
2841 821 3035 890 fidele
3079 823 3379 890 ministre
3423 821 3505 889 de
3547 823 3818 910 l'Eglise
3861 822 3943 891 de
3988 824 4450 978 Ganggimve.

2857 1077 2928 1146 S.
2994 1079 3142 1147 Nisi
3193 1079 3422 1148 literae
3464 1102 3627 1165 quas
3672 1082 3878 1166 pridie
3920 1103 4131 1149 nonas
4172 1082 4471 1149 Ianuarii
4509 1083 4606 1152 de-

2685 1163 2902 1231 dimus
2946 1163 3030 1231 ad
3082 1172 3149 1232 te
3190 1174 3651 1250 pervenerunt,
3712 1188 3900 1252 spero
3945 1167 4125 1236 brevi
4168 1176 4607 1253 perventuras.

2682 1250 2769 1316 In
2824 1250 2930 1317 bis
2984 1273 3212 1318 veram
3265 1252 3443 1339 leges
3505 1253 3848 1320 historiam
3904 1254 4411 1322 concertationis
4464 1277 4613 1339 quae

2681 1335 2846 1401 mihi
2888 1357 3039 1404 cum
3083 1337 3311 1405 aulicis
3334 1338 3727 1422 quibusdam
3762 1342 4001 1407 nostris
4044 1341 4418 1407 intercessit
4436 1363 4610 1426 prop·

2682 1428 2788 1488 ter
2831 1421 3144 1508 quosdam
3186 1445 3485 1492 rumores
3529 1427 3638 1509 qui
3684 1425 3766 1492 de
3830 1427 4159 1494 amoribus
4225 1447 4454 1494 eorum
4496 1427 4611 1495 dis-

2684 1509 2986 1576 seminati
3050 1510 3332 1577 fuerant.
3440 1511 3535 1577 Et
3598 1512 3905 1596 quoniam
3982 1512 4213 1580 iisdem
4285 1511 4367 1578 de
4434 1514 4612 1582 rebus

2681 1593 3190 1662 illustrissimam
3233 1596 3610 1680 Principem
3655 1596 3740 1665 ad
3793 1611 3858 1663 te
3901 1608 4058 1682 puto
4113 1598 4420 1677 scribere,
4474 1609 4611 1682 peto

2682 1699 2723 1744 a
2764 1690 2830 1745 te
2871 1689 2952 1747 ut
2994 1700 3145 1747 cum
3188 1682 3328 1750 eius
3368 1682 3579 1750 literis
3620 1704 3801 1751 meas
3845 1685 4238 1770 coniungas:
4298 1691 4377 1749 ut
4419 1704 4499 1751 an
4538 1686 4609 1753 ab

2682 1762 2896 1832 officio
2918 1767 3199 1851 pastoris
3242 1768 3413 1834 sicut
3452 1767 3551 1835 illi
3594 1768 3935 1836 clamitant
3966 1789 4173 1837 necne
4196 1770 4608 1850 discesserim,

2683 1850 3037 1919 diiudicare
3187 1854 3329 1921 ssis.
3373 1859 3379 1866 '
3425 1854 3638 1921 Tuam
3705 1856 3931 1923 ecclesi
4055 1877 4140 1922 ue
4207 1857 4611 1923 autoritatem

2680 1959 2816 2004 nun
2864 1959 3017 2004 uam
3122 1940 3426 2025 efugiam.
3515 1941 3680 2007 Plus
3731 1941 3802 2008 in
3857 1876 4316 2009 mgelevitatis
4362 1942 4611 2026 quidam

2682 2022 2820 2090 desi
2866 2032 3073 2091 erant.
3156 2023 3294 2091 Sed
3350 2026 3681 2095 Dominus
3747 2028 3932 2094 testis
3997 2037 4125 2108 est,
4190 2049 4303 2093 me
4361 2028 4434 2093 in
4484 2048 4609 2095 eam

2679 2116 2937 2193 partem
2981 2130 3284 2194 peccasse
3328 2112 3561 2198 magis,
3615 2133 3811 2197 quam
3868 2113 4216 2181 immodica
4260 2116 4610 2192 severitate,

2680 2216 2809 2278 qua
2851 2195 2932 2261 de
2987 2218 3059 2263 re
3114 2197 3391 2282 supplex
3434 2197 3697 2265 veniam
3750 2198 3833 2266 ab
3876 2220 3952 2266 eo
4006 2207 4174 2284 peto.
4268 2199 4333 2267 O
4377 2201 4613 2267 concio·

2680 2289 2987 2348 natorum
3011 2282 3371 2350 aulicorum
3392 2284 3827 2352 miserrimam
3872 2286 4352 2352 conditionem:
4397 2286 4610 2370 quibus

2680 2367 2847 2433 nihil
2889 2369 3035 2434 fieri
3090 2376 3303 2453 potest
3359 2368 3647 2437 odiosius
3705 2372 4029 2440 ferocibus
4091 2372 4400 2457 ingeniis,
4462 2391 4613 2457 quae

2682 2454 3042 2535 ambitioni,
3096 2475 3263 2538 quae
3297 2455 3629 2538 avaritiae,
3674 2478 3842 2542 quae
3885 2456 4090 2537 luxui,
4150 2478 4321 2541 quae
4364 2456 4605 2524 libidini

2681 2560 2823 2606 sese
2886 2542 3147 2624 penitus
3209 2541 3688 2626 manciparunt
3778 2543 3967 2624 Vale,
4034 2542 4612 2610 observandissime

2680 2632 2896 2708 pater,
2961 2627 3047 2692 D.
3093 2625 3334 2711 Besam
3397 2628 3809 2715 reliquosque
3874 2629 4327 2697 ornatissimos
4391 2629 4609 2697 fratres

2682 2710 2882 2778 etiam
2926 2719 3121 2797 atque
3164 2714 3363 2780 etiam
3405 2713 3660 2782 salvere
3701 2717 3909 2783 iubeo.

2851 2798 2961 2864 Ex
3023 2799 3252 2865 Monte
3308 2800 3478 2885 Argi
3534 2805 3594 2866 4.
3649 2801 3812 2869 Idus
3875 2801 4169 2867 Ianuarii
4244 2804 4410 2867 1563
4473 2806 4610 2867 ante

2682 2883 2942 2967 paseha.
2971 2886 3024 2962 ¹)

3400 3022 3525 3089 'I'ui
3567 3021 4201 3094 observandissimus

2909 3113 3104 3192 atque
3140 3107 3223 3174 ad
3257 3128 3452 3175 omne
3487 3107 3685 3176 officii
3721 3130 3931 3196 genus
3963 3111 4423 3195 paratissimus
4454 3110 4609 3177 filius

3359 3192 3753 3263 Franciscus
3798 3195 4223 3264 MoreUanus.

3560 3828 3762 3901 88⁹7.

3300 3983 3545 4051 BEZA
3588 3983 4024 4052 GALVINO.

2680 4153 4602 4325 mwwwfflmmwxww

2678 4412 2786 4477 (Ex
2830 4411 3167 4483 autographo
3202 4412 3332 4469 eod.
3380 4412 3579 4469 Genev.
3631 4412 3749 4467 117.
3796 4414 3888 4469 fol.
3934 4412 4020 4482 80,
4073 4415 4195 4498 coll.
4239 4430 4284 4469 c.
4332 4412 4455 4469 ond.
4498 4408 4602 4475 119,

2678 4480 2769 4536 fol.
2810 4478 2938 4549 143;
2986 4480 3119 4539 Ood.
3153 4481 3639 4606 Βθὲιῶᾱξῖἒὶαῌ.
3655 4498 3738 4607 If.
3762 4480 3919 4621 Aug?
3942 4489 4061 4609 ἔδει
4064 4483 4283 4621 )8ιιιι1θι·.
4332 4481 4453 4539 Vol.
4496 4476 4597 4532 106.

2848 4721 3189 4789 Monsieur
3231 4722 3572 4790 Monsieur
3614 4722 4009 4808 Despeville.

3991 4810 4055 4876 A
4098 4808 4445 4877 Villedieu.
4459 4871 4481 4898 ,

2678 5099 2937 5168 8896.1)
2971 5099 3085 5156 Hic
3118 5114 3247 5154 vero
3281 5101 3395 5155 iam
3429 5101 3647 5156 mireris
3679 5115 3799 5155 m
3835 5101 3902 5156 ds
3944 5101 4106 5157 rebus
4143 5099 4379 5170 publicis
4424 5103 4590 5157 tasum

2679 5170 2797 5225 suis
2842 5170 3091 5251 priuatis
3146 5169 3306 5249 apice
3354 5168 3638 5225 intentan-
3730 5169 4022 5225 Hannibal
4052 5175 4198 5251 pute
4476 5168 4589 5220 erat

2677 5238 2851 5362 {msa
2889 5239 3624 5365 Februmonturulslmem
3663 5252 3710 5308 P
3915 5237 3999 5295 ”a
4040 5255 4152 5295 mm
4187 5253 4249 5295 ω
