4850 6117
663 401 785 465 591

662 589 1041 652 nostrorum
1097 601 1450 651 conversus
1515 583 1618 649 est
1679 587 1759 649 ut
1821 580 2207 650 excudatur.
2231 585 2286 660 ⁷)
2382 580 2617 649 Laudo

664 670 924 755 quidem
967 669 1306 736 Brentiaemo
1360 668 1435 733 in
1490 668 1787 755 apologia
1825 689 1991 749 mea,
2043 674 2115 735 et
2153 668 2330 734 illius
2372 669 2620 768 scripta

664 755 1879 909 ffizpfflfffflfffflssffm
1888 754 2619 908 “immitti

665 927 917 994 chismo
946 926 1267 992 iudicium
1300 926 1691 1010 requiratur.
1758 925 1911 993 Scio
1949 933 2168 993 autem
2196 926 2385 992 illum
2409 924 2492 993 de
2513 946 2616 991 as-

663 1034 865 1082 censu
878 1012 1130 1080 Christi
1150 1013 1219 1077 in
1241 1012 1495 1079 coelum
1516 1012 1855 1080 nobiscum
1876 1034 2008 1079 non
2034 1013 2294 1079 sentire.
2319 1013 2427 1078 Ita
2438 1012 2617 1078 enim

662 1100 736 1165 in
800 1120 921 1165 suo
987 1097 1099 1164 illo
1158 1097 1549 1165 catechismo
1613 1100 1743 1163 ait:
1821 1098 1971 1165 Non
2035 1105 2138 1165 est
2202 1097 2619 1165 sentiendum

663 1184 836 1270 quod
879 1183 1186 1251 Christus
1239 1184 1334 1251 sic
1389 1182 1757 1251 ascenderit
1796 1184 1868 1249 in
1911 1183 2167 1251 coelum
2213 1191 2290 1250 ut
2333 1204 2617 1250 commo-

663 1278 850 1337 retur
889 1271 960 1336 in
1001 1270 1125 1337 hoc
1172 1277 1445 1336 externo
1488 1278 1556 1335 et
1613 1269 1853 1336 visibili
1898 1271 2076 1336 coelo
2120 1278 2188 1335 et
2228 1270 2483 1337 habitet
2523 1269 2620 1335 ibi

662 1355 971 1423 localiter.
1058 1356 1240 1422 Dicit
1281 1357 1459 1421 enim
1493 1355 1746 1422 Paulus
1788 1355 1959 1439 Eph.
2006 1363 2079 1422 4:
2140 1356 2458 1423 Ascendit
2505 1377 2615 1422 su-

664 1464 783 1528 per
823 1462 1051 1509 omnes
1092 1441 1303 1509 coelos
1351 1449 1426 1506 ut
1476 1441 1780 1525 impleret
1835 1442 2073 1522 omnia,
2131 1441 2436 1509 videlicet
2475 1448 2614 1508 tam

666 1548 904 1612 supera
958 1547 1155 1611 quam
1211 1527 1437 1592 infera.
1534 1527 1721 1594 Haec
1775 1526 1905 1607 ille,
1965 1548 2132 1611 quae
2189 1527 2615 1611 ubiquitatem

664 1620 988 1682 statuunt.
1023 1614 1133 1678 Ex
1174 1619 1242 1678 te
1283 1631 1462 1678 nunc
1504 1614 1671 1679 scire
1712 1613 1910 1679 velim
1932 1614 2271 1694 rationem,
2317 1614 2374 1679 si
2416 1635 2615 1698 quam

665 1700 858 1779 nosti,
904 1719 1030 1784 qua
1083 1698 1240 1762 hinc
1291 1698 1475 1765 salva
1525 1719 1674 1764 mea
1713 1699 2110 1766 conscientia
2162 1720 2269 1765 me
2311 1700 2616 1767 evolvere

663 1787 941 1937 pessimi)
985 1783 1261 1868 repulsis
1302 1792 1371 1849 et
1409 1785 1695 1851 confusis
1750 1786 1808 1851 si
1851 1806 1984 1870 qua
2023 1786 2165 1851 fieri
2207 1793 2422 1869 potest
2464 1805 2615 1870 cap·

665 1871 898 1938 tationi
942 1891 1038 1936 us.

834 1955 1038 2022 Multi
1094 1955 1201 2022 hic
1261 1963 1418 2022 sunt
1469 1963 1874 2041 symmystae
1932 1957 2062 2023 mei
2104 1957 2216 2041 qui
2257 1957 2434 2024 idem
2477 1977 2615 2024 me-

663 2063 815 2109 cum
857 2062 1127 2126 prorsus
1170 2040 1252 2108 de
1292 2042 1598 2109 omnibus
1639 2042 1969 2109 doctrinae
2012 2043 2306 2111 articulis
2348 2050 2416 2108 et
2456 2044 2617 2109 locis

664 2128 977 2208 sentiunt,
1001 2129 1056 2210 Β)
1101 2128 1214 2211 qui
1273 2134 1493 2193 tamen
1551 2128 1623 2193 in
1666 2128 1871 2195 oculis
1913 2130 2050 2197 suis
2093 2131 2270 2214 passi
2312 2135 2471 2196 sunt
2511 2150 2617 2196 me

663 2216 942 2292 concuti,
999 2213 1251 2296 agitari,
1332 2220 1400 2279 et
1463 2210 1728 2279 tandem
1799 2214 2116 2294 damnari,
2184 2237 2303 2282 nec
2365 2215 2618 2282 interea

664 2300 1011 2384 quisquam
1066 2298 1329 2365 illorum
1383 2299 1491 2366 vel
1544 2300 1785 2367 mutire
1827 2300 1933 2368 vel
1975 2301 2228 2368 hiscere
2272 2302 2454 2368 visus
2498 2309 2612 2367 est.

663 2385 858 2452 Nunc
902 2406 943 2450 a
984 2405 1091 2450 me
1124 2392 1359 2467 petunt
1390 2385 1699 2468 quidnam
1733 2406 1927 2471 agere
1962 2386 2255 2454 debeant.
2319 2387 2615 2453 Remitto

663 2470 812 2536 illos
856 2468 940 2536 ad
982 2491 1166 2536 suam
1209 2471 1695 2552 conscientiam,
1738 2492 1860 2538 nec
1903 2473 1985 2538 de
2027 2494 2104 2539 eo
2147 2473 2320 2557 quod
2361 2494 2469 2539 me
2503 2473 2616 2540 de-

667 2558 996 2622 seruerint
1046 2576 1199 2622 cum
1264 2556 1401 2622 illis
1458 2557 1823 2641 expostulo.
1910 2558 2063 2625 Non
2107 2558 2348 2626 desunt
2388 2566 2616 2625 tamen

664 2644 779 2725 qui
826 2641 973 2709 illos
1025 2641 1334 2726 perfidiae
1392 2644 1796 2710 insimulent.
1883 2644 2077 2711 Unde
2119 2646 2198 2710 fit
2239 2653 2314 2709 ut
2356 2644 2617 2711 eosdem

664 2728 812 2794 illos
870 2747 1025 2794 suae
1082 2727 1640 2812 pusillanimitatis
1683 2728 1949 2796 tandem
1984 2730 2333 2814 aliquando
2375 2730 2617 2815 pudeat

665 2835 741 2881 ac
781 2814 1130 2897 poeniteat.
1217 2812 1294 2880 Si
1352 2814 1696 2881 consilium
1736 2814 1939 2883 habes
1981 2817 2166 2882 cuius
2201 2816 2404 2884 ductu
2445 2815 2614 2900 quod

660 2899 1105 2984 imprudentia
1176 2905 1243 2965 et
1319 2899 1858 2983 pusillanimitate
1942 2912 2295 2986 peccarunt
2365 2903 2609 2969 sarcire

660 2986 939 3070 possint,
982 3006 1139 3070 rogo
1172 2991 1240 3052 te
1281 2995 1358 3051 ut
1388 2984 1554 3052 illud
1594 2988 1781 3054 nobis
1824 2987 1956 3053 des.
2044 2987 2159 3055 Sic
2200 2990 2375 3054 enim
2419 2988 2611 3055 corde

662 3071 1020 3156 compungi
1096 3071 1266 3136 mihi
1326 3070 1638 3138 videntur
1654 3118 1674 3148 ,
1736 3081 1812 3139 ut
1873 3072 2140 3140 illorum
2202 3075 2413 3142 vicem
2477 3096 2610 3141 non

660 3160 911 3240 possim
972 3177 1106 3222 non
1167 3156 1403 3224 dolere.
1502 3157 1656 3224 Non
1721 3159 2019 3244 equidem
2083 3161 2390 3226 existimo
2462 3160 2610 3226 illos

663 3241 782 3308 diu
831 3242 1163 3321 tacituros,
1219 3240 1335 3307 sed
1396 3263 1704 3328 cuperem
1747 3246 1914 3311 nihil
1971 3244 2053 3312 ab
2106 3246 2240 3312 illis
2297 3247 2612 3313 attentari

662 3325 836 3412 quod
889 3326 1187 3412 provisae
1253 3335 1321 3394 et
1382 3337 1756 3414 prospectae
1820 3330 2126 3399 ecclesiae
2180 3331 2611 3400 aedificationi

663 3435 799 3480 non
843 3413 1105 3480 serviat.

837 3497 1173 3582 Quotquot
1233 3498 1341 3566 hic
1397 3506 1556 3566 sunt
1611 3500 1791 3568 Galli
1854 3502 2165 3569 iniuriam
2228 3503 2612 3571 confessioni

661 3583 1140 3668 gallicanarum
1203 3584 1620 3652 ecclesiarum
1677 3593 1747 3653 et
1801 3608 1962 3655 suae
2013 3589 2307 3655 omnium
2359 3588 2612 3655 illatam

663 3670 1049 3755 gravissime
1092 3670 1329 3737 ferunt.
1418 3671 1722 3756 Plerique
1762 3672 1908 3739 ideo
1950 3674 2214 3741 illorum
2274 3696 2314 3741 a
2356 3675 2611 3742 concio-

662 3755 860 3822 nibus
915 3756 1267 3835 abstinent,
1327 3756 1581 3823 etiamsi
1641 3778 1718 3823 ea
1756 3758 1904 3845 lege
1944 3760 2018 3824 in
2059 3760 2289 3826 urbem
2333 3761 2469 3826 sint
2508 3782 2612 3828 re-

664 3843 840 3926 cepti
895 3851 973 3907 ut
1026 3843 1367 3908 conciones
1418 3843 1834 3927 frequentare
1893 3843 2190 3913 debeant.
2299 3847 2432 3913 Hic
2487 3867 2610 3932 ego

663 3926 879 3992 turbis
932 3937 999 3992 et
1052 3927 1377 3994 scandalis
1434 3949 1773 3997 occurrere
1827 3931 2100 3998 studens
2142 3932 2266 4000 hoc
2305 3932 2440 3999 illis
2482 3933 2612 3999 dis-

664 4013 939 4079 suadere
995 4011 1233 4096 quibus
1278 4015 1460 4098 potui
1516 4015 1726 4081 modis
1768 4037 1914 4082 sum
1955 4023 2244 4096 conatus,
2289 4038 2608 4102 saepeque

664 4098 865 4166 citavi
902 4097 1147 4165 locum:
1220 4096 1408 4180 Quae
1451 4099 1680 4167 dicunt
1719 4101 1930 4182 facite,
1977 4102 2348 4187 adduxique
2387 4125 2610 4170 exem-

663 4182 847 4267 plum
887 4184 1004 4262 tui,
1049 4185 1159 4266 qui
1202 4185 1403 4251 semel
1438 4185 1715 4253 Genava
1754 4188 2178 4255 iniustissime
2211 4189 2438 4274 pulsus
2475 4189 2610 4256 Ge·

663 4289 986 4335 nevenses
1057 4268 1268 4337 literis
1346 4290 1540 4355 saepe
1601 4271 1814 4339 literis
1887 4274 2254 4341 hortabaris
2317 4285 2393 4341 ut
2455 4295 2609 4343 suos

663 4355 1148 4421 concionatores
1210 4355 1515 4422 audirent
1534 4407 1550 4436 ,
1617 4378 1990 4442 quanquam
2067 4367 2333 4426 ventres
2390 4369 2612 4428 essent

666 4440 780 4522 qui
820 4440 1020 4507 messi
1062 4440 1314 4508 alienae
1364 4441 1597 4508 falcem
1640 4443 2094 4512 admovebant.
2183 4444 2318 4511 Sed
2360 4446 2610 4514 frustra

664 4522 974 4592 laboravi.
1041 4526 1284 4594 Fateor
1326 4528 1628 4613 equidem
1668 4551 1811 4596 rem
1852 4530 2121 4598 eandem
2167 4552 2435 4615 prorsus
2476 4553 2609 4598 non

870 4830 929 4898 ¹1)
978 4831 1346 4888 Catachismus
1435 4835 1489 4889 ia
1539 4840 1598 4891 et
1641 4837 1764 4891 utili
1798 4838 2154 4908 explicatione
2187 4839 2493 4897 illustratus
2529 4843 2603 4897 Io.

665 4900 892 4983 Brentio
933 4904 1137 4955 autore.
1205 4904 1347 4957 Frcf.
1393 4853 1544 4959 {³552
1582 4904 1635 4959 4.
1704 4906 1794 4962 De
1825 4908 1929 4962 hac
1970 4910 2216 4963 versione
2249 4912 2469 4980 eiusque
2500 4926 2607 4966 usu

663 4972 726 5025 in
760 4970 968 5025 amone
1003 4968 1496 5041 Mombelqardenci
1525 4974 1685 5031 nobis
1715 4976 1942 5031 aliunde
1972 4992 2085 5033 non
2119 4984 2346 5033 contat.

867 5036 929 5106 8)
962 5036 1194 5093 Praeter
1225 5047 1461 5109 quatuor
1492 5043 1619 5098 illoc
1651 5045 1750 5113 qui
1782 5044 1910 5100 olins
1943 5045 2163 5100 dimissi
2188 5046 2417 5112 mant
2451 5051 2502 5103 et
2536 5047 2604 5103 de

661 5107 858 5176 quibus
901 5111 1058 5162 toties
1101 5122 1165 5161 in
1270 5125 1327 5177 p.
1369 5108 1582 5165 Farelli
1630 5113 1995 5181 querimonias
2047 5114 2492 5171 anti-Tessenios
2532 5117 2603 5173 lo-

658 5177 792 5244 qisti
822 5175 1178 5231 nominantur
1207 5123 1294 5231 ἶ).
1327 5176 1624 5235 ΤΙιοΖαοεοη
1657 5181 2050 5251 Ιηιρᾱιιηεηείε
2080 5199 2131 5240 υ.
2167 5182 2222 5238 d.
2257 5201 2325 5239 m.
2361 5186 2424 5240 in
2467 5184 2607 5240 Bla-

657 5249 824 5381 ἲὸοηι,
860 5251 912 5368 alt
944 5243 1202 5380 tingens
1236 5244 1428 5302 moret
1457 5248 1556 5316 qm·
1583 5255 1774 5317 postea
1799 5251 2117 5308 Oaldnistis
2148 5252 2602 5312 adscribebantur

2176 391 2703 462 EPISTOLAE
2747 395 3169 461 asel-3882

4534 403 4642 466 592

2717 602 2879 650 esse.
2937 581 3101 650 Istic
3133 582 3313 650 enim
3355 582 3438 650 de
3480 580 3839 668 disciplina,
3884 590 3962 651 ut
4002 584 4252 670 opinor,
4295 584 4405 652 hic
4443 592 4647 655 autem

2718 667 2799 734 de
2842 667 3140 736 doctrina
3179 670 3416 753 agitur.
3496 667 3634 735 Sed
3679 676 3898 736 tamen
3939 670 4034 737 ita
4065 671 4287 756 agitur
4326 677 4402 736 ut
4442 669 4650 739 adver·

2715 754 2873 821 sarii
2914 753 3170 839 publice
3211 754 3384 820 nihil
3426 753 3648 822 dicant
3688 754 3858 839 quod
3904 757 4104 823 verbo
4146 755 4277 823 Dei
4326 777 4486 842 repu
4568 765 4648 825 et.

2715 838 2863 906 Nisi
2898 839 3073 923 quod
3113 840 3364 907 consilii
3403 841 3533 907 Dei
3567 848 3821 924 partem
3864 842 4192 909 subticent
4232 848 4303 908 et
4343 842 4649 910 subticen-

2717 923 2872 992 dam
2922 925 3219 993 iudicant
3275 947 3480 1012 quum
3524 924 3606 993 de
3648 927 4042 1012 reprobandi
4083 928 4353 996 consilio
4395 950 4478 995 ne
4515 951 4648 996 ver-

2719 1011 2877 1077 bum
2918 1009 3182 1096 quidem
3225 1034 3266 1078 a
3297 1033 3624 1097 quoquam
3657 1014 3801 1079 fieri
3835 1013 3975 1098 pati
4006 1020 4300 1098 possunt.
4366 1014 4472 1080 Ad
4504 1015 4649 1083 haec

2715 1095 2873 1164 licet
2925 1098 3359 1165 ministerium
3419 1119 3640 1165 meum
3697 1099 3995 1182 pendeat,
4055 1100 4209 1185 quia
4250 1120 4409 1167 cum
4460 1101 4647 1168 eccle-

2719 1183 2836 1248 siis
2869 1182 3213 1268 gallicanis
3266 1183 3347 1248 de
3400 1182 3995 1268 praedestinatione
4052 1185 4296 1252 sentire
4341 1206 4446 1251 me
4487 1186 4651 1254 dixe·

2717 1269 2863 1348 rim,
2905 1291 3040 1335 non
3094 1277 3317 1336 tamen
3364 1270 3523 1336 inde
3564 1270 4002 1355 colligendum
4035 1279 4165 1352 est,
4197 1271 4648 1357 gallicanarum

2717 1355 3137 1422 ecclesiarum
3215 1356 3687 1423 confessionem
3764 1357 3875 1422 hic
3937 1355 4443 1424 condemnatam
4506 1379 4645 1438 esse,

2717 1461 2919 1524 quum
2960 1441 3033 1507 in
3074 1441 3279 1521 illam,
3321 1443 3454 1508 imo
3497 1463 3705 1527 neque
3746 1442 3817 1508 in
3859 1463 3984 1524 me,
4018 1443 4158 1509 ulla
4197 1443 4420 1510 adhuc
4460 1443 4647 1512 finalis

2717 1527 3042 1593 sententia
3083 1528 3171 1594 sit
3211 1527 3360 1594 lata.
3447 1529 3699 1612 Itaque,
3744 1537 3820 1594 ut
3862 1528 3947 1595 ad
3989 1529 4218 1596 Gallos
4264 1538 4523 1595 nostros
4560 1552 4646 1595 re-

2718 1620 2959 1692 vertar,
3004 1612 3248 1698 dispice
3291 1634 3529 1698 quaeso
3571 1637 3731 1681 num
3774 1614 3941 1682 bene
3982 1621 4182 1700 agant
4222 1636 4349 1682 nec
4391 1636 4475 1682 ne
4514 1637 4646 1683 con·

2715 1699 2935 1765 ciones
2972 1718 3110 1765 non
3154 1699 3471 1781 adeundo,
3513 1709 3589 1766 ut
3631 1700 3692 1767 si
3730 1708 4006 1787 peccant
4039 1709 4296 1768 mature
4340 1699 4413 1766 id
4446 1702 4647 1768 rescis-

2717 1791 2871 1851 cant
2912 1790 2981 1850 et
3022 1793 3361 1869 peccatum
3403 1798 3779 1872 agnoscant.
3868 1787 4040 1853 Nam
4076 1786 4492 1871 expellentur
4529 1808 4647 1853 om-

2717 1891 2833 1938 nes
2872 1870 3003 1936 nisi
3047 1873 3129 1938 ab
3171 1872 3432 1956 incepto
3476 1871 3864 1939 destiterint.

2885 1956 3070 2024 Haec
3112 1965 3270 2023 sunt
3325 1959 3397 2024 in
3438 1959 3676 2043 quibus
3715 1979 3915 2044 opera
3953 1965 4070 2025 tua
4111 1968 4179 2024 et
4219 1957 4492 2025 consilio
4523 1956 4645 2041 plu-

2714 2043 2953 2108 rimum
3018 2064 3211 2127 egeo,
3295 2043 3376 2110 de
3451 2043 3689 2129 quibus
3764 2045 4005 2112 idcirco
4081 2043 4397 2112 audacius
4458 2042 4536 2109 ad
4591 2052 4646 2109 te

2717 2128 2971 2212 scripsi,
3019 2131 3170 2214 quia
3226 2139 3404 2232 certo
3447 2132 3581 2231 scio
3621 2138 3689 2197 te
3729 2131 3896 2197 mihi
3937 2151 4071 2197 non
4114 2130 4510 2210 defuturum,
4550 2129 4646 2258 se⁹d

2715 2222 3129 2369 333&ss
3133 2214 4648 2401 ⁰2‘entssss1fflffisszffirffi1mffl}

2715 2386 2994 2452 salutem
3049 2386 3208 2455 dicit
3261 2409 3382 2473 per
3432 2389 3657 2455 Iesum
3714 2389 4055 2456 Christum
4099 2389 4469 2455 Dominum
4527 2408 4647 2453 nos-

2685 2477 2911 2537 trum.
2977 2471 3056 2539 Si
3090 2472 3248 2557 quid
3282 2476 3670 2542 nunciorum
3703 2475 4021 2541 bonorum
4058 2474 4140 2540 de
4173 2474 4377 2541 rebus
4412 2472 4645 2540 Galliac

2714 2556 3067 2640 audiveris,
3121 2561 3225 2628 fac
3280 2581 3400 2626 nos
3456 2561 3515 2628 si
3572 2561 3784 2645 placet
3848 2561 4081 2646 partici
4258 2560 4463 2644 inque
4533 2560 4645 2625 tuis

2717 2642 2801 2708 ad
2842 2645 3063 2711 Deum
3116 2645 3415 2730 precibus
3468 2646 3951 2714 commendatos
3994 2646 4082 2712 ha
4236 2696 4255 2725 ,
4346 2645 4644 2712 Dominus

2714 2727 2902 2797 Deus
2943 2731 3179 2814 spiritu
3222 2752 3340 2799 suo
3383 2740 3609 2800 sancto
3652 2740 3719 2798 te
3753 2739 4069 2818 perpetuo
4110 2737 4304 2817 regat
4347 2739 4417 2797 et
4456 2751 4643 2798 corro-

2716 2815 2920 2897 boret,
2964 2817 3400 2903 ecclesiaeque
3443 2826 3593 2885 tuae
3636 2819 4023 2886 incolumem
4065 2838 4264 2902 quam
4308 2816 4642 2884 diutissime

2716 2910 3061 2969 conservet
3127 2924 3248 2988 per
3303 2906 3715 2990 unigenitum
3771 2904 3987 2971 filium
4049 2925 4247 2970 suum
4305 2902 4640 2969 Dominum

2712 2995 3013 3054 nostrum
3054 2988 3275 3056 Iesum
3320 2991 3677 3070 Christum,
3735 2990 3843 3059 cui
3884 2989 4250 3057 benedictio
4284 2989 4496 3056 honor
4524 2988 4641 3073 glo·

2714 3073 2815 3138 ria
2855 3080 2923 3140 et
3065 3082 3270 3143 testas
3304 3077 3375 3142 in
3419 3085 3778 3144 aeternum.
3865 3078 4102 3156 Amen,
4146 3095 4361 3142 amen.
4448 3073 4638 3141 Dabat

2715 3159 2981 3227 Mombe
3126 3161 3192 3228 di
3234 3162 3545 3231 Calendis
3585 3159 3975 3231 Decembris

3485 3299 3668 3367 'suus
3710 3299 3975 3365 omnino
4008 3297 4320 3366 obediens
4353 3296 4524 3365 filius

3347 3385 3730 3453 Matthaeus
3773 3384 4074 3453 Vatellus
4118 3384 4375 3453 Christi
4416 3400 4634 3453 servus.

3593 3898 3798 3971 3882.

3204 4069 3676 4147 OALVINUS
3720 4067 4168 4138 SULZERO.

2883 4241 3206 4311 Excusato
3258 4243 3649 4310 diuturniore
3689 4242 3931 4310 silentio
3978 4240 4233 4309 Galliae
4273 4244 4498 4310 statum
4535 4256 4626 4304 αη-

2707 4327 3573 4483 mvgzwmdeploratum
3626 4329 3800 4409 deflet
3854 4333 3910 4396 et
3968 4327 4272 4395 acon-ime
4315 4328 4385 4395 in
4430 4326 4624 4394 Tassa-

2706 4585 3012 4708 (Glonvillaei
3057 4603 3221 4639 manu
3266 4587 3473 4656 scripta
3517 4589 3575 4640 et
3609 4602 3642 4638 a
3675 4583 3899 4640 Calvino
3945 4589 4188 4641 correcta
4217 4587 4399 4640 exstat
4429 4584 4485 4639 in
4512 4581 4619 4637 eod.

2758 4669 2908 4707 enev.
2947 4652 3088 4721 107⁸,
3133 4654 3224 4709 fol.
3259 4653 3386 4717 259;
3423 4654 3746 4710 Tun-atinus
3793 4653 3962 4708 habet
3992 4654 4052 4707 in
4085 4653 4222 4710 Cod.
4254 4652 4371 4726 108,
4407 4653 4492 4707 fol.
4521 4647 4618 4713 144,

2709 4723 2917 4777 Bet-nae
2961 4724 3232 4792 reperitur
3272 4724 3331 4777 in
3363 4724 3517 4780 Tom.
3552 4723 3650 4776 VI.
3699 4739 3821 4793 epp.
3866 4740 3921 4794 p.
3959 4721 4094 4776 1103
4138 4727 4197 4777 et
4242 4740 4328 4791 ap.
4363 4721 4616 4800 SimIerum

2710 4793 2836 4848 Vol.
2871 4790 2988 4845 106.
3045 4790 3332 4861 Inscriptio
3364 4792 3424 4846 in
3456 4793 3635 4847 fronte
3669 4792 3827 4845 adest
3860 4792 4025 4861 nulla,
4059 4790 4131 4844 ad
4163 4793 4365 4846 calcem
4396 4791 4616 4844 culmus

2842 4860 3065 4931 propria
3098 4878 3261 4914 manu
3295 4861 3518 4916 adiecit:
3564 4860 3804 4917 Staloero.
3874 4861 4029 4916 Vers.
4062 4861 4207 4930 angl.
4240 4859 4332 4916 IV.
4365 4858 4507 4925 280.)

2875 5030 2951 5098 Si
3004 5031 3217 5097 rarius
3265 5031 3350 5097 ad
3402 5039 3470 5097 te
3531 5032 3742 5099 scribo
3798 5052 3995 5115 quam
4052 5029 4256 5101 velles
4308 5026 4612 5098 cessationi

2704 5136 2888 5184 meae
2930 5114 3113 5182 dabis
3156 5117 3437 5198 veniam,
3481 5119 3722 5185 eximie
3763 5118 3869 5188 vir
3911 5126 3980 5185 et
4019 5117 4394 5186 venerande
4424 5117 4613 5183 frater·

2909 5321 2969 5390 9)
3005 5323 3072 5380 s.
3104 5321 3257 5378 2859.
3290 5321 3447 5380 3280.
