4850 6117
1461 593 1665 666 ⁸⁵5⁹.

1082 747 1551 820 cALvmus
1593 746 2056 846 emmo.

770 922 1026 990 Laudat
1057 921 1195 989 m
1226 920 1432 1003 fidem,
1467 919 1915 1000 Blando-atam,
1955 917 2265 986 amotam
2298 922 2355 983 α
2387 916 2536 983 Lis-

592 1009 928 1077 mam‘num
966 1012 1152 1075 notat.

650 1249 719 1303 οι.
754 1184 841 1317 εἷ»,
869 1177 1141 1302 1τῖιῆῗὲ
1173 1177 1551 1303 effingi-,135⁶
1575 1176 1692 1301 1ῗεῖ
1744 1172 2536 1299 ἓὲιίὶιῑέὃὲωῗᾚιξὶῖἷωὲέ

598 1317 727 1372 nicii
760 1317 959 1371 omisso
976 1314 1180 1372 Genev.
1214 1332 1268 1385 p.
1285 1312 1409 1380 257,
1442 1314 1604 1372 Laus.
1638 1331 1694 1386 p.
1710 1311 1815 1368 533
1867 1313 2075 1370 Hancv.
2098 1329 2153 1383 p.
2170 1309 2291 1375 529,
2325 1310 2537 1367 Ghouet

1218 1401 1271 1455 p.
1305 1381 1425 1451 351,
1461 1383 1637 1438 Amat.
1676 1400 1731 1453 p.
1768 1357 1908 1449 160.)

771 1553 964 1637 Quod
1024 1554 1192 1621 mihi
1254 1575 1373 1639 per
1434 1554 1660 1622 literas
1679 1559 1733 1633 1)
1787 1555 2192 1619 innotescere
2247 1550 2533 1630 voluisti,

601 1641 839 1708 eximie
891 1640 1017 1719 vir,
1075 1647 1152 1706 ut
1204 1639 1478 1724 posthac
1535 1646 1601 1706 te
1652 1640 1830 1706 inter
1871 1639 2116 1705 amicos
2156 1656 2339 1703 meos
2380 1656 2535 1702 cen-

599 1745 795 1805 seam,
841 1726 1285 1812 gratissimum
1327 1726 1491 1792 mihi
1533 1725 1684 1791 fuit:
1730 1746 1807 1793 ac
1848 1725 2039 1791 sicuti
2083 1723 2360 1790 libenter
2402 1741 2537 1787 am-

596 1811 850 1897 plector
891 1811 1015 1879 hoc
1053 1810 1546 1878 benevolentiae
1578 1819 1733 1876 tuae
1765 1809 2075 1888 studium,
2109 1810 2205 1875 ita
2243 1808 2534 1875 vicissim

599 1896 910 1981 polliceor
960 1917 1068 1963 me
1122 1896 1411 1963 fraterno
1475 1903 1543 1963 et
1583 1902 1774 1981 grato
1815 1914 1974 1981 erga
2012 1901 2080 1960 te
2119 1895 2259 1960 fore
2301 1895 2539 1974 animo,

596 1983 785 2050 sicuti
851 1992 919 2048 et
980 1990 1098 2049 tua
1159 1984 1369 2067 pietas
1433 1992 1502 2048 et
1562 1980 1841 2047 eruditio
1903 1989 2265 2046 merentur:
2347 1980 2535 2045 cuius

596 2068 936 2151 utriusque
977 2068 1048 2134 in
1100 2067 1309 2135 literis
1362 2067 1615 2134 illustre
1644 2066 1974 2151 specimen
2009 2073 2297 2151 apparet.
2360 2065 2535 2130 Nam

595 2174 800 2238 quum
853 2173 1079 2220 omnes
1131 2155 1202 2219 in
1243 2152 1610 2221 Blandrata
1662 2152 2163 2233 hallucinentur‚
2219 2160 2331 2217 tan
2378 2171 2532 2216 uam

597 2240 736 2305 eius
778 2238 1148 2324 praestigiis
1187 2238 1505 2320 fascinati,
1568 2259 1744 2304 unus
1786 2236 2141 2322 prudenter
2183 2236 2344 2304 subo
2370 2235 2533 2303 facis

594 2343 731 2391 non
795 2331 1040 2391 temere
1104 2344 1246 2391 esse
1309 2322 1724 2391 credendum.
1805 2322 1940 2390 Sed
1994 2346 2079 2390 ue
2142 2323 2533 2390 coniecturis

596 2416 856 2475 tantum
909 2429 1200 2494 agamus,
1256 2411 1418 2476 scito
1467 2408 1901 2475 Valentinum
1964 2408 2289 2488 Gentilem,
2346 2409 2533 2475 cuius

595 2493 826 2560 deliria
846 2494 1132 2560 breviter
1172 2495 1473 2573 refutavi,
1490 2497 1549 2574 ²)
1592 2516 1675 2561 ex
1717 2492 1945 2561 eadem
1987 2494 2185 2561 fuisse
2228 2493 2530 2574 factione,

597 2588 793 2662 atque
856 2578 1018 2645 adeo
1073 2579 1354 2647 alterum
1420 2579 1875 2647 Blandratam:
1945 2579 2245 2663 quamvis
2297 2586 2533 2646 neuter

595 2664 790 2730 alteri
831 2664 1106 2731 cederet.
1184 2666 1249 2731 N
1249 2687 1334 2731 on
1375 2666 1576 2734 fuisse
1614 2663 2051 2750 deprehensas
2092 2667 2234 2731 eius
2267 2663 2532 2732 fraudes

593 2751 665 2815 in
707 2748 1000 2830 Polonia‚
1044 2771 1169 2818 nec
1208 2750 1422 2819 adhuc
1463 2752 1744 2836 perspici
1796 2773 1994 2836 quam
2048 2749 2400 2818 insidiosus
2444 2752 2532 2816 sit

595 2843 666 2902 et
711 2834 931 2915 fallax,
984 2837 1322 2904 tolerabile
1378 2838 1598 2903 forsan
1640 2846 1828 2904 esset.
1915 2836 2052 2904 Sed
2095 2836 2286 2905 valde
2327 2838 2533 2903 miror

595 2920 947 3000 hominem,
992 2943 1186 3006 quem
1227 2921 1367 2989 sola
1417 2923 1766 2990 ostentatio
1830 2930 1897 2989 et
1937 2923 2261 2989 fastuosus
2302 2923 2531 2989 vultus

597 3006 1027 3086 commendat,
1070 3008 1239 3074 tanti
1281 3009 1458 3093 apud
1491 3029 1608 3077 vos
1644 3009 1808 3088 fieri,
1843 3015 1921 3075 ut
1953 3008 2140 3093 quasi
2173 3029 2384 3075 novus
2402 3011 2530 3075 At-

594 3091 698 3158 las
762 3092 1100 3159 ecclesiam
1163 3095 1484 3160 sustineat
1545 3096 1681 3161 suis
1742 3093 2053 3161 humeris.
2142 3093 2336 3162 Oerte
2392 3102 2532 3160 tam

595 3177 1114 3246 inconsideratae
1153 3178 1558 3247 credulitatis
1599 3180 1730 3246 nisi
1770 3201 1877 3247 me
1929 3180 2220 3264 puderet,
2264 3185 2530 3265 gentem

594 3271 887 3330 vestram
942 3285 1075 3330 non
1129 3285 1435 3332 amarem.
1520 3265 1874 3333 Caeterum
1930 3288 2015 3333 ex
2078 3264 2532 3333 communibus

595 3348 823 3430 literis,
878 3369 1041 3435 quas
1082 3350 1373 3419 ecclesiis
1414 3351 1644 3432 scribo,
1669 3350 1722 3437 ⁸)
1779 3353 1973 3436 plane
2015 3352 2098 3418 ad
2142 3352 2531 3431 satietatem,

594 3436 731 3502 imo
795 3434 879 3502 ad
940 3435 1278 3503 fastidium
1340 3457 1548 3521 usque
1608 3438 1956 3522 perspicies
2022 3436 2181 3522 quid
2244 3436 2535 3503 hominis

596 3520 702 3602 sit,
765 3520 877 3588 vel
916 3520 1184 3603 bestiae,
1248 3521 1358 3589 vel
1400 3523 1693 3590 monstri.
1772 3523 2224 3590 Limanimum
2256 3523 2536 3590 tractavi

594 3605 795 3692 paulo
838 3608 1151 3691 asperius,
1209 3607 1380 3693 quod
1432 3609 1619 3692 quasi
1672 3628 1793 3694 pro
1834 3609 2109 3693 imperio
2151 3629 2261 3676 me
2302 3629 2534 3695 cogere

593 3692 779 3760 visus
818 3706 920 3759 est
959 3699 1037 3757 ut
1067 3692 1392 3761 maculam
1424 3694 1711 3761 eluerem
1744 3715 1873 3779 qua
1906 3694 2164 3762 dolebat
2195 3716 2533 3779 aspersum

594 3778 795 3844 fuisse
835 3776 1275 3846 Blandratam.
1298 3782 1356 3860 ⁴)
1441 3779 1626 3861 Vale,
1681 3780 1918 3847 eximie
1960 3781 2065 3849 vir
2120 3787 2188 3848 et
2240 3780 2406 3847 mihi
2449 3802 2534 3848 ex

597 3863 817 3930 animo
858 3862 1126 3931 colende
1161 3865 1383 3932 frater.
1436 3864 1767 3932 Dominus
1808 3873 1878 3934 te
1919 3866 2158 3950 spiritu
2200 3887 2320 3933 suo
2363 3887 2535 3933 sem-

597 3969 718 4032 per
774 3947 1112 4034 gubernet,
1176 3951 1495 4018 sustineat
1566 3952 1816 4019 invicta
1878 3953 2145 4032 virtute,
2216 3962 2285 4019 et
2346 3952 2534 4019 donis

601 4034 761 4184 ειιιέίθε1
794 4034 868 4100 in
926 4031 1067 4103 dies
1106 4035 1478 4121 locupletet.
1567 4036 1898 4119 Genevae,
1946 4043 1983 4103 ’1
2026 4038 2188 4106 Idus
2230 4037 2538 4106 Octobris

766 4407 1326 4545 ‘gffffiaer

802 4543 859 4607 8)
951 4546 1549 4605 max-3562.

804 4611 2162 4678 ”Haeoomaaemabmabeaa

2096 400 2625 473 EPIS‘I'OLAE
2666 402 3086 469 3559-3562
4488 399 4571 466 36

3504 585 3703 659 85⁶⁰.

3111 742 3578 814 CALVINUS
3623 742 4095 813 WOLPHIO.

2808 914 3132 982 Nonmaa
3173 915 3248 981 de
3290 916 3556 984 adversa
3599 916 3945 985 valetud-'ow
3975 916 4313 1000 praefatus
4364 912 4575 982 Blan-

2635 999 2888 1067 dratam
2928 1005 2984 1067 et
3025 999 3475 1069 minum
3513 1007 3697 1069 notat.

2635 1170 2960 1294 (310me
2993 1171 3363 1227 authenticum
3399 1177 3582 1228 exstat
3613 1173 3671 1227 in
3703 1173 3850 1227 Bibl.
3886 1175 3987 1228 civ.
4012 1171 4190 1227 Turio.
4225 1172 4288 1227 F.
4320 1168 4407 1238 38,
4441 1169 4576 1252 olim

2635 1238 2778 1310 Epp.
2866 1256 2969 1294 om.
3016 1239 3112 1295 111.
3163 1238 3231 1293 25
3265 1256 3387 1295 oum
3433 1242 3829 1311 subscriptione
3881 1242 4231 1313 autographa.
4309 1240 4578 1308 Reperies

2638 1307 2802 1361 etiam
2834 1308 2894 1363 in
2927 1307 3061 1363 Ood.
3080 1307 3214 1365 Gen.
3236 1307 3379 1378 107⁸,
3413 1310 3507 1366 fol.
3541 1308 3612 1364 84
3643 1327 3694 1365 v.
3732 1316 3790 1364 et
3826 1325 3911 1380 ap.
3948 1309 4231 1367 Simlerum
4265 1309 4394 1366 Vol.
4431 1305 4581 1374 102.)

2635 1478 2942 1545 Eximiae
2997 1479 3257 1563 pietatis
3311 1484 3381 1546 et
3424 1479 3753 1548 doctrinae
3793 1481 3941 1547 viro
3985 1481 4061 1548 D.
4107 1479 4341 1547 Ioanni
4384 1478 4578 1545 Wol-

2633 1565 2792 1649 phio
2863 1564 3042 1631 fideli
3118 1563 3368 1632 Christi
3428 1567 3727 1633 ministro
3782 1567 3855 1632 in
3921 1566 4192 1634 ecclesia
4253 1565 4577 1652 Tigurina

2824 1650 3013 1716 fratri
3055 1657 3122 1718 et
3160 1660 3565 1737 symmystae
3607 1651 3880 1719 colendo
3923 1660 3991 1719 et
4023 1653 4375 1720 carissimo.

2807 1820 3077 1887 Utinam
3134 1821 3568 1905 frequentiore
3610 1822 3954 1890 literarum
4016 1846 4143 1891 usu
4195 1822 4360 1890 mihi
4410 1823 4574 1890 libe·

2633 1928 2784 1973 rum
2827 1915 2999 1973 esset
3040 1927 3253 1972 meam
3297 1928 3455 1991 erga
3498 1915 3562 1975 te
3605 1909 4125 1977 benevolentiam
4168 1910 4411 1989 testari,
4469 1909 4575 1974 in·

2634 1994 2985 2079 tegerrime
3036 1992 3256 2058 frater.
3341 1993 3474 2060 Sed
3532 1995 3685 2079 quia
3738 2016 3871 2061 non
3926 1996 4190 2082 ignotae
4243 2004 4397 2063 sunt
4448 1993 4573 2061 tibi

2634 2078 3091 2164 occupationes
3134 2098 3336 2158 meae,
3382 2099 3499 2161 pro
3543 2091 3661 2146 tua
3702 2081 4026 2165 aequitate
4068 2082 4233 2148 mihi
4277 2079 4574 2147 condona

2633 2165 2690 2231 si
2733 2183 2912 2231 cesso
2970 2165 3039 2230 in
3093 2162 3217 2231 hoc
3271 2164 3534 2250 vulgari
3600 2188 3839 2251 genere
3896 2167 4125 2234 officii:
4230 2167 4573 2232 raesertim

2633 2272 2835 2335 quum
2877 2249 2995 2315 tibi
3037 2270 3382 2316 commune
3425 2252 3511 2317 sit
3605 2251 3874 2337 uidquid
3932 2253 4143 2320 scribo
4256 2305 4269 2319 .
4314 2250 4575 2319 Bullin-

2629 2356 2793 2422 9er0.
2859 2335 2923 2400 N
2924 2354 3057 2401 unc
3091 2333 3405 2402 decumbo
3440 2357 3524 2402 ex
3560 2273 3782 2404 dolore
3825 2338 4010 2423 pedis
4045 2340 4264 2405 dextri
4306 2338 4420 2423 qui
4462 2358 4570 2403 me

2634 2421 2946 2488 acerrime
2989 2428 3122 2487 toto
3164 2420 3362 2487 biduo
3405 2423 3743 2489 cruciavit.
3825 2422 4118 2490 Tandem
4162 2425 4256 2490 ita
4306 2423 4575 2508 mitiga·

2632 2515 2740 2573 tus
2783 2514 2900 2586 est,
2946 2513 3021 2572 ut
3064 2504 3279 2572 adhuc
3316 2506 3482 2573 lecto
3517 2508 3787 2575 affixum
3822 2517 4061 2576 teneat.
4143 2508 4314 2595 Spes
4350 2516 4576 2575 tamen

2634 2592 2803 2658 bona
2858 2600 2961 2658 est
3016 2592 3245 2676 plenae
3304 2595 3677 2661 sanationis.
3765 2593 3841 2662 Si
3898 2596 4045 2662 Deo
4102 2599 4319 2663 visum
4371 2593 4578 2661 fuerit

2634 2678 2781 2743 aliis
2838 2677 3082 2745 morbis
3135 2678 3492 2762 podagram
3549 2679 3847 2761 adiicere,
3904 2683 4229 2766 patienter
4302 2679 4578 2747 ferenda

2636 2764 2762 2829 erit
2849 2770 3079 2863 aterna
3120 2764 3260 2830 eius
3304 2766 3666 2865 castigatio.

2634 2870 2995 3002 ..sums
3008 2848 3874 3019 {ausemffzrfflzwae
3904 2851 4580 3023 estatem

2634 3028 2737 3087 est
2790 3041 2985 3105 quam
3048 3018 3434 3105 perfidiosus
3491 3022 3578 3089 sit
3633 3025 3948 3108 pravique
4011 3025 4277 3110 ingenii.
4296 3026 4355 3110 ²)
4439 3025 4579 3091 Per

2633 3127 2784 3173 eum
2845 3127 2979 3173 non
3036 3106 3222 3172 stetit
3273 3107 3623 3191 quominus
3679 3109 3750 3175 in
3807 3109 4106 3177 exitiales
4160 3110 4426 3195 laqueos
4466 3130 4576 3177 me

2631 3191 2995 3259 conficeret.
3063 3190 3468 3276 Quocunque
3510 3194 3731 3262 veniat
3770 3216 4068 3262 summus
4102 3197 4231 3263 erit
4272 3195 4579 3263 adulator

2634 3277 2718 3345 ad
2752 3278 3140 3363 captandam
3182 3279 3491 3362 gratiam:
3537 3280 3652 3347 sed
3694 3281 3763 3347 iu
3807 3281 4109 3349 absentes
4152 3281 4577 3349 virulentiam

2633 3371 2908 3444 evomet,
2972 3384 3137 3465 quae
3192 3363 3366 3448 apud
3422 3364 3719 3433 homines
3773 3365 3972 3433 stulte
4023 3367 4324 3434 credulos
4384 3367 4577 3435 valde

2632 3456 2804 3517 esset
2864 3470 3080 3517 noxia.
3172 3447 3390 3531 Quam
3452 3451 3758 3534 pertinax
3824 3452 3912 3519 sit
3975 3451 4345 3520 haereticus
4409 3455 4575 3520 forte

2633 3535 2981 3619 aliquando
3027 3555 3111 3601 ex
3168 3536 3253 3602 D.
3312 3534 3599 3621 Martyre
3652 3536 3912 3604 audisti.
3934 3542 3990 3619 8)
4070 3538 4326 3621 Quibus
4385 3537 4577 3605 dissi-

2634 3621 2760 3688 diis
2800 3620 3102 3689 Italicam
3146 3622 3485 3690 ecclesiam
3527 3643 3695 3708 quae
3751 3623 3924 3709 apud
3979 3645 4097 3691 nos
4140 3633 4242 3692 est
4294 3623 4579 3692 labefac-

2633 3716 2775 3775 tare
2816 3708 3083 3774 molitus
3124 3708 3212 3774 sit
3254 3729 3480 3775 omnes
3521 3717 3781 3775 norunt.
3867 3708 4126 3777 Volunt
4167 3719 4387 3777 tamen
4443 3711 4578 3778 Po-

2630 3794 2770 3861 loni
2846 3793 2983 3860 solo
3061 3800 3229 3859 nutu
3307 3793 3581 3877 sepelire
3645 3796 3882 3862 omnia.
3991 3797 4085 3861 Ac
4148 3797 4491 3883 graeculus
4518 3800 4579 3877 ⁴)

2633 3888 2857 3946 noster
2912 3879 3296 3964 praesertim
3353 3879 3436 3945 ad
3495 3900 3685 3947 suam
3745 3881 4105 3949 levitatem·
4126 3881 4404 3949 libenter
4447 3882 4579 3951 huc

2635 3975 2703 4033 et
2742 3966 2899 4032 illuc
2955 3985 3077 4031 nos
3141 3966 3518 4031 inflecteret.
3606 3966 3758 4032 Non
3801 3968 3959 4035 satis
4001 3968 4172 4051 quod
4216 3968 4581 4036 inconside-

2635 4059 2779 4118 rate
2840 4051 3072 4134 lupum
3151 4050 3379 4118 ovibus
3459 4052 3770 4136 praefecit
3833 4073 3908 4120 ac
3972 4049 4236 4120 ornavit
4297 4054 4579 4138 superbo

2636 4136 2910 4221 perinde
2970 4143 3049 4202 ut
3114 4137 3296 4202 inani
3361 4137 3913 4225 archipresbyteri
3983 4138 4177 4205 titulo
4200 4143 4253 4223 ³)
4307 4140 4436 4206 nisi
4494 4141 4578 4208 ab

2637 4223 2819 4288 omni
2871 4230 3028 4288 nota
3076 4221 3478 4308 ignominiae
3530 4223 3876 4290 scelestum
3930 4231 3997 4290 et
4037 4225 4421 4308 pestiferum
4462 4226 4581 4293 ho-

2637 4309 2885 4373 minem
2943 4307 3242 4375 vindicet.
3331 4306 3467 4374 Sed
3520 4309 3632 4375 ubi
3687 4310 3954 4394 propius
4011 4312 4314 4396 cognitus
4357 4312 4580 4393 fuerit,

2640 4402 2887 4478 sponte,
2931 4401 3011 4460 ut
3051 4394 3351 4475 arbitror,
3395 4413 3507 4461 eos
3549 4416 3775 4462 omnes
3838 4395 3951 4478 qui
3992 4417 4172 4464 nunc
4213 4397 4584 4482 suscipiunt

2639 4481 2781 4545 eius
2813 4499 3096 4559 causam,
3140 4480 3382 4546 nimiae
3415 4480 3742 4547 facilitatis
3774 4480 4148 4564 poenitebit.
4205 4483 4393 4563 Vale,
4438 4484 4581 4551 exi-

2637 4565 2771 4631 mie
2811 4566 2916 4633 vir
2953 4572 3023 4631 et
3053 4565 3256 4632 frater
3297 4587 3384 4631 ex
3425 4567 3642 4632 animo
3684 4564 3966 4632 colende.
4045 4568 4374 4636 Dominus
4415 4591 4583 4637 sem·

2639 4672 2760 4736 per
2800 4651 2921 4718 tibi
2960 4651 3149 4729 adsit,
3194 4658 3262 4717 te
3305 4649 3647 4735 gubernet,
3691 4651 4079 4719 incolumem
4103 4661 4380 4721 tueatur.
4444 4656 4582 4724 Ge-

2639 4758 2845 4804 nevae
2887 4737 3000 4822 vij.
3046 4736 3205 4805 Idus
3251 4735 3557 4804 Octobris
3607 4740 3788 4804 1561.

3542 4872 3827 4941 Ioannes
3869 4873 4189 4944 Oalvinus
4239 4883 4407 4946 tuus.

2642 5043 2911 5111 8660.1)
2946 5043 3123 5126 ito-N.
3155 5041 3295 5098 3555
3325 5043 3470 5100 πῶϋ
3500 5044 3579 5102 ad
3607 5060 3736 5101 rm.

2846 5251 2908 5389 33
2940 5319 3010 5390 η.
3049 5320 3127 5377 Ν.
3158 5265 3327 5375 εᾶἕῑ
