4850 6117
594 378 727 448 423
2067 403 2074 409 ·
2101 369 2626 439 EPISTOLAE
2673 368 3092 434 3793-3796
4439 367 4545 431 424

600 569 750 636 neri
801 575 918 635 aut
968 567 1249 635 coerceri
1310 574 1638 651 poterunt,
1703 565 1760 631 si
1814 561 2007 629 modo
2064 562 2378 646 pecuniae
2428 558 2538 623 vel

603 655 927 739 stipendia
958 660 1403 720 numerentur.
1472 653 1674 718 Forte
1707 658 1901 735 urget
1936 649 2112 732 ipsos
2148 668 2340 713 suum
2374 643 2540 711 illud

602 742 830 808 fatum.
908 739 1088 806 Varii
1122 747 1278 807 sunt
1312 738 1485 823 apud
1520 759 1639 805 nos
1674 756 1991 803 rumores.
2061 730 2348 800 Proinde
2363 730 2542 831 ‘libe-

604 826 779 894 rabis
822 846 943 893 nos
995 823 1433 893 sollicitudine
1485 823 1683 890 anxia
1735 822 1792 889 si
1847 820 2228 905 frequenter
2270 816 2427 902 quid
2470 837 2544 882 m

605 911 826 979 Gallia
867 913 987 978 fiat
1042 911 1383 994 scripseris
1425 918 1543 977 aut
1582 930 1699 993 per
1741 907 1904 974 alios
1948 905 2145 973 scribi
2186 902 2542 970 curaveris.

602 997 800 1064 Nunc
832 996 1136 1064 audimus
1156 997 1413 1081 Anglos
1445 995 1685 1061 milites
1717 993 2030 1060 festinare
2063 991 2135 1056 in
2159 988 2466 1058 Galliam.
2484 991 2542 1067 ⁸)

601 1083 878 1150 Utinam
918 1082 1042 1150 hoc
1081 1104 1320 1150 verum
1371 1083 1459 1149 sit
1500 1101 1576 1148 ac
1620 1079 1961 1147 Comensi-s·
2001 1083 2221 1161 partes
2262 1094 2545 1159 sequan-

602 1177 730 1235 tur.
819 1168 1083 1235 Literas
1126 1177 1275 1235 tuas
1316 1187 1541 1234 mense
1583 1166 1709 1232 hoc
1749 1165 2026 1248 scriptas
2068 1160 2435 1247 accepimus
2477 1167 2548 1224 et

602 1253 927 1321 maximas
979 1255 1099 1322 tibi
1153 1274 1271 1339 pro
1315 1253 1422 1320 his
1465 1252 1719 1338 agimus
1808 1250 2023 1316 ratias.
2102 1247 2386 1315 Prodest
2426 1265 2547 1311 nos

606 1360 738 1406 non
802 1339 1139 1426 imperitos
1201 1360 1344 1407 esse
1406 1359 1628 1405 rerum
1833 1336 2078 1403 ‘carum
2095 1385 2111 1415 ,
2180 1340 2258 1400 ut
2321 1352 2547 1399 eorum

603 1427 932 1511 possimus
974 1424 1313 1493 confutare
1355 1423 1710 1505 mendacia,
1768 1425 1879 1506 qui
1920 1420 2277 1504 impensius
2316 1418 2549 1493 favent

605 1510 801 1578 rebus
857 1512 1026 1596 pessi
1034 1513 1172 1578 mis.
1248 1509 1562 1578 Salutant
1616 1520 1683 1576 te
1728 1517 1796 1574 et
1853 1512 2253 1593 symmystas
2298 1503 2550 1587 Mar-tyr

607 1605 675 1663 et
715 1599 951 1664 fratres
994 1604 1391 1683 symmystae
1425 1616 1666 1663 omnes.
1740 1593 1977 1661 Saluta
2010 1600 2084 1658 tu
2118 1593 2355 1658 fratres
2389 1608 2546 1673 quo-

606 1703 732 1766 que
774 1690 842 1749 et
881 1690 1280 1769 symmystas
1321 1702 1562 1749 omnes.
1633 1679 1960 1747 Dominus
1992 1678 2180 1745 Iesus
2222 1685 2444 1744 servet
2484 1683 2550 1740 te

608 1768 794 1835 nobis
849 1767 959 1834 diu
1019 1766 1429 1835 incolumem.
1499 1767 1730 1852 Tiguri
1786 1768 1887 1831 2⁷.
1934 1764 2095 1830 Maii
2147 1766 2326 1827 1562.
2398 1760 2547 1828 Non

607 1854 828 1938 relegi.
901 1852 1142 1921 Salvus
1187 1855 1273 1920 sit
1317 1854 1628 1921 Budaeus
1672 1874 1821 1920 cum
1866 1850 2223 1917 Ionvillaeo.

1729 2005 2155 2089 Bullingerus
2203 2009 2371 2068 tuus.

1479 2549 1677 2619 37⁰4.

1074 2702 1602 2772 zERKINmS
1646 2701 2081 2771 GALVINO.

775 2877 1200 2945 Helvetiorum
1225 2882 1444 2961 partes
1476 2878 1549 2944 in
1581 2875 1767 2944 rebus
1794 2874 2048 2960 gallicis
2078 2875 2354 2959 ayendas
2388 2879 2548 2942 trac-

601 2966 711 3042 tat,
755 2963 865 3031 sed
907 2968 1186 3045 respectu
1228 2962 1604 3046 reipublicae
1645 2983 1802 3029 suae
1844 2961 2063 3029 habito.

719 3133 830 3198 (Ex
865 3133 1202 3204 autographo
1237 3134 1369 3191 Ood.
1403 3134 1575 3190 Paris.
1609 3133 1806 3205 Dupuy
1845 3134 1964 3189 Vol.
2003 3132 2119 3200 102,
2155 3133 2250 3189 fol.
2282 3131 2434 3200 161.)

607 3308 670 3371 A
715 3324 869 3371 mon
914 3305 1220 3391 seigneur
1262 3318 1331 3372 et
1370 3305 1545 3373 frere
1583 3328 1670 3372 en
1712 3314 1938 3372 nostre
1971 3303 2303 3389 Seigneur
2336 3304 2548 3371 Iehan

822 3389 1056 3458 Oalvin
1100 3392 1399 3460 ministre
1443 3392 1523 3458 de
1566 3390 1872 3476 l’Esglise
1917 3389 1997 3457 de
2042 3391 2331 3458 Geneve.

775 3562 1041 3630 Literas
1085 3573 1232 3631 tuas
1267 3566 1369 3629 25.
1393 3563 1642 3647 Aprilis
1673 3562 1725 3644 ¹)
1770 3563 1854 3629 ad
1898 3583 2004 3629 me
2046 3564 2326 3647 scriptas
2358 3560 2552 3629 hodie

603 3646 865 3714 tandem
928 3670 969 3715 a
1027 3658 1389 3716 mercatore
1451 3648 1732 3733 quodam
1786 3649 2073 3717 Zurzaco
2139 3670 2179 3714 a
2240 3647 2553 3715 nundinis

605 3732 920 3799 redeunte
965 3736 1201 3820 accepi.
1282 3735 1381 3801 Eo
1423 3735 1599 3801 enim
1645 3736 1826 3801 fuere
1869 3733 2122 3802 delatae
2164 3734 2247 3799 ab
2290 3734 2401 3800 illo
2445 3734 2554 3801 eui

607 3819 898 3886 dederas.
969 3820 1380 3904 Respondeo,
1421 3820 1589 3888 mihi
1624 3841 1879 3905 quoque
1914 3819 2120 3887 videri
2166 3841 2273 3887 res
2295 3819 2555 3887 Galliae

610 3905 896 3971 incertas
957 3927 1114 3972 esse.
1203 3907 1500 3991 Reginae
1563 3907 1901 3990 ingenium
1967 3906 2310 3972 ferendum
2374 3916 2551 3990 puto.

612 3989 790 4072 Quid
847 3990 1023 4056 enim
1080 3993 1320 4060 faceret
1374 3991 1612 4058 mulier
1668 4013 1817 4058 eum
1872 4013 2077 4075 puero
2130 3993 2312 4077 regio
2354 3994 2555 4058 armis

610 4075 918 4142 obsessa?
978 4075 1334 4145 Guisianos
1367 4078 1592 4145 malim
1629 4076 1974 4160 desperare
2009 4086 2078 4144 et
2109 4078 2337 4162 fugere
2358 4099 2557 4162 quam

613 4160 856 4229 nostris
898 4162 1230 4230 resistere:
1290 4163 1384 4231 sic
1442 4165 1616 4230 enim
1661 4172 2038 4247 parceretur
2082 4163 2386 4248 sanguini
2432 4165 2556 4229 hu·

613 4268 808 4313 mano
868 4248 1054 4314 cuius
1111 4250 1390 4316 effusum
1449 4251 1581 4315 iam
1625 4249 1902 4314 nimium
1946 4255 2062 4315 est.
2149 4247 2286 4315 Sed
2327 4270 2558 4316 vereor

614 4355 700 4398 ne
756 4334 966 4399 nostri
1025 4332 1393 4402 cunctando
1449 4355 1568 4401 sua
1618 4335 1789 4400 mole
1842 4346 2060 4399 ruant.
2155 4332 2334 4415 Quid
2377 4335 2558 4399 enim

616 4417 943 4484 obstiterit
995 4420 1287 4487 nondum
1344 4422 1617 4505 cognovi
1631 4472 1648 4499 ,
1705 4421 2051 4504 quominus
2104 4421 2282 4484 intra
2336 4420 2557 4502 proxi-

618 4525 798 4568 mum
843 4524 1133 4571 mensem
1179 4527 1217 4571 a
1261 4507 1390 4572 tuis
1448 4504 1655 4573 literis
1709 4527 1895 4572 suam
1950 4504 2402 4571 fortitudinem
2446 4527 2558 4572 ex-

621 4591 960 4655 seruerint.
1053 4590 1197 4659 Hoc
1261 4613 1393 4658 non
1459 4591 1599 4657 dico
1676 4589 2168 4674 exprobrandae
2233 4589 2561 4657 socordiae

913 4764 1010 4771 *⁴-

826 4878 887 4948 3)
920 4878 1175 4949 Lanam
1209 4880 1259 4934 9.
1297 4882 1425 4937 Mai
1452 4897 1515 4952 p.
1550 4881 1681 4937 204.-
1730 4883 1957 4937 Praeter
2002 4883 2239 4953 legstum
2274 4897 2438 4964 quem
2474 4884 2564 4937 hic

624 4948 830 5001 habent
863 4956 1182 5029 perpetuum
1218 4949 1403 5020 Angli,
1448 4967 1622 5021 nuper
1671 4952 1822 5006 venit
1874 4952 2012 5013 alius
2058 4952 2151 5023 qui
2363 4951 2564 5007 detulit

626 5020 806 5072 omnia
836 5017 1014 5071 officia
1048 5034 1081 5069 a
1107 5034 1205 5070 sua
1238 5019 1429 5088 regina
1463 5025 1521 5072 et
1553 5020 1781 5074 militem
1831 5020 1899 5074 ad
1944 5036 2240 5088 componen
2375 5020 2564 5075 turbas

625 5089 680 5140 in
718 5085 894 5141 Gallia
928 5092 1166 5139 exortas.
1224 5087 1314 5139 Ita
1348 5092 1528 5141 tamen
1563 5089 1817 5157 loquutus
1846 5096 1932 5142 est
1965 5091 2034 5143 de
2069 5090 2320 5144 Gondaeo
2355 5097 2417 5142 ut
2452 5105 2561 5145 non

625 5157 853 5277 3?er
900 5154 1216 5223 significarit
1262 5156 1501 5225 reginam
1538 5156 1763 5225 Angliae
1807 5158 1976 5226 ipsius
2011 5160 2262 5227 partibus
2308 5174 2425 5212 esse
2471 5160 2563 5212 ad·

683 5227 926 5279 ctiorem.

621 5291 809 5347 3794.
834 5293 884 5361 1)
920 5291 1247 5361 deperditae.
1984 5298 1992 5305 ·

633 5416 652 5447 t

2643 576 2857 635 causa,
2901 557 3052 640 quia
3085 556 3250 622 sorte
3282 554 3620 638 hucusque
3654 555 3945 641 peditatu
3977 554 4157 621 fuere
4190 562 4288 633 (ut
4322 554 4552 631 scribis)

2642 642 3016 709 inferiores:
3104 640 3216 708 sed
3278 642 3482 707 miror
3545 643 3697 726 quid
3778 639 4139 726 peditatum
4213 649 4556 707 remoretur

2644 749 2846 829 quum
2905 727 3115 794 sciant
3157 747 3352 812 quam
3407 736 3565 793 sunt
3616 726 4003 812 praecipites
4045 726 4355 794 victoriae
4394 747 4555 793 ocea-

2644 833 2861 881 mones
2880 866 2895 893 ,
2974 814 3356 898 praesertim
3423 816 3883 880 cunctantibus
3945 812 4295 878 Helvetiis.
4392 811 4557 894 Quos

2644 901 2961 967 hactenus
3017 898 3197 965 omni
3252 898 3577 965 industria
3626 921 3755 984 qua
3805 900 4139 983 potuimus
4182 896 4559 977 distinemus,

2643 1006 2729 1052 ne
2773 985 3111 1054 Guisianis
3155 984 3482 1052 accedant.
3566 984 3795 1070 Itaque
3852 984 3981 1050 nisi
4040 1005 4280 1070 magna
4325 984 4562 1049 obstent

2645 1080 2978 1138 momenta
3022 1069 3406 1136 tentandum
3461 1071 3630 1137 forte
3674 1069 3919 1156 aliquid
3963 1078 4115 1137 ante
4164 1069 4421 1135 illorum
4462 1069 4562 1134 ad-

2645 1168 2917 1224 ventum
2977 1164 3135 1222 erat.
3205 1156 3539 1223 Venturos
3603 1158 3777 1223 enim
3844 1177 3976 1221 non
4044 1156 4321 1255 ambigo,
4386 1155 4563 1221 etim

2646 1246 2789 1311 sine
2846 1243 3183 1327 stipendi0‚
3243 1241 3433 1308 modo
3488 1243 3599 1325 qui
3655 1265 3725 1309 se
3783 1262 4127 1326 sponsores
4170 1243 4281 1308 hic
4336 1242 4565 1326 stipen-

2648 1330 2901 1396 diorum
2947 1329 3335 1412 profitentur
3384 1330 3778 1394 sententiam
3821 1349 3953 1394 non
3995 1334 4270 1407 mutent,
4331 1336 4395 1393 et
4445 1327 4568 1393 sive

2647 1417 2815 1482 serio
2859 1416 3001 1481 sive
3045 1415 3263 1481 fictive
3301 1414 3728 1498 polliceantur
3761 1413 4033 1480 Divioni
4077 1435 4219 1480 esse
4263 1412 4571 1497 stipendia

2647 1499 2995 1586 eroganda.
3072 1500 3452 1566 Transitum
3496 1501 3775 1566 arbitror
3819 1508 4076 1567 nostros
4121 1499 4566 1585 denegatums:

2650 1608 2801 1652 nam
2863 1607 2938 1653 eo
2998 1586 3317 1652 inclinant
3372 1587 3663 1651 omnium
3723 1606 3930 1669 paene
3993 1585 4368 1652 sententiae.
4450 1582 4570 1649 Sed

2649 1673 2802 1758 quid
2847 1671 3037 1739 tum?
3110 1671 3556 1737 Nihilominus
3600 1672 3797 1737 aliam
3841 1675 4017 1738 viam
4062 1671 4404 1737 invenient
4444 1672 4571 1735 sine

2648 1779 2889 1843 magno
2933 1759 3207 1825 circuitu
3264 1759 3333 1823 in
3378 1756 3664 1823 Galliam
3722 1757 4143 1843 perveniendi
4197 1778 4315 1841 per
4358 1776 4573 1841 agrum

2651 1844 2933 1929 episcopi
2976 1844 3363 1911 Basiliensis
3406 1842 3899 1909 Solodorenses:
3955 1863 4074 1928 per
4114 1842 4572 1910 Basiliensium

2651 1931 2889 1998 caeteri
2933 1952 2969 1995 e
3015 1930 3149 1995 suis
3195 1951 3237 2013 p
3329 1931 3382 1993 's
3427 1929 3776 2007 Badenam,
3821 1929 3976 1995 inde
4017 1931 4087 1995 in
4132 1951 4172 1994 a
4303 1950 4369 1993 m
4409 1929 4573 1993 Rau·

2651 2035 2985 2083 racensem
3021 2023 3086 2081 et
3121 1950 3550 2081 Basffionsom
3588 2015 3877 2098 profecti,
3922 2014 4094 2082 unde
4136 2015 4183 2080 il
4215 2015 4268 2081 's
4308 2015 4436 2080 iter
4472 2034 4576 2097 per

2649 2101 3108 2188 Burgundiam
3167 2102 3234 2166 in
3279 2099 3567 2167 Galliam
3625 2109 3824 2184 patet.
3908 2101 3990 2168 Id
4046 2101 4217 2186 quod
4261 2121 4383 2166 nos
4441 2119 4575 2183 pro-

2650 2188 2877 2256 hibere
2914 2208 3034 2254 nec
3091 2208 3437 2271 possumus
3490 2209 3610 2253 nec
3662 2187 3829 2253 forte
3873 2188 4192 2254 volumus.
4259 2187 4488 2270 Itaque
4526 2185 4575 2250 si

2651 2275 2888 2341 timent
2946 2274 3155 2339 nostri
3220 2272 3574 2339 adventum
3640 2272 4097 2340 Helvetiorum
4162 2274 4304 2358 (qui
4369 2283 4575 2339 tamen

2650 2381 2772 2427 nec
2805 2380 3046 2445 magno
3081 2379 3353 2425 numero
3381 2378 3503 2424 neo
3540 2359 3833 2425 veterani
3877 2359 4028 2425 lecti
4067 2367 4269 2438 sunt),
4313 2364 4577 2443 pergant

2651 2445 2808 2512 dum
2867 2446 2936 2511 hi
2996 2452 3405 2512 cunctantur.
3497 2444 3725 2528 Neque
3787 2447 3962 2512 enim
4027 2446 4202 2511 intra
4258 2444 4577 2530 proximos

2652 2531 2873 2599 decem
2920 2530 3078 2611 dies,
3123 2531 3252 2598 nisi
3290 2551 3397 2596 me
3438 2531 3660 2597 omnia
3700 2530 3959 2611 fallunt,
4011 2531 4165 2597 hinc
4209 2530 4485 2606 solvent,
4522 2534 4580 2594 et

2647 2615 2945 2703 pluribus
2987 2618 3058 2683 in
3103 2616 3395 2684 Galliam
3438 2636 3571 2682 non
3614 2617 4019 2702 pervenient.
4089 2617 4235 2702 Ego
4278 2616 4575 2701 suspicor,

2651 2702 2869 2771 dedita
2909 2719 3111 2786 opera
3145 2710 3487 2769 veteranos
3508 2701 3683 2769 domi
3718 2725 3789 2770 se
3823 2706 4178 2782 continere,
4223 2710 4299 2768 ut
4330 2723 4404 2767 re
4425 2699 4578 2767 Gui-

2650 2790 2837 2856 siana
2878 2789 2962 2854 -in
3022 2788 3244 2856 Gallia
3299 2790 3464 2854 forte
3517 2788 3625 2855 vel
3684 2789 4018 2875 superiore
4068 2788 4180 2856 vel
4235 2787 4578 2855 inclinante

2650 2875 2775 2961 ipsi
2811 2874 3056 2941 bellum
3078 2873 3586 2942 Olaronensium
3620 2877 3955 2944 occasione
3981 2876 4087 2943 hic
4120 2874 4575 2959 redintegrent,

2652 2982 2946 3046 novoque
2983 2961 3235 3045 impetu
3272 2959 3744 3027 Guisianorum
3784 2982 4011 3030 casum
4045 2961 4430 3039 sustineant,
4472 2964 4579 3023 aut

2656 3048 2991 3115 victoriam
3031 3046 3231 3132 (quod
3267 3047 3451 3113 Deus
3493 3053 3778 3128 avertat)
3823 3050 3878 3113 si
3918 3057 4196 3133 possunt
4234 3044 4576 3114 cumulent.

2653 3133 2841 3216 Quae
2883 3152 3078 3200 causa
3119 3131 3468 3200 cunctandi
3510 3131 3697 3200 nobis
3740 3134 3831 3200 sit
3869 3133 4200 3220 prioribus
4242 3132 4447 3199 literis
4487 3130 4580 3195 in·

2653 3218 2881 3286 dicavi.
2938 3217 3278 3285 Palatinus
3310 3238 3434 3285 nos
3468 3217 3552 3284 ad
3586 3217 3976 3304 legationem
4011 3218 4396 3286 mittendam
4438 3217 4579 3283 hor-

2653 3312 2828 3371 tatus
2871 3312 2989 3383 est,
3050 3325 3238 3372 suam
3281 3311 3347 3369 et
3391 3304 3663 3371 aliorum
3706 3305 4083 3391 principum
4125 3303 4400 3371 eandem
4424 3322 4578 3454 ape-

2651 3412 2795 3458 ram
2831 3389 3179 3474 pollicitus.
3236 3390 3715 3475 Exspectamus
3748 3393 4024 3459 certiora
4045 3393 4127 3458 ab
4159 3390 4274 3457 illo
4308 3396 4376 3455 et
4497 3407 4577 3451 u·-

2650 3476 3067 3562 tomberqeree,
3111 3475 3227 3544 sed
3248 3477 3420 3543 fiunt
3462 3477 3684 3543 omnia
3729 3484 3861 3544 tam
3898 3486 4285 3544 cunctanter
4326 3484 4395 3542 ct
4434 3476 4578 3539 titu-

2652 3563 2884 3631 banter
2939 3584 3015 3630 ac
3070 3563 3128 3628 si
3181 3562 3409 3648 ignota
3466 3562 3552 3629 sit
3599 3559 3939 3634 condensis
3981 3583 4177 3630 causa
4219 3557 4577 3630 Germanis.

2654 3647 3129 3733 Landtqravius
3184 3649 3359 3714 enim
3416 3667 3456 3712 a
3499 3645 3863 3733 Bullinyero
3919 3650 4133 3718 doceri
4188 3647 4399 3716 voluit
4450 3647 4580 3710 iure

2653 3755 2738 3800 an
2781 3733 3021 3800 iniuria
3055 3754 3238 3800 arma
3271 3736 3622 3818 sumpserit
3661 3733 4014 3803 Gondensis.
4039 3736 4096 3819 ²)
4161 3732 4235 3801 Si
4272 3734 4580 3817 principes

2652 3820 3042 3906 legationem
3087 3820 3372 3899 mittent,
3416 3830 3639 3886 nostra
3675 3842 3930 3907 quoque
3965 3822 4376 3906 adiungetur,
4425 3827 4579 3902 puto.

2654 3904 2809 3986 Sed,
2847 3906 3015 3972 bone
3034 3905 3242 3984 Deus,
3278 3905 3433 3990 quid
3466 3907 3538 3971 in
3576 3905 3699 3972 hac
3734 3910 3978 3992 re-spei
4020 3905 4165 3975 est?
4235 3904 4583 3990 Legatione

2655 4013 2776 4058 nos
2833 3992 3178 4059 effecturos
3232 3991 3401 4075 quod
3456 4013 3654 4057 manu
3713 4006 3969 4060 armata
4023 4013 4157 4059 non
4219 3982 4578 4076 potuimus?

2658 4077 2807 4145 Scis
2870 4077 3031 4144 istas
3097 4077 3464 4162 paciscendi
3530 4076 3934 4146 conditiones
4011 4079 4394 4163 plerumque
4455 4093 4580 4140 esse

2657 4169 2988 4231 contortas
3029 4174 3095 4228 et
3148 4164 3466 4248 tantisper
3508 4163 3813 4246 prodesse
3857 4164 4015 4231 dum
4062 4163 4298 4231 adsunt
4340 4157 4579 4229 arbitri:

2658 4258 2887 4334 postea
2921 4249 3237 4315 rimarum
3282 4252 3504 4316 omnia
3534 4249 3749 4334 plena,
3797 4251 3961 4317 nihil
3996 4271 4191 4336 quam
4229 4260 4487 4316 ventum
4522 4254 4581 4308 et

2659 4332 2923 4419 turgida
2965 4333 3167 4400 verba
3209 4336 3351 4403 sine
3393 4348 3573 4401 metu
3618 4337 3886 4421 spirare,
3944 4336 4341 4419 haerereque
4382 4335 4446 4399 in
4486 4330 4579 4395 his

2659 4441 3049 4486 aranearum
3083 4421 3233 4488 telis
3272 4420 3528 4499 culices,
3568 4442 3990 4507 perrumpere
4024 4442 4299 4489 muscas.
4369 4419 4440 4487 Si
4473 4435 4581 4502 pro

2661 4506 2867 4572 edicto
2932 4506 3227 4572 Ianuarii
3292 4516 3633 4590 tantopere
3696 4509 4142 4587 contenditur,
4210 4508 4415 4574 victer
4474 4504 4578 4569 vix

2662 4593 2945 4676 pretium
3006 4612 3244 4675 operae
3308 4604 3705 4677 assequetur.
3786 4594 4018 4678 Itaque
4072 4612 4448 4678 quocunque
4487 4608 4581 4653 me

2658 4684 2917 4744 vertam
2963 4698 3145 4761 spem
3190 4699 3390 4745 unam
3433 4678 3669 4746 habeo:
3728 4680 4087 4747 Dominum
4146 4700 4266 4745 suo
4309 4698 4481 4744 more
4517 4674 4578 4738 in

2663 4764 2858 4831 rebus
2911 4763 3271 4848 desperatis
3328 4783 3512 4830 suam
3568 4778 3977 4832 exserturum
4036 4766 4357 4832 virtutem.
4426 4762 4578 4828 Nam

2664 4851 2955 4916 humana
2996 4857 3300 4933 spectans
3341 4850 3724 4934 perinfirma
3763 4851 3927 4918 mibi
3983 4861 4207 4919 nostra
4248 4850 4456 4917 omnia
4494 4847 4579 4914 vi-

2665 4934 2923 5036 dentur.
2995 4935 3257 5013 Veneti,
3338 4956 3498 5038 apa&
3517 4933 3880 5019 Sabaudus,
3924 4939 4145 5004 omnia
4185 4937 4257 5002 in
4293 4956 4424 5037 nos⁸
4444 4954 4578 5001 con·

2664 5029 2973 5174 iffi..
2994 5019 3916 5187 {3.¹333.¹121¹¹‡1‘32¹.¹332„{²?3t.
3948 5019 4577 5193 ξέοἷέἐῗῧξὲῗῑὲῖ-

2868 5296 2923 5358 2)
2958 5294 3021 5349 Ν.
3056 5294 3208 5351 3784.
