4850 6117
231 407 349 470 665

229 593 334 661 (Ex
368 590 721 660 autographo
757 590 920 646 Arch.
960 591 1140 647 Turio.
1187 591 1334 646 Plut.
1383 590 1476 644 VI.
1512 590 1634 646 Vol.
1670 587 1787 650 129,
1840 589 1969 642 olim
2004 587 2178 642 Scrin.

432 660 498 713 B.
538 659 682 730 Epp.
719 659 873 717 Tom.
906 658 993 726 30,
1030 661 1120 715 fol.
1156 658 1276 713 452.
1314 685 1380 698 —
1416 659 1628 714 Simler.
1666 658 1793 713 Vol.
1832 656 1977 725 106.)

232 831 621 898 Clarissimo
663 832 805 898 viro
840 830 926 895 D.
950 830 1185 896 Ioanni
1223 829 1503 896 Calvino
1545 826 1925 894 fidelissimo
1963 825 2179 891 Gene-

232 918 451 985 vensis
496 917 811 984 ecclesiae
853 916 1156 982 ministro
1195 915 1459 981 domino
1501 935 1647 980 meo
1689 911 2069 979 honorando
2112 921 2182 977 et

919 1003 1111 1068 fratri
1153 1002 1506 1068 carissimo.

396 1173 470 1240 S.
510 1174 601 1240 D.
675 1175 815 1260 Ago
860 1173 980 1239 tibi
1023 1174 1267 1258 gratias
1322 1192 1483 1255 quas
1528 1191 1793 1254 possum
1836 1171 2175 1250 maximas,

229 1259 599 1327 reverende
636 1261 744 1326 vir
786 1267 852 1326 et
896 1258 1155 1325 domine
1207 1256 1654 1324 colendissimo
1696 1256 2027 1339 fraterque
2071 1275 2177 1322 ca-

229 1347 504 1426 rissime,
592 1367 667 1412 ro
700 1346 814 1411 illo
849 1344 1219 1412 felicissimo
1256 1365 1420 1410 evan
1472 1342 1613 1408 elio.
1640 1346 1692 1419 ¹)
1751 1342 1968 1408 Multa
2001 1343 2177 1408 enim

229 1435 294 1498 iu
329 1432 486 1499 unis
560 1432 745 1498 iteris
780 1431 1179 1499 coniunxisti
1216 1430 1386 1495 laeta
1463 1450 1500 1494 e
1535 1427 1812 1494 liberata
1845 1428 2178 1494 obsidione

230 1521 423 1603 (quae
468 1526 744 1603 propter
784 1517 1157 1601 exemplum
1203 1515 1601 1599 Rothomagi
1644 1515 1887 1579 mirum
1929 1515 1997 1579 in
2041 1536 2177 1579 mo-

230 1605 380 1670 dum
437 1624 567 1670 nos
629 1604 849 1684 torsit)
895 1603 1177 1669 -Aurelia
1240 1621 1360 1684 per
1423 1600 1707 1666 reditum
1769 1600 2178 1683 inopinatum

231 1690 625 1768 Admiraldi,
648 1695 703 1764 ²)
760 1689 840 1755 de
898 1690 1134 1755 iuvene
1189 1707 1346 1771 rege
1390 1686 1731 1752 Navarrae
1788 1696 1855 1752 et
1897 1686 1977 1751 de
2034 1687 2178 1770 ipsa

230 1785 799 1941 {igffleffissf'si
823 1776 1608 1940 flssffissmfflffifflass}
1650 1772 2179 1924 ffinffinffiffi

229 1968 584 2031 pacemque
639 1947 951 2015 concedat
1006 1945 1329 2010 stabilem.
1401 1943 1482 2011 Si
1533 1943 1727 2027 lupus
1783 1943 1895 2008 ille
1937 1944 2008 2009 in
2053 1944 2176 2011 hoc

227 2032 470 2100 Christi
509 2032 846 2099 stabulum
880 2034 1294 2115 irrumperet,
1333 2030 1594 2114 quantis
1615 2051 1750 2109 nos,
1774 2028 1959 2096 Deus
1989 2028 2172 2108 bone,

226 2119 410 2184 malis
455 2121 769 2186 afficeret.

388 2204 769 2271 Redierunt
810 2227 893 2271 ex
938 2203 1171 2271 castris
1194 2202 1557 2287 Gruysianis
1578 2200 1827 2284 aliquot
1845 2200 2108 2280 milites,
2119 2205 2174 2281 ⁸)

227 2299 286 2355 et
316 2291 496 2357 inter
535 2292 659 2357 hos
694 2291 829 2357 dux
864 2312 1040 2356 unus
1075 2297 1142 2355 et
1185 2288 1367 2353 alter.
1438 2287 1687 2353 Petunt
1730 2288 1810 2353 ab
1856 2298 2000 2352 octo
2042 2287 2174 2353 illis

224 2377 426 2461 pagis,
472 2378 587 2444 vel
632 2399 750 2443 sex
793 2378 982 2461 pagis
1025 2385 1093 2442 et
1135 2374 1384 2440 duobus
1428 2371 1703 2457 oppidis,
1747 2372 2025 2438 militem
2070 2395 2172 2439 re·

226 2471 478 2529 centem
492 2515 510 2543 ,
579 2463 679 2528 illi
744 2472 987 2530 vocant
1051 2461 1580 2546 supplementum
1645 2460 2037 2525 vexillorum
2101 2461 2174 2524 in

227 2547 458 2615 Gallia.
547 2547 877 2615 Audimus
920 2549 1069 2613 illos
1113 2546 1381 2612 mentiri
1423 2544 1809 2630 prodigiose,
1870 2563 1944 2610 ac
2000 2544 2173 2611 inter

227 2634 349 2699 alia
391 2636 462 2700 in
500 2656 732 2720 pugna
773 2635 941 2700 forte
984 2638 1109 2699 300
1147 2653 1289 2699 esse
1324 2631 1737 2711 desideratos,
1784 2630 1947 2697 alios
1991 2640 2171 2714 peste

227 2721 604 2787 exstinctos.
685 2720 881 2788 Unde
923 2721 1053 2785 iam
1099 2727 1330 2802 petunt
1374 2717 1496 2783 sibi
1542 2717 1804 2784 concedi
1861 2721 2022 2782 1500
2068 2716 2174 2784 vel

229 2809 404 2871 2000.
498 2808 598 2873 Et
653 2806 913 2889 quidem
981 2804 1385 2871 arbitrantur
1443 2803 1554 2869 alii
1615 2810 1691 2869 14
1750 2804 1940 2886 signa
1996 2823 2173 2868 nova

228 2891 688 2972 submittenda,
732 2912 817 2958 ne
852 2894 907 2959 si
942 2891 1205 2975 pauculi
1236 2890 1336 2955 illi
1368 2890 1721 2957 mittantur
1751 2889 2169 2972 intercipian-

226 2985 328 3042 tur
387 2979 461 3043 in
528 2980 784 3046 itinere.
877 2978 1119 3044 Sciunt
1181 2977 1359 3042 enim
1424 2996 1669 3042 novum
1735 2975 2008 3040 militem
2066 2975 2169 3041 vel

228 3064 588 3147 equitatum
613 3064 1087 3131 Germanicum
1128 3069 1459 3129 recentem
1495 3061 1899 3146 Lugdunum
1933 3069 2169 3126 ventu·

227 3170 384 3215 rum.
488 3150 673 3217 Sunt
735 3151 848 3215 alii
911 3150 1025 3233 qui
1090 3148 1345 3215 nullum
1409 3146 1802 3213 mittendum
1869 3146 2165 3213 suadent.

228 3231 470 3302 Omnes
507 3249 732 3303 tamen
768 3242 1085 3320 quotquot
1119 3232 1344 3301 audivi
1378 3232 1699 3299 mittenda
1733 3232 1959 3298 saltem
1999 3236 2170 3298 2000

228 3321 621 3388 existimant.
695 3320 889 3405 Quod
934 3322 989 3387 si
1013 3320 1433 3387 Admiraldus
1466 3317 1804 3386 obsidione
1825 3319 2167 3385 Aureliam

230 3406 432 3486 solvit,
486 3408 738 3475 frustra
780 3407 860 3473 de
915 3408 1366 3491 supplemento
1410 3405 1732 3471 mittendo
1775 3404 2163 3471 consultant.

229 3488 300 3556 Si
341 3493 538 3560 rediit
583 3517 666 3560 ex
708 3493 1134 3572 Normandia‚
1190 3492 1376 3558 facile
1434 3490 1806 3574 prohibebit
1849 3511 1932 3555 ne
1976 3512 2167 3557 exer-

230 3577 387 3645 citus
431 3581 688 3663 possint
731 3580 1146 3663 coniungere.
1217 3578 1312 3642 'l'e
1353 3577 1549 3643 valde
1591 3598 1748 3662 rogo
1780 3587 1873 3654 ut,
1919 3577 1979 3643 si
2010 3574 2167 3660 quid

229 3667 381 3729 certi
438 3666 771 3749 acceperis
831 3664 911 3731 de
955 3664 1222 3730 Aurelia
1278 3677 1345 3728 et
1401 3664 1604 3744 copiis
1659 3663 2035 3728 Admiraldi
2091 3681 2167 3728 ac

229 3749 610 3834 Anglorum,
655 3772 774 3835 per
818 3751 1232 3817 Ionvillaeum
1273 3749 1471 3815 scribi
1513 3747 1598 3814 ad
1640 3768 1761 3813 nos
1805 3768 2010 3814 cures.

223 3907 228 3914 ,
389 3836 607 3903 Besae
668 3838 739 3902 in
783 3837 1097 3921 Angliam
1155 3836 1506 3901 traiecturo
1534 3839 1590 3912 ⁴)
1653 3831 2166 3900 benedictionem

229 3939 265 3983 a
301 3920 591 3988 Domino
646 3943 1005 4007 precamur,
1065 3941 1450 4003 oramusque
1507 3931 1601 4001 ut,
1659 3920 1718 3986 si
1770 3918 2027 4001 quando
2082 3917 2165 3984 ad

230 4003 433 4107 ipsum
470 4010 829 4092 scripseris,
866 4009 1083 4091 ipsum
1107 4014 1330 4072 nostro
1353 4007 1621 4071 nomine
1655 4005 1899 4072 salutes
1934 4004 2165 4070 huma-

229 4110 506 4160 mesime.

390 4180 592 4245 Mitto
637 4180 744 4246 hic
788 4179 1150 4245 Historiam
1211 4175 1783 4244 sacramentariam
1829 4195 1870 4239 a
1924 4196 2166 4259 genero

232 4281 367 4327 meo
413 4265 724 4332 Lavatero
767 4265 1237 4349 consignatam,
1257 4266 1315 4342 ὃ)
1363 4272 1428 4329 et
1470 4261 1851 4328 Orationem
1896 4261 2166 4327 alterius

233 4349 355 4414 mei
418 4353 646 4435 generi
711 4351 923 4417 Iosiae
994 4350 1252 4416 Simleri
1312 4352 1386 4415 in
1450 4349 1699 4416 obitum
1754 4347 2085 4432 Martyris.
2110 4351 2164 4426 ⁶)

236 4569 404 4630 8018.
425 4574 483 4638 1)
516 4573 921 4630 Desideratum·
956 4574 1145 4628 literae
1180 4571 1257 4627 ad
1291 4586 1431 4642 quas
1464 4572 1553 4628 Mc
1586 4570 1799 4626 alludit
1832 4640 1844 4653 ²
2068 4640 2078 4653 .

236 4642 1063 4782 αωωῖ).ζ.α·ῑ”ῗ”ἒ”ὶαίἵ”ὶῖἷ.ΐὲ.
1090 4642 1278 4765 3..Ἦί
1302 4639 2025 4766 mastratis?
2024 4644 2166 4762 ⁶31⁴?

240 4775 367 4900 Aeg.
381 4780 746 4904 1211..ssqu
721 4780 1008 4913 W*
1076 4779 1251 4849 (Hm.
1298 4780 1394 4834 aa
1427 4747 1612 4834 0100}oe
1621 4724 1793 4832 paam.
1828 4775 1944 4830 165.
2012 4773 2161 4832 Hm.

428 4918 463 4971 3
522 4920 709 4973 Bonam
741 4918 809 4973 11.
846 4918 992 4985 App.
1023 4914 1143 4970 205.

427 4985 464 5039 4
534 4987 670 5043 Vide
700 4986 1116 5055 maecedmtem.

431 5058 462 5111 5
520 5055 763 5111 Historia
795 5055 864 5110 de
901 5055 1112 5124 origine
1142 5061 1200 5108 et
1232 5070 1268 5122 p
1430 5068 1522 5105 ssu
1555 5051 1953 5106 controversiae
1987 5065 2164 5103 sacra-

242 5126 524 5180 mentarius
558 5125 627 5180 de
662 5139 829 5178 coena
862 5124 1082 5178 Domini
1117 5122 1185 5178 ab
1220 5140 1266 5175 3.
1305 5121 1335 5174 1
1371 5119 1442 5174 24
1476 5137 1539 5175 us
1581 5136 1649 5175 ue
1690 5121 1756 5175 ad
1804 5138 1850 5173 3.
1901 5116 2037 5173 1563
2070 5118 2162 5172 de-

245 5185 407 5245 dnm.
475 5194 538 5249 'ri
577 5230 591 5244 .
628 5193 851 5249 Frosch.
890 5191 1040 5246 1563.
1077 5190 1128 5245 4.
1162 5207 1328 5259 yon-m.
1365 5187 1518 5243 1564.
1614 5229 1630 5245 .

436 5262 495 5332 6)
635 5262 716 5316 tio
750 5263 819 5316 de
853 5263 969 5315 vita
1005 5267 1062 5315 et
1095 5260 1246 5316 obitu
1283 5261 1342 5314 P.
1378 5260 1450 5313 M.
1485 5257 1748 5312 Ver-milii.
1784 5258 1923 5312 Item
1958 5256 2163 5325 scripta

247 5329 491 5390 quaedam
525 5332 590 5385 P.
628 5331 885 5402 Martyris
918 5331 988 5385 de
1021 5329 1365 5385 Eucharistia
1397 5333 1498 5382 etc.
1569 5327 1687 5396 rig.
1721 5324 1871 5381 1563.
1908 5328 1957 5379 4.

2002 401 2163 465 1563
2207 398 2489 466 MART.

2217 5049 2223 5082 l

4099 408 4230 474 666

2286 586 2595 652 Alterum
2638 586 2759 653 tibi
2802 588 3114 667 servabis,
3156 588 3437 656 alterum
3481 592 3682 675 (quod
3728 593 4037 668 volueris)
4085 596 4232 661 Ion-

2282 672 2507 739 villaeo
2550 683 2772 740 nostro
2815 672 3019 752 dabis,
3078 695 3215 740 una
3268 695 3418 741 cum
3461 675 3682 743 decem
3738 678 3871 744 illis
3914 679 4229 746 batzioni·

2281 758 2423 824 bus.
2494 761 2642 841 Ago
2684 758 2784 824 illi
2827 761 3148 827 maximas
3183 761 3428 845 gratias
3462 770 3530 827 et
3571 784 3793 829 meum
3836 766 3895 830 ei
3939 766 4228 832 vicissim

2282 845 2484 909 offero
2526 845 2927 928 obsequium.
3015 845 3233 927 Quam
3274 849 3556 930 primum
3602 871 3842 916 excusa
3882 852 4086 916 fuerit
4127 874 4228 919 re-

2282 931 2546 1013 sponsio
2621 951 2771 996 mea
2844 930 2999 997 data
3064 931 3326 999 Brentio
3353 933 3408 1018 ⁷)
3474 945 3542 1000 et
3618 938 3950 1019 responsio
4016 937 4229 1007 [osiae

2283 1015 2434 1081 data
2481 1015 2880 1097 Sinnacen&
2933 1038 3051 1101 per
3091 1019 3378 1100 primum
3421 1039 3742 1105 quemque
3785 1024 4099 1089 nuncium
4142 1025 4225 1090 ad

2279 1121 2398 1167 vos
2441 1104 2721 1168 mittam.
2809 1103 3204 1169 Germanica
3246 1125 3392 1170 mea
3433 1107 3565 1171 iam
3609 1127 3847 1173 excusa
3889 1116 4004 1174 est.

2453 1188 2560 1252 Ex
2610 1188 2808 1253 Italia
2858 1189 2971 1253 alii
3021 1190 3334 1268 scribunt,
3380 1191 3856 1278 Lotharinyium
3901 1216 3941 1259 a
3984 1195 4224 1277 princi—

2283 1272 2401 1339 bus
2436 1272 2668 1340 Italiae
2702 1276 2966 1356 petiisse
3009 1275 3256 1341 auxilia
3297 1285 3525 1342 contra
3558 1278 4009 1363 Hugonothos.
4087 1281 4226 1346 Alii

2281 1359 2468 1424 aiunt
2523 1362 2913 1442 promissam
2973 1361 3091 1427 illi·
3127 1382 3271 1427 esse
3336 1373 3581 1429 certam
3640 1365 3999 1448 pecuniam.
4087 1367 4223 1432 Alii

2281 1453 2545 1529 negant,
2590 1446 2760 1529 quod
2803 1455 3106 1513 metuant
3136 1447 3479 1516 'Purcicam
3524 1449 3817 1516 classem.
3887 1452 4021 1517 Alii
4063 1453 4224 1518 scri-

2283 1532 2452 1596 bunt
2490 1532 2695 1597 ictum
2738 1532 2964 1599 foedus
3006 1533 3332 1600 Brusillae
3374 1554 3510 1599 non
3552 1537 3777 1618 procul
3819 1557 3860 1601 3
3901 1537 4221 1617 Bononia,

2282 1617 2393 1682 ubi
2429 1618 2876 1698 convenerint,
2921 1627 2988 1683 et
3020 1620 3301 1685 foederis
3335 1620 3793 1703 imperatorem
3817 1643 3957 1688 esse
3982 1622 4221 1690 Sabou-

2280 1702 2427 1768 diae
2460 1705 2841 1788 principem,
2865 1705 2978 1788 qui
3014 1706 3344 1771 communi
3378 1707 3644 1772 nomine
3680 1709 3898 1775 iussus
3932 1709 4018 1774 sit
4050 1712 4223 1777 iusto

2280 1790 2571 1854 exercitu
2618 1789 2904 1875 aggredi,
2967 1790 3232 1857 dubium
3287 1814 3375 1857 an
3419 1791 3763 1859 Genevam
3807 1796 4088 1876 primum
4134 1816 4222 1860 an

2277 1873 2707 1957 Lugdunum.
2790 1875 2882 1942 Et
2938 1876 3099 1942 haec
3156 1880 3374 1943 omnia
3430 1880 3573 1944 fieri
3631 1880 3932 1963 auspiciis
3990 1880 4222 1946 Letha-

2275 1961 2493 2043 rinyii.
2564 1961 2764 2027 Oerta
2806 1971 3027 2028 tamen
3085 1983 3217 2028 non
3273 1964 3481 2029 refero
3524 1964 3662 2042 tibi,
3721 1966 3938 2044 frater,
3985 1964 4100 2031 sed
4145 1988 4223 2032 ea

2277 2051 2536 2111 tantum
2579 2068 2746 2131 quae
2790 2069 2872 2113 ex
2918 2050 3271 2115 amicorum
3314 2049 3520 2116 literis
3564 2070 3646 2114 ex
3681 2050 3968 2117 Rhaetia
4000 2052 4222 2118 missis

2277 2130 2597 2198 intellexi.
2705 2134 2890 2201 Haec
2953 2134 3174 2218 itaque
3238 2134 3358 2200 tibi
3423 2143 3498 2200 ut
3558 2136 3928 2202 rumoribus
3992 2159 4222 2221 sparsa

2275 2217 2509 2284 scribo.
2580 2218 2750 2285 Vale
2794 2227 3151 2299 aeternum,
3213 2241 3344 2286 una
3385 2242 3536 2288 cum
3581 2223 3966 2307 symmystis
4009 2225 4215 2288 omni-

2275 2303 2415 2369 bus.
2490 2301 2741 2371 Omnes
2801 2316 3203 2392 symmystae
3267 2315 3335 2372 te
3399 2307 3696 2374 salutant
3749 2308 4219 2374 humanissime

2274 2409 2421 2454 cum
2482 2391 2781 2458 omnibus
2839 2393 2986 2457 tuis.
3058 2392 3387 2459 Dominus
3442 2404 3661 2460 servet
3703 2415 3819 2460 vos
3864 2396 4217 2462 incolumes

2276 2475 2357 2541 ab
2402 2477 2584 2541 omni
2625 2478 2818 2543 malo.
2890 2478 3118 2563 Tiguri
3163 2481 3222 2544 8.
3270 2478 3498 2546 Martii
3550 2484 3730 2546 1563.

3402 2633 3831 2719 Bullingerus
3873 2643 4044 2702 tuus.

2448 2835 2586 2902 Oro
2641 2858 2761 2903 vos
2815 2858 3013 2921 quam
3070 2840 3356 2905 maxime
3414 2840 3655 2906 curetis
3718 2861 3802 2904 ne
3868 2840 4028 2906 haec
4084 2840 4213 2906 duo

2275 2923 2582 3006 exempla
2624 2944 2664 2988 a
2708 2921 3138 2990 Froschowero
3191 2926 3259 2991 in
3305 2925 3502 2991 ullius
3545 2946 3782 2991 manus
3826 2926 4215 3010 perveniant

2274 3009 2389 3092 qui
2432 3011 2607 3093 typis
2649 3008 2888 3076 recuda
2950 3016 3145 3093 atque
3182 3011 3276 3075 ita
3308 3010 3619 3077 damnum
3655 3010 3782 3077 det.
3850 3012 3995 3077 Iam
4037 3031 4213 3078 nunc

2272 3093 2573 3178 prodiere
2635 3095 2924 3163 recentia
2981 3118 3064 3161 ex
3127 3096 3579 3182 typographia.
3651 3097 3806 3163 Mea
3858 3098 4044 3163 vobis
4097 3118 4212 3163 ex-

2272 3181 2487 3330 enlipla
2549 3182 2771 3249 mitto:
2847 3181 3012 3249 nulli
3076 3181 3360 3249 dedisset
3422 3182 3553 3248 alii.
3643 3183 4011 3263 Festinavi‚
4081 3203 4211 3248 non

2271 3287 2344 3333 re
2368 3288 2491 3351 egi.

3145 3830 3331 3901 3214.

2659 3967 3297 4072 ioNmeAEus
3343 4002 3813 4070 woLPmO.

2442 4175 3255 4244 Libeuimmuomissiet
3309 4175 3562 4243 libenter
3614 4176 3861 4257 eoeoepti.
3955 4174 4209 4241 Gallica

2256 4281 2381 4346 per
2419 4261 2750 4328 Calvinum
2792 4262 3169 4329 scribuntur,

2262 4450 2619 4521 (Excerptum
2667 4465 2735 4504 ex
2780 4449 3131 4574 autogr-epar
3151 4449 3445 4584 {iRLBfgv'
3478 4449 3653 4503 Turis.
3690 4449 3755 4503 F.
3783 4447 3853 4501 39
3899 4449 4028 4502 olim
4065 4449 4206 4519 Epp.

2436 4690 2700 4755 Eximio
2744 4690 2883 4757 viro
2918 4691 3002 4756 D.
3040 4689 3276 4755 Ioanni
3311 4689 3623 4774 Wolphio
3667 4688 3976 4756 ecclesiae
4003 4690 4204 4774 'Pigu-

2264 4775 2452 4842 rinae
2492 4775 2626 4840 fido
2665 4776 2910 4860 pastori
2954 4774 3117 4841 mihi
3162 4775 3521 4860 plurimum
3565 4775 3989 4843 observando.

3782 4862 4030 4947 'rig-uri.

2468 5186 2505 5241 8
2560 5117 3004 5243 §oeffisimleri
3038 5188 3340 5256 Responsio
3385 5187 3456 5240 ad
3500 5188 3819 5242 maledicum
3855 5183 3916 5239 F.
3954 5184 4202 5239 Stancari

2261 5255 2462 5310 librum
2496 5256 2620 5309 adv.
2637 5257 2770 5313 eccl.
2807 5256 2873 5310 Τ·
2911 5258 3219 5313 .ministros
3254 5256 3323 5310 de
3360 5256 3629 5311 Trinitste
3662 5262 3720 5311 et
3737 5254 4037 5309 Mediatoro
4072 5253 4119 5311 1.
4138 5252 4201 5308 C.

2263 5324 2384 5395 Τίς.
2418 5325 2645 5381 Frosch.
2686 5323 2838 5381 1563.
2855 5274 2924 5379 Ιξ.
