4850 6117
256 357 381 420 633

429 539 502 607 S.
568 540 673 607 Ne
713 540 887 608 forte
926 541 1327 625 interceptae
1370 540 1506 607 sint
1547 540 1777 608 literae
1810 560 1971 624 quas
2013 540 2099 607 ad
2141 547 2208 610 te

253 626 364 694 his
407 627 651 712 viginn’
685 626 915 695 diebus
956 634 1180 693 ternas
1212 625 1264 712 ¹)
1308 625 1477 708 dedi,
1518 635 1749 693 nactus
1783 625 1962 694 hunc
2005 625 2207 693 tabel-

253 713 520 793 larium,
583 713 744 780 satis
787 720 863 778 ut
917 713 1150 796 opinor
1204 711 1529 792 idoneum,
1587 712 1770 779 nolui
1811 712 2024 779 officio
2067 732 2209 779 meo

254 798 503 866 deesse.
588 798 817 883 Neque
881 798 1061 864 enim
1125 797 1348 865 dubito
1411 799 1569 882 quin
1636 798 1759 865 hoc
1820 798 2209 880 praesertim

252 892 554 970 tempore
587 884 903 971 langueas
921 904 1220 950 mearum
1253 884 1594 950 literarum
1617 883 1954 950 desiderio.
2012 884 2209 950 Mitto

251 972 467 1057 igitur
521 971 768 1037 iterum
825 977 942 1036 aut
997 970 1268 1036 tertium
1311 970 1548 1054 potius,
1604 968 1933 1054 duplicem
1987 991 2207 1036 rerum

252 1065 641 1125 nostrarum
682 1055 1205 1142 descriptionem,
1260 1075 1538 1139 quarum
1580 1056 1904 1141 posterior
1946 1062 2048 1121 est
2090 1056 2209 1122 ali-

253 1150 509 1227 quanto
565 1139 972 1210 emendatior
1027 1161 1106 1209 ea
1159 1161 1354 1224 quam
1412 1162 1602 1226 spero
1658 1149 1725 1207 te
1781 1148 1974 1209 antea
2029 1161 2209 1209 acce-

250 1230 508 1382 gzsesgt'u
533 1228 1060 1382 qffitoffi
1104 1227 1232 1379 fg?
1257 1227 1635 1381 effisofflo
1651 1228 1969 1379 ni‹›nm1na'¹;am
1987 1228 2210 1381 slantilig

250 1421 384 1486 pro
417 1406 597 1467 certo
633 1400 894 1470 rescire.
951 1399 1176 1499 Angli,
1215 1410 1288 1464 ut
1323 1420 1532 1484 spero,
1568 1398 1834 1466 tandem
1862 1398 2209 1484 aliquando

253 1507 330 1554 se
400 1486 917 1554 commovebunt.
1008 1485 1269 1569 Dieppa
1330 1488 1464 1552 iam
1516 1484 1597 1550 ab
1651 1486 1746 1551 eis
1802 1493 2131 1571 occupata.
2151 1489 2208 1563 2)

255 1572 650 1639 Navarrena
712 1571 970 1638 fortiter
1026 1573 1260 1657 pergit.
1346 1571 1635 1655 Rupella
1695 1578 1962 1657 recepta
2025 1578 2125 1638 est
2149 1574 2207 1649 ⁸)

255 1660 406 1727 eius
463 1658 674 1743 ipsius
728 1677 924 1740 opera
983 1657 1096 1741 qui
1150 1676 1296 1724 eam
1349 1657 1525 1724 hosti
1567 1655 1942 1724 tradiderat.
2011 1657 2209 1724 Prin—

254 1765 414 1830 ceps
442 1743 500 1830 ⁴)
544 1744 676 1810 Dei
716 1743 1034 1810 beneficio
1067 1742 1248 1808 valet
1292 1751 1360 1810 et
1400 1745 1619 1809 animo
1654 1752 1722 1810 et
1763 1765 2049 1829 corpore,
2094 1744 2211 1810 sed

254 1830 633 1897 arctissima
673 1827 967 1896 custodia
1010 1839 1287 1895 tenetur.
1357 1828 1800 1897 Ferrariensis
1825 1832 1881 1913 ⁶)
1926 1828 2008 1895 de
2048 1849 2209 1913 pace

256 1918 401 2003 agit
453 1927 523 1982 et
586 1936 779 2000 spero
835 1916 1011 1980 intra
1061 1935 1303 1998 paucos
1366 1915 1505 1982 dies
1570 1914 1712 1980 fore
1767 1922 1843 1981 ut
1908 1936 2209 1998 proceres

254 2004 577 2085 utrinque
619 2001 1032 2069 conveniant.
1120 2000 1375 2068 Verum
1428 1999 1584 2084 quid
1638 2021 1904 2084 sperare
1960 2002 2209 2085 possim

254 2110 396 2156 non
419 2086 634 2154 video.
695 2086 945 2171 Reyina
978 2086 1124 2152 heri
1148 2085 1524 2154 Gonestabili
1548 2087 1947 2170 significavit
1966 2087 2209 2153 Adres-

253 2193 492 2241 samcm
549 2194 704 2240 cum
748 2171 1083 2239 Nomorsio
1136 2174 1531 2257 transegisse
1561 2176 1614 2251 ο)
1658 2171 1740 2237 de
1779 2172 2210 2256 Delphinam,

256 2271 459 2344 atque
516 2261 716 2325 etiam
757 2256 1121 2325 Gursolium
1177 2266 1442 2344 captum
1501 2258 1583 2323 ad
1637 2278 1791 2324 eum
1843 2257 2209 2338 adduxisse,

256 2347 437 2430 quod
481 2345 670 2411 nobis
727 2343 1022 2410 nondum
1065 2344 1529 2428 persuasimus.
1619 2343 1950 2428 Cuperem
1992 2345 2211 2410 vobis-

255 2453 415 2584 «ἔξω
458 2451 603 2497 esse
636 2429 978 2580 quibililsvis
1018 2428 1519 2582 conditigantilbus,
1565 2430 1849 2580 sidsalva
1879 2431 2212 2582 ‘consciettiig

550 2536 1264 2583 eminocrerums
1446 2515 1877 2594 disceere,e
1950 2536 2125 2583 sisa

257 2612 491 2672 tntum
546 2604 673 2669 iter
721 2610 912 2668 esset.
998 2600 1135 2669 Sed
1190 2611 1269 2668 ut
1321 2624 1499 2670 nunc
1550 2622 1657 2668 res
1711 2609 1869 2669 sunt
1927 2602 2009 2668 de
2063 2623 2211 2686 per-

258 2690 640 2757 severantia
679 2697 746 2753 et
788 2687 1125 2771 quibusvis
1179 2688 1326 2754 aliis
1376 2688 1575 2754 rebus
1632 2688 1849 2770 potius
1881 2707 2087 2772 quam
2132 2686 2214 2754 de

259 2775 559 2842 discessu
592 2774 760 2839 mihi
801 2771 1222 2859 cogitandum
1256 2781 1434 2857 pute.
1505 2772 1773 2839 Nullam
1818 2773 1902 2838 ad
1943 2781 2009 2840 te
2053 2774 2214 2840 scri-

259 2860 467 2930 bendi
539 2860 940 2927 occasionem
1018 2861 1540 2943 praetermittam
1555 2911 1571 2940 ‚
1652 2858 1765 2925 sed
1829 2879 2067 2925 vereor
2128 2865 2255 2926 ne'

259 2949 536 3026 frustra,
593 2945 665 3012 in
724 2952 914 3010 tanta
969 2946 1282 3011 itinerum
1339 2945 1738 3012 difficultate.
1817 2945 2002 3012 Bene
2042 2945 2212 3023 vale,

259 3035 356 3100 mi
391 3043 604 3119 pater,
649 3039 718 3098 et
750 3052 856 3096 me
895 3032 953 3097 si
986 3052 1278 3114 unquam
1313 3031 1474 3098 alias
1496 3031 1783 3098 Domino
1816 3030 2213 3099 commenda.

260 3120 601 3187 Dominus
664 3118 856 3184 Iesus
919 3124 986 3183 te
1060 3117 1458 3183 incolumem
1522 3137 1671 3185 cum
1738 3125 1878 3183 tota
1948 3116 2216 3184 civitate

261 3213 541 3273 tueatur
597 3210 666 3272 et
721 3210 1076 3270 conservet.
1166 3204 1626 3288 Ammissimos
1679 3202 1974 3269 dominos
2023 3203 2216 3269 item-

262 3312 398 3376 que
464 3292 747 3378 collegas
789 3297 859 3355 et
899 3290 1141 3357 amicos
1182 3309 1408 3357 omnes
1450 3288 1642 3356 iubeo
1684 3289 2045 3373 plurimum
2088 3289 2215 3355 sal-

263 3398 449 3445 vere.
530 3374 842 3444 Aureliae
890 3378 986 3440 12.
1032 3375 1346 3441 Ianuarii.

1629 3513 1810 3579 Tuus
1851 3512 2044 3579 Beza.

448 3721 789 3788 Monsieur
842 3719 918 3784 de
964 3716 1181 3783 Sainct
1229 3717 1519 3783 Germier
1542 3721 1603 3795 ⁷)
1658 3726 1763 3784 est
1814 3723 1987 3784 mort
2044 3717 2219 3783 deux

267 3808 459 3873 iours
521 3827 713 3891 apres
775 3805 841 3869 la
903 3802 1167 3870 bataille
1222 3822 1474 3870 comme
1537 3804 1601 3869 ie
1644 3823 1808 3870 vous
1863 3823 1950 3889 ay
2004 3804 2217 3871 escrit.

265 3892 464 3959 Nous
497 3898 775 3979 n’oyons
808 3890 1021 3957 nulles
1053 3887 1390 3956 nouvelles
1424 3888 1506 3955 de
1527 3889 1887 3956 Messieurs
1919 3891 1996 3956 de
2018 3888 2221 3956 chan-

263 4182 532 4252 88921)
576 4183 751 4240 Unam
784 4186 1000 4238 taam
1041 4183 1298 4239 habmus
1339 4182 1493 4238 itura
1543 4181 1742 4249 viam&
1773 4180 1890 4238 dies
1921 4188 2050 4238 ante
2083 4181 2227 4239 hano

264 4258 628 4464 Zptffiiss‘
660 4318 1019 4446 ξόανὴπέςέ
1041 4318 1164 4458 ραι.
1199 4319 1306 4376 eoo
1337 4322 1668 4390 appulerunt
1708 4319 1844 4376 am
1878 4320 1956 4375 D.
1994 4319 2223 4377 Domo-

478 4458 538 4526 3)

574 4458 632 4515 R
689 4528 778 4584 ,m
808 4458 1641 4597 (mssbfflfffflssm
1673 4464 1838 4529 001²&
1867 4458 1995 4527 fuit,
2030 4458 2226 4515 “1⁶⁸⁶

379 4737 393 4750 ο
478 4599 546 4729 ἐξ
581 4633 1031 4721 &Cordi-alm
1066 4662 1491 4736 depaceaqere
1524 4665 1674 4732 dicit,
1707 4665 1963 4747 fallitur.-
1997 4667 2220 4748 iseum

261 4741 458 4808 pom
500 4734 691 4791 ὀάῐκιι
734 4739 972 4789 urserat.
1046 4731 1327 4816 Quaeram
1370 4742 1501 4790 tunc
1544 4734 1796 4791 Tndentz
1840 4741 1960 4791 erat
1998 4735 2094 4790 ub·
2128 4734 2219 4790 Id.

264 4806 520 4945 goim.
562 4820 660 4928 ln.
693 4810 916 4940 &opv-
955 4888 1044 4926 am
1066 4803 1350 4928 &rm
1355 4802 1911 4956 2182&aeaech
1942 4873 2095 4943 loqui
2114 4810 2220 4928 ‘xd-

266 4946 357 5001 bn
401 4957 562 5013 acore
599 4940 1012 5011 persuademus,
1057 4957 1209 5011 quem
1254 4948 1384 4997 tunc
1417 4958 1480 4996 m
1519 4940 1707 4998 Gallia
1745 4942 1920 5010 suesce
1950 4956 2063 4999 aon
2096 4957 2220 4999 con·

268 5018 400 5070 stat.
479 5009 618 5066 Vide
651 5026 727 5065 an
763 5009 829 5064 de
862 5008 1045 5066 Dum-8
1368 5026 1413 5065 r.

271 5151 402 5206 1⁰⁸⁸.
1252 5093 1336 5134 ου.
1371 5084 1424 5134 et
1456 5079 1591 5136 Dee.
1664 5078 1773 5136 Sed
1807 5098 1859 5136 a.
1896 5080 1948 5136 d.
1982 5081 2093 5136 IV.
2128 5080 2219 5137 1d.

265 4534 462 4588 vinea

1044 5025 1109 5064 sa

479 5078 540 5148 6)
573 5079 696 5134 Hoc
734 5077 945 5146 factum
990 5082 1069 5135 est
1099 5094 1168 5133 m.

438 5164 476 5204 a
510 5147 587 5201 D.
624 5148 691 5203 de
726 5147 1007 5203 Mauram
1039 5152 1233 5217 eaptus
1265 5153 1345 5204 est
1375 5154 1440 5204 ut
1469 5147 1722 5219 proditor
1756 5150 1930 5216 (Hist.
1967 5150 2091 5207 cccl.
2123 5150 2219 5206 ΠΙ.

267 5219 395 5274 290.
427 5215 549 5274 306.
585 5216 842 5276 Anaua.
873 5216 916 5270 1.
954 5216 1055 5272 163
1088 5219 1227 5288 sqq.)

480 5284 537 5355 7)
571 5284 723 5343 Hice.
754 5285 874 5342 eccl.
907 5286 978 5342 11.
1011 5285 1132 5342 242.

1974 355 2136 419 1563
2178 351 2557 421 IANUAR.

4128 358 4251 423 634

2309 540 2462 608 dieu
2518 562 2612 627 ny
2654 541 2731 608 de
2772 540 3044 627 Royuao,
3101 542 3214 626 qui
3265 561 3435 608 nous
3488 543 3646 609 faict
3700 543 4004 610 conclure
4061 542 4252 628 qu’ils

2310 635 2549 711 soyent
2589 626 2871 710 plustost
2909 633 3119 695 morte
3160 627 3685 712 qu’aultrement.
3714 633 3766 706 ⁸)
3851 628 4108 696 Malim·
4148 636 4250 697 est

2307 720 2616 779 retourne
2659 712 2741 779 de
2780 713 3026 797 prison.

2479 799 2820 865 Monsieur
2862 800 2939 865 de
2961 798 3374 879 Normandie,
3416 801 3480 866 ie
3522 800 3666 885 pris
3694 800 3867 866 Dieu
3907 801 4064 884 qu'il
4105 822 4177 868 so

2309 903 2471 952 avec
2513 905 2695 952 vous.
2769 884 2831 951 Il
2886 885 3040 952 s'est
3100 894 3330 951 trouve
3372 907 3502 952 une
3544 884 3793 970 grande
3835 885 4128 970 quantit&
4214 910 4252 954 e

2307 990 2434 1035 voz
2497 971 2699 1037 livres
2750 992 2835 1036 en
2900 981 3074 1039 ceste
3131 971 3305 1052 ville,
3367 973 3561 1054 qu’on
3613 978 3743 1037 m’a
3798 970 3932 1040 dict
3972 995 4020 1057 y
4063 974 4281 1039 avoir·

2309 1063 2446 1122 este
2513 1056 2709 1123 laisse
2771 1076 2892 1140 par
2950 1077 3045 1122 un
3112 1064 3373 1123 nomme
3416 1055 3799 1124 Bemardin.
3884 1057 3945 1124 11
3995 1081 4040 1145 y
4082 1079 4167 1125 en
4211 1081 4252 1125 a

2308 1140 2640 1226 beaucoup
2684 1140 2765 1208 de
2809 1149 3028 1228 gastez
3080 1159 3148 1209 et
3196 1143 3252 1208 si
3293 1163 3457 1210 vous
3500 1143 3811 1211 n’eussiez
3853 1164 3937 1210 eu
3989 1146 4094 1230 icy
4137 1143 4252 1210 des

2310 1248 2499 1314 amys
2536 1227 2600 1294 le
2642 1234 2815 1294 reste
2857 1227 3055 1295 estoit
3097 1227 3247 1296 vole
3289 1236 3435 1294 tant
3484 1228 3535 1293 il
3576 1252 3622 1314 y
3664 1230 3844 1297 avoit
3882 1229 4013 1296 mal
4056 1250 4252 1314 pour-

2309 1333 2459 1380 veu.
2525 1315 2750 1381 Encor
2784 1337 2831 1399 y
2864 1314 3137 1399 perdrez
3176 1334 3357 1394 vous,
3401 1315 3570 1381 mais
3611 1315 3743 1381 i'en
3784 1315 3969 1402 feray
4003 1335 4252 1383 comme

2308 1419 2479 1483 pour
2519 1421 2678 1486 moy
2721 1417 3021 1468 mesmes.

3090 1695 3493 1705 ——u-—u——-—

3184 1946 3391 2018 3898.

2309 2104 2435 2171 nn
2473 2087 2779 2170 SENA‘r
2812 2103 2940 2205 ns
2963 2085 3349 2170 GENEVE
3384 2100 3585 2170 on
3606 2098 4255 2169 ooNsEmLssss

2722 2205 2841 2272 ΕΤ
2884 2203 3360 2274 Eonnvms
3404 2203 3532 2271 DE
3577 2203 3859 2272 LYON.

2491 2378 2936 2463 Prolonyation
2977 2377 3274 2459 indefinie
3313 2376 3405 2442 du
3444 2376 3634 2461 con-116
3675 2376 3752 2442 de
3810 2376 4002 2443 Viret.

2318 2550 2608 2618 (Archives
2660 2551 2729 2605 de
2782 2547 3022 2605 Geneve.
3095 2549 3316 2673 Mitti-les
3333 2548 3449 2685 Ἂᾶς
3515 2549 3571 2603 la
3622 2546 3955 2617 Seigneurie.
4023 2548 4259 2605 Bulletin

2487 2791 2552 2857 Ν
2553 2790 2736 2858 obles
2800 2800 2866 2857 et
2931 2789 3214 2856 honorez
3272 2787 3646 2873 Seigneurs,
3718 2789 3880 2855 bons
3942 2809 4134 2876 amys
4193 2799 4261 2857 et

2318 2879 2587 2964 voysins
2631 2878 2815 2943 aians
2858 2896 3050 2943 receu
3092 2894 3213 2942 voz
3256 2875 3486 2941 lettres
3549 2896 3671 2959 par
3711 2873 4055 2958 lesquelles
4095 2896 4261 2944 vous

2317 2984 2484 3030 nous
2548 2963 2724 3047 priez
2791 2959 2871 3027 de
2934 2970 3298 3045 permectre
3363 2968 3428 3026 et
3484 2960 3789 3028 accorder
3849 2982 3977 3044 que
4040 2969 4263 3029 nostre

2318 3051 2450 3117 bon
2515 3060 2583 3115 et
2643 3048 2819 3133 loyal
2884 3049 3183 3114 ministre
3247 3057 3314 3113 et
3371 3053 3658 3132 pasteur,
3723 3048 3992 3114 maistre
4033 3047 4264 3114 Pierre

2335 3136 2525 3216 νίν-ετ,
2584 3132 2892 3201 domeure
2946 3153 3030 3199 en
3095 3140 3319 3200 vostre
3359 3132 3535 3211 ville,
3600 3142 3850 3201 c'omme
3915 3140 4132 3200 estant
4173 3132 4264 3200 du

2320 3229 2467 3288 tout
2510 3219 2730 3287 desdie
2773 3227 2839 3287 et
2882 3227 3131 3285 arreste
3170 3239 3340 3303 pour
3395 3220 3605 3286 servir
3661 3240 3703 3287 a
3759 3225 3978 3286 vostre
4016 3219 4263 3305 Eglise,

2319 3328 2485 3374 nous
2563 3326 2770 3374 avons
2833 3305 3331 3390 communioque
3392 3312 3613 3373 vostre
3675 3312 3978 3389 requeste
4039 3325 4082 3371 a
4141 3327 4264 3372 noa

2319 3394 2653 3461 ministres
2694 3399 2763 3459 et
2802 3398 3133 3476 pasteurs:
3193 3412 3307 3459 car
3356 3412 3522 3459 nous
3562 3390 3839 3458 n’avons
3895 3411 4014 3475 pas
4055 3391 4263 3459 voulu

2318 3500 2584 3563 rompre
2625 3477 2862 3545 l’ordre
2903 3477 3018 3561 qui
3059 3477 3238 3544 doibt
3294 3484 3466 3544 estre
3529 3476 3802 3544 observe
3864 3496 3950 3543 en
3990 3476 4263 3562 l’Eglise

2321 3565 2403 3632 de
2446 3566 2639 3632 Dieu.
2726 3564 2822 3631 Et
2860 3563 2943 3630 de
2984 3563 3140 3631 faict
3181 3584 3254 3631 ce
3297 3563 3499 3630 seroit
3552 3562 3913 3630 introduire
3967 3564 4263 3630 mauvais

2320 3651 2653 3735 exemples
2729 3649 2810 3717 de
2874 3670 3017 3716 rom
3064 3670 3138 3715 re
3202 3650 3299 3715 les
3362 3649 3672 3715 electione
3738 3647 3853 3713 des
3930 3650 4263 3715 ministres
4316 3713 4323 3718 .

2322 3737 2487 3804 dont
2526 3737 2575 3802 il
2627 3757 2711 3802 ne
2768 3757 2838 3803 se
2896 3755 2980 3819 pe
3054 3744 3085 3800 t
3138 3755 3221 3800 en
3273 3735 3495 3801 suivre
3550 3754 3675 3819 que
3730 3733 4084 3801 confusion.
4171 3734 4264 3800 Et

2321 3823 2538 3890 oultre
2601 3843 2675 3890 ce
2718 3843 2844 3906 quc
2885 3821 2952 3887 la
2994 3821 3191 3889 chosc
3235 3821 3434 3887 sercit
3488 3818 3569 3886 de
3625 3818 3985 3887 maulvaise
4037 3841 4263 3887 conse-

2322 3929 2571 3995 quence
2611 3909 2761 3993 puis
2801 3929 2927 4009 que
2971 3908 3145 3974 Dieu
3188 3927 3351 3973 nous
3393 3927 3434 3972 a
3474 3906 3628 3974 faict
3668 3905 3735 3972 la
3776 3927 3971 3991 grace
4014 3903 4264 3974 d’avoir

2323 4016 2462 4148 gldtg
2484 4003 2687 4147 lgeetialt
2698 4007 3242 4164 effimgffigampffiz
3286 3992 3673 4164 {regg-enge
3685 3991 4263 4161 qdlxoenliepfleffiitdu}

2323 4188 2409 4233 ne
2453 4167 2728 4235 voulons
2770 4187 2890 4250 pas
2931 4165 3063 4230 mal
3118 4184 3528 4232 commencer
3580 4186 3744 4249 pour
3788 4163 4039 4230 donner
4080 4183 4260 4230 occa-

2323 4254 2470 4321 sion
2513 4252 2592 4319 de
2626 4273 2795 4318 nous
2837 4272 3187 4335 ensuyvre.
3247 4249 3347 4318 Or
3387 4251 3457 4317 la
3499 4250 3724 4317 dessus
3766 4271 3885 4315 noz
3929 4250 4262 4316 ministres

2325 4361 2495 4406 nous
2538 4347 2658 4405 ont
2697 4335 3046 4422 respondu‚
3107 4337 3402 4404 combien
3455 4336 3629 4420 quilz
3672 4345 4089 4402 trouvassent
4128 4355 4262 4400 une

2324 4424 2480 4492 telle
2565 4423 2875 4492 rocedure
2925 4429 3231 4509 estrange
3287 4431 3354 4489 et
3405 4421 3684 4489 d’aultre
3725 4429 3877 4506 part
3918 4420 4075 4506 qu'il
4118 4421 4264 4488 leur

2324 4512 2480 4578 faict
2520 4446 2690 4578 zien
2746 4509 2877 4576 mal
2935 4509 3174 4576 d'estre
3227 4511 3448 4594 privez
3501 4507 3582 4575 de
3624 4508 3693 4575 la
3732 4507 4138 4592 compaignie
4181 4506 4263 4575 de

2321 4596 2468 4664 leur
2506 4598 2680 4663 frere
2721 4608 2790 4662 et
2829 4597 3265 4681 compaignon
3318 4597 3428 4679 qui
3486 4615 3526 4660 a
3580 4594 3918 4660 tellement
3972 4615 4166 4679 servy
4222 4600 4266 4659 a

2321 4683 2498 4749 Dieu
2563 4703 2722 4749 avec
2778 4682 2934 4748 eulx
2991 4689 3060 4748 et
3100 4681 3339 4766 duquel
3392 4681 3476 4746 ilz
3521 4679 3873 4748 actendent
3912 4700 4179 4746 encores
4223 4685 4265 4744 a

2320 4769 2643 4835 l’advenir
2706 4775 2906 4855 grant
2969 4768 3440 4853 soulagement,
3506 4766 3843 4832 toutesfois
3904 4765 4100 4850 qu'ilz
4177 4786 4263 4831 ne

2318 4854 2735 4922 vculdroient
2767 4854 3149 4938 empescher
3181 4853 3244 4919 le
3277 4852 3428 4920 bien
3467 4872 3820 4937 commung
3839 4849 3919 4918 de
3940 4851 4007 4917 la
4023 4850 4263 4918 Ohres-

2319 4942 2543 5020 tiente,
2653 4938 2828 5007 uand
2892 4939 2939 5005 il
3006 4961 3154 5007 sera
3218 4960 3481 5024 congnu
3545 4960 3672 5023 que
3736 4938 3934 5005 ledict
3997 4937 4264 5003 maistre

2318 5028 2549 5095 Pierre
2653 5027 2773 5093 iret
2803 5028 3022 5111 puisse
3056 5026 3205 5109 plus
3239 5024 3568 5092 advancer
3600 5025 3663 5090 le
3697 5045 3898 5110 regne
3934 5023 4013 5088 de
4045 5026 4263 5087 nostre

2523 5287 2584 5355 8)
2616 5300 2810 5343 revera
2840 5288 3139 5356 perierant.
