4850 6117
617 409 749 471 48⁷

798 594 1179 663 Clarissimo
1245 594 1393 663 viro
1428 596 1514 662 D.
1557 593 1800 660 Ioanni
1841 592 2125 661 Calvino
2170 591 2580 659 Genevensis

613 680 937 750 eeclesiae
979 681 1281 748 ministro
1325 681 1590 747 domino
1653 689 1722 746 et
1776 681 1968 746 fratri
2026 699 2145 746 880
2199 675 2474 744 001011ᾱο
2516 687 2583 743 01

625 767 1070 835 11110011881180.

2187 849 2407 918 Genff.

800 1022 873 1092 S.
919 1023 1005 1089 D.
1095 1025 1361 1092 Literas
1403 1031 1571 1103 tuas,
1632 1022 2011 1091 honorande
2055 1031 2123 1089 et
2166 1022 2584 1089 dilectissime

621 1110 848 1190 frater,
883 1115 943 1177 6.
967 1110 1123 1177 Iulii
1148 1110 1334 1178 datas
1357 1110 1411 1199 ¹)
1444 1118 1702 1177 mature
1736 1111 1971 1193 accepi,
2010 1129 2085 1174 ac
2117 1107 2367 1174 indolui
2401 1116 2586 1173 tanto

625 1205 759 1263 tem
849 1217 923 1262 re
979 1198 1050 1262 in
1102 1219 1352 1265 vanum
1413 1196 1778 1263 exsultasse
1844 1196 2006 1279 pios,
2074 1215 2276 1277 quum
2335 1214 2456 1278 per
2517 1202 2586 1259 te

621 1282 769 1348 inte
827 1284 931 1367 ‘go
973 1304 1152 1349 vana
1193 1304 1337 1351 esse
1390 1303 1555 1366 quae
1619 1302 1739 1366 pro
1782 1281 2318 1364 compertissimis
2361 1280 2588 1345 habita

625 1377 786 1435 sunt
818 1367 901 1434 de
943 1370 1224 1436 victoria
1255 1368 1611 1436 Condemis.
1629 1371 1690 1445 ²)
1747 1367 2008 1433 Rursus
2052 1386 2137 1431 ex
2180 1387 2256 1432 eo
2299 1365 2588 1433 consola-

629 1453 831 1520 tionis
867 1454 1117 1538 aliquid
1152 1455 1369 1538 accepi
1404 1452 1576 1538 quod
1627 1472 1747 1537 pro
1781 1462 1960 1519 certo
1994 1454 2270 1517 nuncias
2306 1473 2342 1517 0
2376 1451 2588 1517 1110118

626 1539 1074 1606 Illustrissimi
1138 1541 1466 1624 Principis
1532 1538 1615 1604 ad
1671 1538 2156 1622 Lugdunenses
2231 1538 2512 1621 scriptis,
2528 1537 2587 1621 ⁸)

792 1647 858 1690 m
918 1629 1050 1691 iam
1109 1627 1273 1692 forte
1327 1647 1468 1692 esse
1529 1625 1973 1709 compositam.
2059 1624 2332 1691 Utinam
2378 1645 2459 1690 ea
2500 1623 2589 1690 sit

591 1764 596 1777 ,
627 1712 742 1796 pia
783 1712 1037 1777 stabilis
1082 1720 1152 1777 et
1190 1712 1377 1777 iusta.

805 1796 1028 1878 Quum
1085 1805 1304 1862 autem
1364 1796 1487 1863 has
1531 1797 1745 1863 scribo
1787 1800 2379 1862 commonstrantur
2420 1795 2587 1861 mihi

629 1881 864 1948 literae
908 1883 1141 1948 allatae
1185 1904 1268 1948 ex
1313 1883 1545 1949 castris
1578 1883 2041 1948 Helvetiorum
2085 1883 2198 1965 qui
2241 1880 2362 1946 sub
2388 1880 2585 1947 Froe-

631 1968 824 2035 lichia
873 1968 1183 2049 militant,
1250 1990 1337 2034 ex
1398 1969 1632 2052 quibus
1671 1967 1987 2052 intelligo,
2046 1966 2192 2033 dolo
2235 1966 2410 2032 malo
2455 1965 2585 2034 dis-

625 2055 902 2121 cessisse
928 2053 1243 2137 Guysium
1283 2062 1352 2119 et
1388 2053 1837 2138 praetendisse
1869 2074 2117 2138 pacem,
2160 2074 2360 2136 quum
2404 2051 2584 2118 aliud

628 2149 902 2205 conatus
958 2142 1045 2205 sit
1101 2140 1396 2207 efficere:
1462 2140 1750 2223 adeoque
1790 2138 2131 2205 Helvetios
2182 2141 2402 2206 vocari
2443 2139 2583 2204 Lu-

623 2225 876 2304 tetiam,
924 2224 1350 2310 mandarique
1383 2236 1460 2292 ut
1491 2226 1822 2292 festinent.
1889 2224 2078 2306 Quae
2112 2225 2170 2291 si
2212 2245 2372 2291 vera
2404 2232 2581 2304 sunt,

619 2318 705 2375 nt
746 2321 987 2385 metuo,
1035 2312 1394 2377 Dominum
1438 2333 1553 2377 oro
1596 2319 1673 2376 ut
1720 2310 2027 2377 (londensi
2068 2310 2288 2377 oculos
2311 2311 2580 2394 aperiat,

626 2393 981 2479 videatque
1025 2397 1195 2462 nihil
1237 2402 1500 2481 penitus
1544 2400 1871 2482 agendum
1913 2417 2058 2462 esse
2100 2418 2251 2464 cum
2296 2397 2582 2463 versutis

626 2482 778 2548 istis
841 2481 1224 2562 latronibus,
1305 2482 1474 2547 nihil
1540 2482 1818 2566 denique
1881 2483 1977 2548 eis
2041 2502 2183 2548 esse
2222 2481 2579 2548 fidendum.

623 2568 903 2634 Utinam
963 2577 1099 2634 tam
1159 2569 1271 2633 diu
1330 2589 1468 2633 non
1519 2567 2042 2652 conduplicasset
2097 2570 2446 2650 impensas,
2513 2578 2581 2633 et

627 2654 1052 2720 cunctatione
1094 2656 1652 2738 opportunitatem
1698 2654 2097 2738 neglexisset
2124 2653 2380 2719 bonam.
2449 2654 2581 2719 Ve-

625 2760 778 2804 rum
822 2738 1155 2805 orabimus
1198 2740 1561 2806 Dominum
1596 2746 1674 2805 ut
1714 2740 1771 2805 is
1803 2740 2002 2806 rebus
2036 2760 2242 2823 prope
2279 2739 2583 2824 despera-

623 2824 714 2890 tis
755 2834 1112 2892 succurrat.

800 2911 1044 2994 Accepi
1121 2910 1318 2975 hodie
1382 2910 1607 2976 literas
1672 2931 1757 2976 ex
1824 2910 2027 2978 Ouria
2088 2921 2155 2978 et
2218 2910 2578 2977 Clavenna.

624 2994 894 3061 Salutat
935 3007 1004 3061 te
1038 2994 1125 3062 D.
1149 2995 1473 3062 Hercules
1514 3017 1558 3062 a
1605 2996 1828 3063 Salios.
1896 2995 2194 3064 Suadent
2236 3007 2302 3062 et
2339 3005 2585 3082 urgent

623 3081 759 3146 viri
818 3080 968 3146 boni
1032 3104 1115 3147 ex
1170 3081 1457 3147 Rhaetia
1510 3090 1587 3147 ut
1639 3084 1761 3148 tibi
1817 3082 2167 3168 diligenter
2200 3084 2582 3166 significem,

625 3165 935 3246 dominis,
1020 3169 1322 3251 inprimis
1398 3189 1555 3233 vero
1624 3167 2076 3235 Illustrissimo
2141 3168 2438 3252 Principi
2519 3179 2587 3233 et

625 3252 970 3318 Amimldo
1012 3254 1341 3338 significes
1384 3274 1470 3320 ne
1512 3255 1855 3339 negligant
1896 3255 2189 3321 Rhaetos
2242 3254 2359 3320 sed
2402 3255 2582 3338 lega-

625 3346 776 3402 tum
838 3338 1107 3404 mittant
1170 3340 1253 3404 ad
1296 3360 1406 3405 008
1448 3361 1600 3406 cum
1650 3340 1858 3407 literis
1911 3349 2031 3408 etc.
2094 3341 2370 3407 Paratos
2406 3342 2584 3406 enim

626 3442 773 3488 esse
814 3422 1113 3490 Rhaetos
1154 3427 1416 3491 mittere
1460 3427 1822 3492 exercitum
1866 3427 2281 3494 instructum.
2350 3425 2585 3497 Fabri-

623 3509 758 3574 tius
797 3509 870 3573 in
914 3509 1076 3576 11800
1117 3512 1321 3577 verba
1354 3510 1434 3575 ad
1472 3532 1584 3577 me
1611 3511 1867 3578 scribit:
1954 3513 2240 3590 „Metuo‚
2285 3513 2341 3579 si
2376 3514 2587 3578 nostri

625 3594 880 3679 negligi
935 3617 1007 3661 se
1062 3594 1349 3674 videant,
1408 3596 1602 3663 ardor
1656 3617 1786 3680 quo
1833 3599 2086 3664 incensi
2119 3604 2284 3663 ‘sunt
2335 3598 2406 3663 in
2462 3597 2587 3664 1180

627 3699 829 3746 08888
871 3701 991 3764 pro
1040 3680 1366 3759 Condensi,
1410 3681 1601 3748 abeat
1644 3685 1716 3747 in
1750 3682 2286 3768 indignationem.
2351 3684 2586 3749 Facito

626 3776 705 3831 tu
748 3765 919 3849 quod
957 3766 1076 3832 tibi
1120 3768 1441 3850 optimum
1509 3767 1829 3837 videtur.“
1921 3769 2171 3836 Scribit
2213 3771 2372 3835 item
2417 3770 2586 3835 Her-

627 3852 816 3928 cules,
859 3853 1197 3918 Bononiae
1250 3853 1470 3938 colligi
1527 3854 1806 3920 militem
1864 3877 1905 3921 a
1955 3876 2144 3940 papa,
2169 3855 2226 3939 ⁴)
2287 3856 2397 3939 qui
2435 3856 2587 3920 mit-

627 3937 871 4004 tendus
935 3938 1023 4003 sit
1074 3940 1145 4003 in
1206 3939 1649 4005 Provinciam.
1740 3941 2019 4006 Monent
2072 3940 2184 4006 alii
2227 3942 2355 4007 viri
2411 3942 2587 4020 boni,

626 4022 814 4089 brevi
879 4045 918 4089 a
982 4044 1155 4107 papa
1219 4024 1685 4091 conscribenda
1744 4027 2201 4092 Helvetiorum
2265 4032 2439 4092 4000
2503 4048 2588 4092 ex

624 4110 926 4193 papistis,
956 4121 1025 4175 et
1046 4111 1473 4175 nominantur
1507 4110 1756 4193 aliquot
1792 4111 2008 4178 duces.
2066 4115 2166 4179 Ac
2203 4122 2454 4178 certum
2490 4122 2590 4179 est

627 4217 714 4260 ex
755 4196 1196 4261 Immontanis
1240 4197 1491 4280 aliquot
1531 4196 1737 4263 fuisse
1782 4198 2095 4280 Tridenti,
2142 4213 2209 4264 et
2249 4200 2384 4264 iam
2413 4198 2587 4264 redi-

623 4431 810 4486 3827.
835 4434 895 4568 13
922 4434 1254 4503 deperditas.
1281 4474 1300 4503 1

833 4502 869 4553 2
929 4503 1005 4556 N.
1039 4501 1194 4557 3813.
1232 4502 1385 4558 3819.
1421 4503 1577 4558 3820.
1611 4503 1767 4559 3823.

834 4569 896 4629 3)
936 4570 1069 4625 Non
1103 4578 1320 4627 exstant
1363 4576 1425 4626 in
1462 4575 1626 4628 Mem.
1673 4573 1741 4629 de
1780 4571 1978 4629 Conde'.
2053 4572 2303 4642 scriptae
2334 4573 2592 4630 videntur

617 4636 982 4706 pendentibus
1014 4643 1471 4709 mqotiatiom‘bus
1502 4644 1564 4697 in
1603 4643 1791 4713 Tomy
1822 4643 1906 4697 vel
1938 4643 2279 4714 Beauyency.

833 4706 893 4775 4)
934 4708 1155 4763 flachan
1187 4710 1278 4764 Vl.
1323 4709 1458 4764 515.-
1545 4712 1624 4766 Le
1676 4728 1818 4782 pape
1869 4715 2078 4765 resolut
2129 4712 2198 4765 de
2249 4714 2398 4766 lever
2449 4712 2590 4767 4000

627 4774 842 4829 Suisses
889 4781 947 4829 et
992 4775 1132 4830 3000
1164 4777 1407 4832 hommes
1451 4780 1521 4834 de
1565 4782 1832 4835 cavalerie
1879 4781 2198 4835 allemands.
2281 4782 2332 4834 Il
2374 4798 2589 4852 envoya

623 4843 742 4896 Nic.
779 4843 1052 4899 Gambara
1094 4846 1127 4898 a
1161 4848 1415 4915 Avignon
1462 4865 1594 4902 avec
1640 4849 1744 4903 500
1785 4850 2075 4903 fantassins
2119 4856 2176 4903 et
2223 4849 2327 4904 100
2360 4851 2588 4904 0110188-

623 4911 820 4981 legers.
890 4913 939 4965 11
972 4913 1154 4966 110888
1187 4915 1255 4967 de
1292 4916 1518 4985 l'argent
1552 4936 1621 4971 au
1656 4920 1760 4973 duc
1792 4920 1861 4973 de
1898 4919 2093 4973 Savoie
2127 4935 2267 4988 pour
2300 4920 2587 4974 demeurer

623 4983 735 5034 ami
773 4988 831 5034 et
871 4981 1149 5050 s’opposer
1182 5001 1286 5036 aux
1321 4984 1638 5053 Huguenots
1680 5006 1749 5041 au
1784 5004 1875 5041 cas
1910 4988 2067 5058 qu’ils
2102 4992 2416 5042 voulussent
2449 4990 2586 5043 faire

617 5051 861 5172 puelque
895 5052 1165 5119 111-81111011
1213 5068 1282 5106 en
1317 5052 1493 5107 Italis.
1560 5057 1610 5109 11
1648 5057 1852 5111 1080181
1896 5058 1964 5111 110
2000 5057 2136 5110 faire
2171 5075 2277 5111 une
2311 5059 2457 5126 ligne
2492 5059 2584 5111 de·

647 5120 836 5173 0881νο
871 5135 1004 5173 avec
1037 5126 1218 5173 toutcs
1254 5121 1333 5173 les
1369 5123 1681 5189 puissances
1717 5126 2049 5195 catholiques
2084 5136 2273 5180 contre
2306 5128 2390 5181 les
2424 5128 2584 5181 intri-

617 5204 758 5309 gues
793 5188 891 5241 des
925 5194 1253 5269 protestans·
1273 5206 1343 5241 en
1378 5189 1587 5259 chaque
1621 5209 1769 5261 pays.
1840 5194 1913 5248 Ni
1951 5194 2289 5265 l'empereur,
2316 5194 2378 5248 ni
2411 5196 2465 5249 le
2498 5198 2583 5250 roi

664 5274 695 5308 0
727 5255 956 5321 Franco,
996 5258 1053 5309 ni
1085 5258 1137 5310 le
1173 5274 1256 5311 101
1273 5257 1578 5327 d'Espagne
1630 5262 1687 5313 ui
1722 5278 1896 5315 aucun
1929 5271 2085 5317 autre
2120 5265 2311 5331 prince
2343 5281 2416 5316 ne
2448 5281 2581 5318 vou-

615 5326 708 5379 lut
741 5332 929 5381 entrer
959 5325 1098 5379 dans
1130 5330 1276 5380 cetto
1307 5325 1470 5396 ligne.
1524 5300 1637 5396 (df.
1676 5329 1754 5384 N.
1786 5329 1925 5384 3820
1958 5336 2010 5386 et
2042 5331 2228 5388 Bam
2259 5333 2331 5387 11.
2365 5331 2512 5401 656.)

2141 401 2670 472 EPIS'I’OLAE
2715 405 3140 471 3827-3830

4488 411 4594 474 488

2682 591 2815 658 1880
2891 591 3160 660 1101118111
3222 613 3300 661 80
3374 592 3637 674 iactare,
3703 592 4134 675 Madmcium,
4198 594 4515 663 Lazarum
4564 619 4603 663 a

2688 676 3060 745 Schwenden
3123 686 3192 744 01
3254 679 3562 746 comitem
3637 678 3717 745 ab
3782 679 4185 764 Helffenstein
4247 681 4605 749 collecturos

2682 763 2960 830 militem
3005 764 3417 832 Germanum
3473 787 3592 850 pro
3634 763 3942 833 Sabaudo
4002 776 4230 833 contra
4273 766 4495 834 Gallos
4548 778 4607 835 et

2684 849 3073 917 Beruenses.
3162 851 3255 917 Et
3318 850 3519 917 huius
3617 851 3833 919 enoris
3874 852 4084 918 multa
4124 873 4607 920 commemorare

2685 955 2940 1019 possem
2984 958 3067 1003 ex
3112 936 3346 1020 quibus
3388 937 3570 1002 omni
3615 958 3695 1003 us
3737 938 3969 1024 colligo
4011 938 4230 1004 moliri
4272 940 4500 1024 impios
4516 960 4609 1006 res

2684 1042 2978 1107 magnas.
3065 1023 3563 1107 Tempestivum
3619 1025 3840 1108 itaque
3918 1032 4090 1092 esset
4153 1032 4229 1091 ut
4292 1024 4611 1092 Canama

2687 1129 2838 1174 cum
2881 1110 3018 1175 suis
3060 1110 3257 1174 etiam
3315 1107 3512 1177 rebus
3570 1110 3706 1175 suis
3760 1117 3827 1176 01
3882 1130 4149 1177 suorum
4212 1111 4609 1196 prospiceret.

2688 1192 2901 1293 Spero
2964 1203 3031 1259 te
3084 1216 3265 1261 meas
3320 1196 3494 1261 circa
3548 1196 3941 1280 principium
3996 1197 4194 1262 huius
4249 1197 4492 1264 mensis
4542 1197 4613 1264 ds

2689 1281 2869 1346 h1sce
2911 1281 3107 1346 rebus
3150 1282 3429 1366 scriptas
3484 1283 3825 1366 accepisse.
3903 1281 4091 1361 Vale,
4133 1302 4269 1349 una
4311 1302 4459 1348 cum
4498 1283 4613 1349 fra-

2689 1364 2898 1431 tribus
2942 1367 3265 1445 omnibus,
3309 1366 3596 1432 maxime
3632 1366 3898 1435 Budaeo
3940 1376 4007 1434 et
4034 1367 4346 1448 Ionvilleo,
4393 1376 4460 1435 et
4489 1390 4617 1453 per-

2690 1451 2827 1536 gite
2869 1451 3055 1519 nobis
3099 1452 3446 1537 diligenter
3512 1463 3578 1519 01
3620 1454 3995 1537 frequenter
4035 1455 4437 1539 perscribere
4477 1454 4616 1538 quid

2688 1539 2762 1602 in
2800 1537 3021 1605 Gallia
3055 1539 3189 1604 fiat.
3257 1539 3386 1604 His
3420 1539 3598 1604 enim
3634 1540 3803 1606 110110
3837 1540 3941 1605 811
3974 1562 4337 1624 possumus.
4404 1541 4618 1625 'l'iguri

2696 1628 2793 1689 17.
2838 1623 2995 1691 Iulii
3055 1630 3236 1690 1562.
3327 1624 3634 1691 Salutant
3690 1634 3757 1690 te
3812 1626 4067 1693 fratres.
4154 1626 4393 1693 Saluta
4449 1625 4617 1692 801118

2689 1707 2932 1861 Βεεᾳζι
2995 1717 3296 1776 nostrum
3313 1761 3330 1790 ,
3397 1712 3511 1794 qui
3575 1732 3749 1777 unus
3816 1712 4220 1796 periclitatur
4274 1734 4396 1797 pro
4449 1712 4619 1778 nobis

2689 1816 2868 1861 omni
2913 1819 3010 1864 us.

3812 1934 4236 2024 Bullingerus
4290 1943 4465 2003 tuus.

3569 2480 3773 2553 3828.

2873 2634 3296 2705 SENATUS
3338 2635 3856 2705 LUGOENSIS
3902 2636 4463 2707 GENEVENSI.

2856 2808 3085 2874 Denuo
3127 2810 3451 2893 affimant
3505 2829 3573 2874 se
3629 2810 3894 2877 edictum
3935 2810 4099 2876 alud
4139 2818 4349 2878 contra
4389 2812 4621 2878 rebelles

2688 2915 2842 2979 quos
2881 2901 3097 2962 vocam
3135 2897 3598 2980 promulyabum
3639 2915 3965 2979 nunquam
4005 2904 4391 2964 revocaturos
4433 2918 4573 2965 esse.

3009 3067 3254 3135 (Archiv.
3292 3069 3492 3122 Gener.
3528 3067 3718 3123 Pisces
3752 3068 3877 3124 hist.
3912 3068 4087 3124 fascic.
4125 3067 4303 3137 1722.)

2688 3237 3061 3323 Magnificis
3118 3237 3423 3304 Dominis
3465 3237 3759 3322 Syndico
3825 3241 4212 3323 senatuique
4255 3238 4622 3308 Genevensi

3205 3324 3449 3390 nostris
3492 3324 4120 3391 observandissimis.

2859 3494 3085 3576 Quum
3127 3496 3520 3579 putabamus
3577 3516 3695 3562 vos
3737 3497 4022 3580 acceptis
4064 3497 4275 3563 literis
4313 3497 4552 3564 nostris
4575 3501 4619 3575 ¹)

2686 3583 3092 3665 acquieturos
3170 3589 3590 3664 nostramque
3665 3582 4168 3648 satisfactionem
4234 3595 4618 3668 accepturos,

2687 3688 2761 3734 ac
2788 3668 2924 3732 fore
2958 3677 3037 3732 ut
3071 3667 3258 3733 nobis
3294 3668 3575 3752 amplius
3611 3688 3745 3737 non
3779 3668 4116 3735 instaretis
4145 3669 4227 3734 de
4262 3669 4621 3754 abrogando

2688 3760 2884 3836 atque
2948 3752 3237 3819 tollendo
3286 3751 3561 3819 decreto
3624 3755 3698 3818 in
3754 3763 4010 3820 nostros
4074 3754 4351 3821 rebelles
4407 3755 4621 3835 edicto,

2689 3860 2838 3904 ecce
2883 3860 2922 3904 a
2967 3839 3155 3904 vobis
3198 3840 3427 3904 literae
3469 3839 3658 3904 nobis
3703 3839 3944 3905 dantur
3988 3841 4082 3925 vij
4107 3840 4247 3906 Kal.
4271 3841 4400 3907 Iul.
4438 3844 4621 3925 scrip-

2689 3933 2798 3990 tae
2812 3926 2873 4005 2)
2927 3925 3183 4008 quibus,
3251 3933 3331 3990 ut
3381 3925 3699 4010 proximis
3764 3926 4209 4010 superioribus
4264 3928 4623 4013 efflagitatis

2690 4021 2767 4075 ut
2799 4011 2867 4075 id
2912 4010 3182 4076 tollat-ur
3224 4009 3296 4076 S.
3342 4010 3417 4078 O.
3464 4010 3571 4076 vel
3616 4012 3710 4076 ita
3752 4013 4119 4097 corrigatur
4160 4020 4238 4078 ut
4280 4013 4451 4080 fines
4492 4024 4620 4079 tan-

2690 4106 2831 4161 tum
2875 4096 3131 4179 imperii
3175 4099 3383 4161 nostri
3426 4097 3912 4179 complectatur.
3982 4097 4176 4179 Quod
4219 4120 4424 4182 quum
4456 4098 4620 4165 nullo

2690 4182 2883 4247 modo
2920 4183 3063 4248 sine
3102 4182 3462 4248 offensione
3496 4183 3891 4267 reipublicae
3914 4205 3990 4250 ac
4011 4184 4338 4250 libertatis
4362 4193 4618 4261 nostrae,

2688 4268 2823 4334 imo
2844 4269 3061 4351 potius
3083 4269 3223 4333 sine
3238 4267 3554 4335 dedecore
3576 4270 3981 4353 pessimoque
4003 4271 4305 4355 exemplo
4326 4274 4471 4337 fieri
4492 4292 4617 4355 pos-

2689 4355 2793 4434 sit,
2831 4375 3026 4438 aegre
3062 4354 3331 4420 ferimus
3367 4355 3438 4418 in
3474 4374 3618 4419 eam
3655 4376 3773 4420 nos
3808 4358 4262 4422 necessitatem
4300 4357 4617 4425 devenisse

2690 4449 2765 4505 ut
2796 4439 2867 4504 id
2902 4440 3160 4516 iterum,
3193 4439 3368 4522 quod
3405 4441 3696 4521 facimus,
3716 4440 3900 4507 vobis
3937 4442 4353 4526 denegemus.
4419 4443 4617 4524 Quare

2689 4545 2809 4591 vos
2854 4545 3115 4590 oramus
3171 4534 3369 4609 atque
3411 4528 3824 4593 obsecramus
3858 4534 3936 4592 ut
3974 4538 4269 4594 nostram
4305 4526 4614 4613 accipiatis

2688 4612 3197 4691 excusationem,
3246 4622 3314 4677 01
3356 4633 3491 4677 888
3533 4614 3814 4678 credatis
3859 4623 3925 4679 et
3966 4634 4084 4697 pro
4126 4621 4304 4680 certo
4346 4613 4614 4681 habeatis

2689 4718 2826 4778 nos,
2874 4697 3002 4762 nisi
3044 4697 3408 4764 iustissima
3437 4699 3911 4765 intercessisset
3944 4720 4156 4780 causa,
4202 4700 4270 4764 id
4304 4718 4614 4783 nunquam

2685 4782 2890 4848 fuisse
2931 4783 3234 4850 facturos.
3303 4782 3497 4864 Quod
3542 4786 3597 4851 si
3642 4785 3796 4850 huic
3839 4787 4212 4851 testimonio
4245 4797 4322 4851 ut
4363 4783 4614 4852 credatis

2688 4868 2922 4934 adduci
2966 4889 3101 4933 non
3144 4872 3434 4951 potestis,
3503 4879 3570 4935 at
3635 4883 3812 4938 certe
3866 4871 4408 4938 considerandum
4451 4868 4613 4936 vobis

2687 4961 2787 5020 est
2831 4955 2954 5021 hoc
2997 4962 3297 5020 nostrum
3340 4957 3585 5022 factum
3625 4957 3752 5022 iuri
3798 4966 4068 5023 naturae
4115 4978 4253 5024 esse
4297 4963 4611 5025 consenta-

2686 5062 2904 5120 neum,
2951 5061 3153 5126 quum
3196 5040 3308 5105 isti
3352 5042 3695 5110 nobiscum
3755 5043 3864 5110 hic
3908 5045 4048 5109 nati
4090 5044 4242 5124 sint,
4290 5051 4387 5110 tot
4428 5059 4610 5109 881108

2681 5262 2868 5317 asae.
2891 5260 2952 5325 1)
2981 5262 3055 5315 N.
3089 5262 3243 5318 3765.

2882 5328 2944 5398 2)
2976 5328 3041 5383 Ν.
3073 5330 3226 5385 3815.
