4850 6117
347 424 473 489 ‘11⁷

349 632 462 677 eos
504 609 814 679 articulos
859 611 1212 697 diligenter
1268 609 1445 677 domi
1489 632 1675 678 meae
1725 632 1846 697 per
1898 612 2104 678 otium
2150 633 2302 678 exa-

347 697 600 762 minem
664 695 743 761 ad
812 697 1108 783 Lydium
1173 717 1508 765 sacrarum
1579 698 1920 764 literarum
1996 697 2300 782 lapidem.

349 781 681 850 Postridie
743 784 949 868 igitur
1012 785 1200 850 venit
1262 784 1429 850 alius
1495 804 1577 849 ex
1642 784 2179 868 compositoribus
2237 790 2305 849 et

351 870 657 936 hortatur
700 878 777 935 ut
818 891 902 934 ne
946 869 1191 936 diutius
1235 869 1536 936 relucter.
1619 869 1784 955 Ego,
1830 870 2120 953 inquam,
2168 891 2302 936 non

349 976 615 1040 possum
662 954 845 1022 salva
888 957 1286 1022 conscientia
1327 964 1395 1022 et
1436 955 1921 1022 existimatione
1965 975 2111 1022 mea
2150 955 2302 1022 ullis

352 1040 649 1108 articulis
704 1041 1111 1108 subscribere
1155 1042 1281 1108 nisi
1326 1041 1511 1125 prius
1554 1040 1719 1108 bene
1763 1049 1831 1107 et
1873 1041 2221 1126 diligenter
2264 1061 2303 1106 a

350 1148 460 1193 me
522 1125 698 1192 domi
764 1148 947 1193 meae
1011 1127 1425 1207 examinatis,
1492 1137 1558 1192 et
1622 1128 2055 1194 conscientiae
2117 1146 2303 1193 meae

352 1213 760 1298 approbatis:
806 1234 937 1280 non
984 1214 1160 1279 enim
1196 1234 1460 1296 possum
1505 1214 1930 1292 subscribere,
1977 1213 2080 1279 cui
2118 1214 2303 1296 prius

352 1320 489 1366 non
554 1299 922 1366 subscribat
986 1299 1411 1374 conscientia,
1478 1320 1554 1367 ac
1619 1299 1824 1365 miror
1886 1320 2032 1378 vos,
2099 1319 2302 1383 quum

353 1386 501 1453 sitis
543 1385 847 1470 theologi,
889 1386 1062 1452 hanc
1105 1385 1276 1450 inire
1320 1384 1640 1451 rationem
1683 1405 1850 1469 quae
1892 1394 2123 1450 contra
2163 1406 2302 1450 om·

352 1493 474 1537 nes
516 1478 619 1537 est
659 1470 839 1556 leges
874 1470 1133 1536 divinas
1171 1479 1366 1555 atque
1403 1471 1728 1538 humanas
1766 1479 2121 1554 contraque
2163 1491 2296 1537 om-

352 1578 507 1624 nem
573 1558 988 1641 aequitatem.
1058 1557 1338 1641 Vesperi
1402 1558 1623 1641 itaque
1685 1557 1865 1622 illius
1926 1556 2108 1622 tertii
2173 1556 2302 1622 diei

354 1642 616 1710 eosdem
684 1643 990 1709 articulos
1056 1642 1139 1709 ad
1202 1664 1308 1708 me
1371 1644 1746 1709 retulerunt
1802 1644 1872 1707 in
1927 1643 2302 1726 praesentia

354 1729 571 1794 nostri
627 1727 913 1809 Sturmii,
980 1737 1059 1793 ut
1124 1727 1297 1795 domi
1364 1749 1550 1795 meae
1614 1750 1723 1796 eos
1787 1728 2157 1795 examinem
2224 1748 2303 1793 ea

353 1823 579 1881 nocte:
626 1814 741 1881 sed
782 1814 907 1881 hac
948 1814 1096 1900 lege
1129 1823 1208 1880 ut
1250 1836 1335 1879 ne
1369 1814 1729 1881 describam
1766 1813 1882 1881 sed
1915 1835 2109 1880 mane
2145 1835 2299 1879 mox

351 1898 645 1967 reddam.
718 1901 1116 1967 Adiecerant
1172 1901 1281 1966 hic
1336 1901 1673 1985 generalia
1726 1902 1925 1966 etiam
1978 1900 2297 1984 quaedam

355 1988 439 2052 de
483 2005 714 2053 coena:
761 1994 836 2056 ut
877 1987 1128 2052 scilicet
1170 1985 1481 2052 doceatur
1519 2008 1603 2052 ex
1638 1987 1841 2054 verbo
1877 1987 2023 2063 Dei,
2068 2008 2299 2052 secun·

357 2072 514 2138 dum
557 2072 1028 2138 confessionem
1075 2074 1532 2157 Augustanam
1592 2083 1658 2139 et
1701 2074 1842 2138 eius
1885 2071 2298 2156 Apologiam,

357 2167 425 2225 et
467 2157 777 2225 articulos
811 2156 1189 2224 concordiae
1227 2159 1404 2223 inter
1439 2159 1810 2225 Lutherum
1847 2166 1915 2223 et
1949 2157 2296 2224 Bucerum.

358 2241 638 2310 Summo
680 2264 875 2309 mane
916 2245 1109 2310 venio
1144 2242 1226 2308 ad
1266 2243 1632 2323 Simiam,
1671 2245 1782 2310 ubi
1826 2243 2018 2309 multi
2062 2242 2173 2308 alii
2216 2264 2299 2308 ex

355 2331 603 2396 nostris
657 2330 972 2396 fratribus
1030 2340 1095 2395 et
1153 2330 1436 2414 collegis.
1506 2330 1768 2408 Refero,
1813 2327 1968 2414 quid
2011 2329 2175 2394 mihi
2218 2326 2298 2394 de

352 2417 437 2482 iis
482 2417 776 2482 articulis
821 2416 1151 2481 videatur:
1196 2414 1366 2480 idem
1412 2436 1650 2498 nempe
1671 2416 1843 2500 quod
1877 2414 1957 2480 de
1978 2416 2298 2499 principio

354 2501 683 2567 dixeram:
726 2522 855 2566 non
894 2523 1037 2567 esse
1070 2502 1277 2585 igitur
1310 2501 1850 2569 subscribendum
1887 2502 2013 2567 nisi
2047 2501 2299 2567 adiecta

353 2588 552 2653 etiam
598 2586 769 2653 bona
812 2596 879 2651 et
919 2585 1224 2669 prudenti
1268 2589 1751 2671 protestatione.

525 2675 706 2739 Dum
746 2673 910 2738 haec
952 2673 1129 2737 inter
1162 2694 1284 2739 nos
1318 2673 1789 2740 deliberantur:
1835 2673 2295 2755 compositores

351 2759 618 2826 iverunt
658 2761 731 2824 in
774 2769 1097 2837 senatum,
1139 2759 1357 2843 ibique
1400 2781 1593 2826 suum
1629 2759 1709 2824 de
1754 2759 1914 2826 actis
1949 2768 2016 2824 et
2050 2759 2292 2824 utrius-

352 2865 482 2927 que
524 2845 731 2927 partis
785 2845 1047 2927 scriptis
1103 2856 1298 2928 atque
1354 2845 1768 2912 sermonibus
1823 2843 2135 2911 iudicium
2190 2864 2293 2910 re-

333 2929 679 2995 tulerunt:
721 2942 913 3013 atque
947 2952 1148 3014 quum
1185 2929 1264 2996 de
1301 2953 1406 2997 me
1443 2930 1778 3010 dixissent,
1816 2929 2009 2997 audio
2039 2929 2294 2995 Petrum

360 3013 710 3082 Sturmium
765 3029 1135 3099 praetorem
1194 3024 1263 3082 et
1313 3016 1760 3084 scholarcham
1819 3015 2093 3082 dixisse:
2160 3014 2293 3081 Ubi

353 3102 559 3186 igitur
594 3124 769 3169 nunc
804 3112 961 3169 sunt
992 3111 1091 3168 tot
1124 3110 1190 3168 et
1222 3111 1446 3169 tantae
1481 3104 1785 3169 haereses
1820 3123 1985 3186 quae
2018 3102 2295 3168 zanobio

323 3188 870 3255 ‘obiiciebantur?
951 3187 1350 3255 Concessum
1409 3198 1628 3255 autem
1685 3188 1872 3256 nobis
1929 3189 2159 3265 fuerat,
2219 3195 2294 3253 ut

350 3283 865 3359 protestaremur
908 3296 1095 3341 voce:
1153 3273 1269 3340 sed
1313 3283 1390 3340 ut
1440 3296 1525 3341 ne
1568 3275 1771 3340 ullam
1831 3276 1970 3340 01118
2012 3274 2291 3339 mentio-

350 3382 505 3426 nem
567 3361 642 3425 in
705 3361 1183 3445 subscriptione
1246 3361 1626 3428 faceremus.
1710 3362 1859 3426 Hoc
1916 3359 2114 3426 etiam
2170 3360 2293 3425 fuit

350 3446 516 3512 mihi
561 3455 953 3529 suspectum,
1005 3455 1072 3511 et
1122 3446 1374 3513 veritus
1416 3469 1583 3528 sum,
1639 3469 1722 3512 ne
1766 3446 2006 3512 nostris
2048 3445 2294 3511 vellent

351 3533 533 3599 abuti
577 3532 1043 3615 scriptionibus
1086 3532 1286 3615 aliqui
1329 3534 1618 3616 ipsorum
1666 3532 1747 3598 ad
1791 3531 1974 3612 alios,
2018 3540 2095 3597 ut
2137 3533 2292 3598 sim·

347 3617 608 3702 pliciter
649 3617 768 3682 tali
811 3617 1143 3685 doctrinae
1186 3617 1613 3696 subscribant,
1659 3627 1881 3684 nostro
1924 3619 2294 3684 testimonio

348 3703 858 3788 permovendos:
905 3704 1077 3769 nolle
1120 3704 1325 3788 igitur
1356 3726 1463 3769 me
1507 3704 1930 3784 subscribere,
1973 3705 2098 3769 nisi
2141 3703 2290 3769 sub-

348 3792 632 3857 scribam
655 3790 851 3855 etiam
875 3811 1089 3854 meam
1111 3792 1665 3874 protestationem,
1706 3787 1902 3872 idque
1938 3810 2013 3855 eo
2054 3789 2291 3867 minus,

349 3875 521 3960 quod
576 3876 773 3941 etiam
826 3876 1290 3959 compositores
1333 3897 1372 3940 a
1413 3897 1520 3943 me
1564 3876 1895 3957 admoniti,
1958 3883 2034 3941 ut
2085 3876 2290 3942 ambi·

347 3982 516 4048 guas
562 3982 752 4029 voces
795 3961 1215 4045 explicarent,
1273 3963 1485 4029 facere
1539 3962 1605 4028 id
1651 3961 2090 4028 detrectarint.
2161 3961 2294 4027 Hic

346 4069 594 4127 omnes,
639 4070 679 4114 a
720 4048 992 4113 minimo
1051 4069 1255 4132 usque
1320 4047 1402 4112 ad
1444 4049 1808 4114 maximum
1867 4056 2096 4114 contra
2150 4067 2290 4113 me:

348 4155 456 4199 me
499 4156 706 4200 unum
751 4134 821 4198 in
866 4153 1062 4199 causa
1104 4134 1395 4199 futurum
1441 4143 1517 4199 ut
1563 4142 1750 4199 tanta
1791 4133 2131 4201 concordia
2169 4136 2291 4199 im-

347 4220 671 4304 pediatur,
717 4229 791 4285 ut
834 4220 1107 4286 ecclesia
1142 4219 1484 4287 Gallicana
1518 4229 1869 4296 evertatur,
1911 4229 1989 4285 ut
2027 4219 2291 4286 civitate

348 4327 499 4374 cum
536 4306 805 4371 infamia
838 4305 1080 4386 eiiciar,
1103 4326 1545 4390 magnumque
1567 4305 2034 4390 praeiudicium
2059 4326 2291 4373 causae

347 4402 612 4460 nostrae
655 4394 795 4458 fiat:
859 4391 1156 4456 futurum
1222 4395 1439 4474 etiam,
1504 4401 1581 4458 ut
1643 4392 1997 4458 adversarii
2066 4401 2292 4458 contra

349 4500 456 4545 me
501 4488 815 4562 tanquam
860 4478 1367 4544 condemnatum
1413 4501 1449 4545 e
1500 4480 1827 4564 suggestis
1870 4478 2291 4562 proclament,

348 4572 424 4629 ut
467 4567 937 4631 confirmentur
979 4564 1190 4643 multi,
1247 4585 1413 4647 quae
1455 4584 1574 4648 per
1626 4564 2019 4632 calumniam
2062 4563 2144 4630 de
2185 4586 2291 4629 me

343 4649 612 4717 fuerant
676 4670 920 4734 sparsa,
986 4670 1063 4715 00
1126 4650 1329 4715 fuisse
1388 4651 1743 4717 verissima.
1830 4652 1975 4734 Ego
2032 4659 2287 4718 contra:

349 4735 584 4803 debere
627 4757 747 4802 008
789 4756 1043 4820 urgere,
1101 4744 1175 4801 ut
1229 4755 1426 4802 causa
1478 4746 1898 4803 controversa
1949 4734 2291 4815 iudicetur,

350 4821 585 4889 deinde
641 4823 723 4887 de
777 4842 950 4887 nova
1005 4821 1280 4888 docendi
1336 4823 1619 4889 formula
1667 4842 1787 4888 008
1843 4841 2288 4905 responsuros.

348 4910 442 4975 At
480 4908 609 4990 alii,
667 4927 798 4974 non
853 4929 963 4974 eos
1006 4909 1268 4974 venisse
1323 4919 1400 4973 ut
1450 4906 1757 4984 iudicent,
1814 4906 1929 4974 sed
1984 4917 2060 4972 ut
2111 4929 2288 4974 com-

433 5005 616 5062 nant.

346 5016 431 5080 Po
520 5071 674 5146 Non
718 5101 980 5164 possum
1027 5080 1248 5145 omnia
1291 5079 1521 5145 dicere.
1599 5079 1877 5146 Relictis
1917 5080 1938 5143 i
1991 5080 2120 5144 ‘tur
2162 5080 2290 5146 col·

347 5166 513 5251 legis
556 5167 666 5250 qui
707 5167 779 5231 in
818 5166 1048 5232 eadem
1090 5186 1288 5232 001180
1329 5173 1536 5242 01001,
1578 5165 1880 5232 consului
1992 5161 2082 5230 ‘os
2120 5166 2288 5252 ‘ami-

348 5273 459 5319 cos
503 5260 570 5318 et
611 5252 754 5336 pios
797 5253 1005 5318 viros:
1051 5252 1312 5335 quidam
1358 5250 1838 5332 dissuadebant,
1881 5249 2148 5335 quidam
2190 5260 2287 5317 ta-

348 5359 503 5405 men
560 5338 759 5406 etiam
810 5340 1119 5422 spectatis
1174 5337 1258 5403 iis
1302 5357 1469 5423 quae
1511 5344 1778 5421 possent
1817 5337 1950 5403 nisi
2005 5337 2288 5404 subscri·

2105 425 2267 489 1563
2308 421 2619 489 APRIL.

4232 433 4369 497 718

2405 612 2630 679 berem
2693 611 2999 694 consequi
3015 661 3032 690 ,
3116 609 3427 677 dixerunt
3490 632 3681 696 posse
3744 632 3851 680 me
3927 616 4354 700 subscribere,

2405 697 2663 763 etiamsi
2699 696 2950 763 nullam
2973 698 3464 781 protestationis
3486 698 3883 765 mentionem
3917 701 3989 765 in
4023 702 4355 789 subscrip-

2403 786 2582 849 tione
2644 782 2897 862 faciam,
2961 792 3076 848 aut
3141 783 3342 848 etiam
3406 785 3715 868 scriptam
3780 805 3926 851 eam
3981 786 4352 872 exhibeam,

2403 869 2596 935 modo
2638 888 2857 934 coram
2895 869 3197 936 omnibus
3232 890 3394 936 voce
3425 878 3749 954 protester
3783 873 3943 938 satis
3978 873 4136 939 fore.
4203 875 4353 944 Etsi

2402 976 2561 1022 vero
2589 956 2755 1022 haec
2787 954 3147 1032 audiebam,
3189 956 3587 1022 conscientia
3622 963 3842 1023 tamen
3878 979 4025 1024 mea
4057 961 4351 1044 acquies-

2404 1063 2550 1109 cere
2589 1061 2723 1106 non
2766 1048 3047 1124 poterat:
3092 1038 3264 1125 quod
3308 1039 3632 1120 videbam,
3677 1043 3822 1108 fieri
3864 1065 4071 1127 posse,
4115 1046 4174 1113 81
4217 1068 4351 1114 000

2401 1129 2473 1193 10
2516 1126 2906 1210 praesentia,
2973 1126 3205 1192 saltem
3263 1128 3336 1191 in
3392 1136 3748 1212 posterum,
3814 1139 3890 1194 ut
3951 1150 4099 1196 meo
4165 1133 4352 1200 testi-

2404 1214 2626 1278 monio
2667 1213 2859 1278 multi
2902 1211 3327 1296 simpliciores
3386 1211 3803 1281 seducantur.
3876 1214 4101 1298 Quum
4144 1218 4353 1303 igitur

2402 1319 2631 1365 omnes
2683 1298 2919 1380 reliqui
2977 1298 3262 1383 collegae
3315 1298 3493 1364 irent
3534 1299 3618 1364 ad
3673 1300 3866 1367 aedes
3909 1301 4023 1367 ubi
4078 1323 4349 1389 cougre-

2403 1386 2542 1470 gati
2578 1392 2768 1451 erant
2803 1384 3090 1463 Domini,
3127 1383 3575 1451 subscribendi
3612 1385 3906 1453 articulis
3942 1390 4181 1471 gratia:
4227 1410 4354 1476 ego

2403 1471 2594 1536 renui
2652 1491 2728 1535 eo
2770 1470 3026 1536 venire:
3091 1468 3290 1535 malle
3348 1491 3454 1536 me
3513 1471 3657 1537 eiici
3722 1472 3903 1550 urbe,
3970 1482 4087 1540 aut
4147 1475 4349 1543 etiam

2402 1557 2592 1635 mori,
2638 1577 2831 1640 quam
2890 1555 2986 1621 ita
3038 1555 3423 1640 simpliciter
3477 1556 3671 1622 talem
3720 1555 4050 1625 doctrinae
4102 1560 4348 1629 formu-

2401 1642 2536 1708 lam
2572 1663 2720 1707 mea
2752 1661 2957 1706 manu
2989 1641 3431 1725 comprobare.
3492 1641 3715 1723 Quum
3740 1642 4004 1711 domum
4043 1645 4347 1727 redirem,

2400 1739 2748 1796 revocatus
2781 1727 2877 1792 fui
2897 1726 2979 1792 ab
3001 1728 3228 1805 amico,
3264 1735 3338 1792 ut
3367 1726 3597 1793 saltem
3631 1729 4043 1797 interessem:
4088 1733 4347 1799 etiamsi

2401 1814 2806 1881 subscribere
2860 1812 3119 1879 nollem.
3187 1811 3401 1894 Redii,
3468 1813 3581 1881 sed
3646 1813 3755 1881 hic
3816 1816 4055 1882 iterum
4113 1839 4347 1903 rogare

2400 1921 2521 1984 per
2560 1898 2784 1965 Iesum
2829 1897 3190 1978 Christum,
3244 1906 3324 1963 ut
3367 1899 3562 1965 velim
3618 1920 3755 1965 una
3798 1922 3944 1967 cum
3991 1902 4140 1969 aliis
4192 1904 4345 1970 sub-

2401 1985 2706 2062 scribere,
2771 1984 2939 2050 nihil
3001 2005 3143 2051 0880
3206 1985 3509 2069 periculi,
3574 1985 3743 2051 nihil
3805 1987 4213 2068 insidiarum,
4279 1997 4349 2056 et

2400 2072 2612 2137 multa
2644 2070 2711 2137 id
2733 2091 2943 2155 genus
2977 2070 3122 2136 alia.
3194 2069 3489 2136 Tandem
3513 2073 3761 2154 putavi,
3806 2093 3914 2139 me
3932 2095 4120 2157 posse
4157 2075 4347 2142 salva

2400 2158 2817 2234 conscientia,
2871 2175 3125 2221 morem
3179 2156 3388 2223 amico
3433 2162 3501 2223 et
3551 2156 3862 2225 fratribus
3904 2159 4053 2226 aliis
4094 2181 4342 2245 gerere,

2401 2244 2462 2311 si
2505 2244 2598 2308 ita
2631 2241 3105 2309 subscriberem
3142 2241 3453 2323 articulis,
3489 2252 3567 2308 ut
3605 2264 3683 2309 ea
3719 2252 3976 2310 tantum
3997 2247 4344 2330 probarem

2400 2338 2599 2413 atque
2652 2328 3028 2413 reciperem,
3087 2348 3254 2411 quae
3310 2328 3421 2414 pia
3473 2348 3615 2395 esse
3660 2350 3781 2413 ego
3835 2331 3976 2414 ipse
4031 2351 4343 2417 agnosce-

2398 2435 2560 2494 rem,
2619 2415 2994 2498 praemissis
3035 2415 3321 2499 primum
3367 2415 3876 2500 exceptionibus.
3951 2416 4177 2500 Quum
4220 2419 4343 2484 ita-

2399 2522 2532 2584 qua
2574 2500 2659 2566 ad
2701 2522 2841 2566 rem
2885 2510 3154 2567 ventum
3201 2510 3319 2580 est,
3379 2498 3518 2566 dixi
3561 2522 3668 2568 me
3709 2501 3970 2585 quidem
4013 2504 4344 2589 subscrip-

2400 2595 2656 2652 turum:
2693 2586 2807 2652 sed
2846 2585 3005 2653 haec
3039 2585 3221 2670 prius
3249 2588 3612 2672 protestari.
3669 2588 3973 2654 Primum
4008 2610 4114 2656 me
4149 2589 4340 2670 nolle,

2397 2681 2471 2738 ut
2516 2672 2640 2739 hac
2697 2694 2845 2738 mea
2903 2672 3382 2756 subscriptione
3438 2672 3645 2738 ullum
3699 2674 3815 2740 fiat
3871 2674 4340 2758 praeiudicium

2397 2757 2545 2823 aliis
2588 2758 2893 2836 ecclesiis,
2941 2758 3289 2824 academiis
3331 2779 3406 2825 ac
3452 2760 3731 2827 veritati.
3810 2759 4085 2841 Deinde,
4131 2782 4341 2845 neque

2397 2852 2474 2909 ut
2538 2844 2782 2927 aliquid
2840 2844 3190 2929 derogetur
3244 2842 3578 2911 doctrinae
3634 2845 3752 2924 1111,
3816 2866 4014 2929 quam
4072 2847 4181 2914 hic
4221 2868 4342 2932 per

2399 2928 2785 2998 decennium
2847 2929 3055 3010 docui,
3115 2938 3185 2996 et
3225 2951 3391 3015 quae
3449 2931 3821 2998 continetur
3877 2933 3949 2996 in
3991 2933 4154 3000 meis
4209 2934 4341 3000 leo-

2396 3015 2703 3094 tionibus‚
2751 3015 3316 3101 disputationibus,
3362 3016 3894 3084 confessionibus.
3972 3018 4338 3100 Postremo,

2394 3109 2475 3167 ut
2514 3101 2680 3168 mihi
2720 3103 2914 3169 liceat
2954 3110 3092 3168 tam
3134 3102 3255 3169 hos
3292 3102 3617 3180 articulos,
3663 3124 3859 3188 quam
3882 3105 4340 3190 Augustanam

2394 3189 2883 3268 confessionem,
2950 3188 3340 3273 Apologiam
3357 3239 3372 3267 ,
3439 3197 3507 3253 et
3570 3189 3875 3256 articulos
3938 3190 4336 3272 concordiae,

2391 3273 2814 3359 interpretari
2876 3275 3063 3339 iuxta
3126 3274 3421 3358 regulam
3482 3275 3669 3341 verbi
3735 3276 3893 3354 Dei,
3975 3276 4337 3342 doctrinam

2396 3361 2756 3444 Augustini
2813 3371 2881 3425 et
2941 3359 3230 3426 Lutheri
3245 3411 3262 3439 ,
3321 3358 3915 3446 explicationesque
3977 3362 4214 3429 Bucari
4272 3370 4338 3429 et

2392 3447 2863 3513 confessionem
2925 3445 3125 3512 huius
3178 3447 3757 3530 Argentoratensis
3812 3448 4112 3514 civitatis.
4201 3449 4337 3514 De-

2392 3532 2546 3598 inde
2585 3533 2658 3598 in
2700 3532 2863 3599 haec
2901 3531 3106 3598 verba
3147 3532 3532 3615 subscripsi:
3591 3533 3785 3599 Hanc
3830 3533 4161 3599 doctrinae
4204 3534 4336 3599 for-

2392 3617 2637 3683 mulam
2697 3627 2772 3683 ut
2828 3619 3004 3703 piam
3063 3638 3362 3702 agnosco,
3428 3619 3523 3683 ita
3588 3619 3784 3683 etiam
3851 3619 4126 3703 recipio:
4191 3620 4337 3704 Ego

2392 3704 2579 3770 Hier.
2610 3704 2959 3771 Zanchius.
3032 3703 3109 3771 Si
3144 3702 3301 3787 quid
3346 3703 3549 3788 igitur
3582 3724 3713 3768 nou
3758 3724 4086 3789 agnovero
4130 3706 4336 3788 pium,

2391 3788 2557 3855 illud
2598 3813 2705 3857 me
2748 3811 2877 3856 non
2921 3791 3242 3874 recepisse
3284 3787 3707 3855 manifestum
3752 3800 3871 3856 est.

2564 3875 2694 3942 Die
2747 3876 3138 3959 insequenti,
3205 3873 3567 3956 rediimus‚‘
3603 3883 3800 3958 atque
3855 3875 3965 3943 1110
4019 3875 4149 3941 alia
4212 3876 4338 3941 fuit

2392 3963 2578 4028 acti0.
2648 3962 2916 4027 Hortati
2958 3970 3129 4040 sunt,
3190 3971 3271 4025 ut
3314 3981 3541 4027 omnes
3582 3959 3878 4041 iniurias,
3935 3961 4228 4029 convicia
4270 3970 4340 4028 et

2391 4046 2737 4114 maledicta
2796 4048 3104 4130 utrinque
3161 4068 3244 4113 ex
3303 4047 3523 4113 auimo
3585 4046 4116 4115 condonaremus.
4189 4049 4337 4116 Hoc

2391 4134 2578 4199 facile
2618 4135 3040 4217 impetratum
3085 4132 3228 4199 fuit.
3299 4131 3578 4213 Deinde,
3637 4142 3716 4197 ut
3763 4133 4066 4200 daremus
4111 4132 4336 4199 dexte·

2389 4241 2499 4286 ras
2555 4218 2877 4285 amicitiae
2932 4227 2998 4284 et
3048 4219 3499 4285 fraternitatis.
3580 4219 3929 4285 Difficilem
3986 4220 4180 4285 etiam
4228 4220 4337 4285 hic

2391 4327 2498 4371 me
2562 4304 2862 4390 praebui:
2929 4305 3100 4389 quod
3160 4305 3559 4371 conscientia
3619 4307 3929 4390 arguerit,
3996 4328 4125 4372 000
4193 4325 4336 4372 0880

2391 4391 2642 4457 dandas
2687 4391 3008 4468 dexteras,
3067 4391 3196 4456 nisi
3250 4392 3490 4456 certior
3544 4391 3730 4474 prius
3772 4393 4016 4468 fierem,
4062 4411 4337 4457 consen-

2390 4479 2646 4545 sionem
2700 4478 2873 4542 inter
2929 4497 3048 4543 nos
3108 4498 3251 4543 esse
3307 4477 3377 4541 10
3424 4475 3719 4543 doctrina
3762 4476 3846 4543 ad
3897 4478 4176 4544 salutem
4217 4498 4336 4543 ne·

2390 4564 2674 4631 cessaria
2715 4564 2917 4646 inque
2959 4583 3118 4627 vera
3159 4562 3507 4647 religione:
3553 4563 3738 4629 iuxta
3782 4561 4024 4628 dictum
4065 4564 4336 4630 Ioannis

2391 4651 2462 4715 in
2528 4650 2735 4716 altera
2799 4648 3090 4733 epistola.
3188 4648 3618 4715 Manifestum
3681 4657 3900 4715 autem
3966 4658 4086 4730 est,
4144 4648 4335 4716 Mar-

2390 4736 2675 4802 bachium
2710 4735 3055 4801 damnasse
3077 4734 3438 4801 doctrinam
3461 4734 3713 4801 Christi
3748 4734 4106 4800 haereseos.
4153 4733 4334 4815 Quo-

2389 4820 2582 4889 modo
2623 4822 2827 4907 igitur
2869 4842 3132 4905 possum
3178 4820 3334 4887 dare
3379 4822 3441 4886 ei
3483 4841 3771 4900 manum,
3829 4821 3958 4887 nisi
3996 4821 4181 4904 prius
4223 4819 4335 4885 vel

2390 4908 2473 4974 ab
2517 4910 2657 4991 ipso
2699 4907 2810 4973 vel
2854 4928 2896 4973 a
2929 4907 3467 4991 compositoribus
3508 4907 3747 4974 certior
3789 4907 3962 4985 fiam,
4008 4927 4159 4973 eum
4202 4926 4333 4971 non

2391 4995 2671 5077 amplius
2728 4992 3041 5059 damnare
3103 4993 3299 5058 talem
3368 4991 3774 5059 doctrinam?
3851 4992 3984 5059 Hic
4043 4991 4337 5059 Salamas

2389 5100 2682 5145 seorsum
2727 5099 2987 5145 mecum
3024 5080 3178 5161 agit,
3223 5087 3290 5145 et
3324 5079 3436 5159 ait,
3481 5079 3619 5164 peti
3652 5087 3732 5144 ut
3766 5076 4070 5144 dexteras
4106 5078 4335 5143 demus

2388 5165 2460 5230 in
2516 5166 2960 5232 testimonium
3019 5164 3296 5231 duarum
3354 5185 3600 5244 rerum,
3657 5164 3960 5248 primum,
4021 5163 4194 5249 quod
4248 5186 4332 5230 ex

2389 5250 2611 5316 animo
2672 5252 2747 5315 in
2812 5271 2958 5319 eam
3014 5249 3294 5317 formam
3354 5251 3685 5317 doctrinae
3740 5249 4332 5334 subscripserimus,

2390 5335 2626 5404 deiude
2683 5336 2857 5421 quod
2919 5336 3118 5402 etiam
3170 5359 3254 5404 ex
3309 5337 3530 5404 animo
3594 5335 4179 5405 condonaverimus
4233 5336 4334 5401 in-
