4850 6117
609 411 743 477 455

613 595 826 663 nihilo
880 615 1136 680 semper
1193 595 1486 662 duxerit:
1532 595 1645 679 qui
1687 595 1893 679 Regis
1946 591 2233 671 clientes,
2278 592 2563 677 Regiam

615 683 847 749 urbem
915 682 1173 748 iniuriis
1242 680 1544 749 omnibus
1612 680 2165 762 incommodisque
2230 678 2558 744 afflixerit.

619 768 798 849 Quid
840 768 898 833 si
939 767 1068 833 alia
1107 768 1399 834 eiusdem
1445 769 1701 851 generis
1736 767 2055 831 maleficia
2095 764 2308 830 multa
2341 785 2562 831 cumu-

616 853 862 930 lavere,
928 874 1203 937 quorum
1268 853 1524 919 nullum
1584 863 1700 930 est,
1758 850 1929 936 quod
1982 863 2049 916 te
2097 851 2562 916 coniurationis

611 959 805 1004 reum
853 959 982 1004 non
1033 939 1396 1006 arctissime
1454 937 1899 1022 constringat?
1988 937 2217 1003 Nescis
2259 936 2405 1020 lege
2447 936 2561 1001 Iu-

611 1024 710 1090 lia
743 1025 1105 1090 maiestatis
1149 1026 1362 1103 <cuius
1411 1024 1601 1091 hodie
1645 1045 1831 1090 usum
1877 1022 2085 1089 multo
2129 1023 2330 1091 etiam
2373 1042 2560 1088 seve-

610 1110 757 1177 rius
801 1112 1188 1186 retinemus)
1231 1111 1507 1194 capitale
1548 1110 1766 1187 fuisse,
1812 1119 1888 1174 ut
1928 1107 2074 1192 quis
2116 1109 2294 1192 leges
2339 1108 2559 1184 ferret,

607 1194 1031 1279 disciplinam
1074 1203 1510 1279 componeret,
1555 1216 1774 1263 arcam
1820 1194 1921 1278 (ut
1954 1197 2310 1277 loquuntur
2351 1194 2559 1258 Iuris-

605 1281 924 1360 consulti)
944 1302 1357 1348 communem
1392 1283 1779 1360 institueret,
1818 1280 2059 1347 milites
2079 1278 2556 1346 conscriberet?

613 1365 795 1449 Quid
836 1369 894 1434 si
928 1377 1264 1451 praeterea
1297 1368 1554 1433 turbam
1595 1367 2008 1434 factiosorum
2041 1368 2259 1449 copias
2295 1376 2560 1432 aeterno

611 1452 873 1519 foedere
930 1452 1049 1518 tibi
1104 1452 1558 1520 obstrinxisti?
1659 1451 1835 1533 Quid
1890 1453 1947 1518 si
2005 1452 2277 1519 militiae
2340 1471 2559 1518 sacra-

613 1549 838 1605 mento
882 1560 998 1622 pro
1041 1540 1170 1605 tuis
1211 1538 1506 1622 partibus
1540 1550 1768 1605 contra
1808 1539 2056 1621 Regias
2099 1537 2360 1603 tuendis
2403 1538 2557 1604 ade-

613 1624 821 1709 gisti?
910 1623 1089 1705 Quid
1130 1626 1189 1691 si
1224 1625 1421 1691 huius
1455 1624 1633 1691 urbis
1680 1622 1816 1712 [fol.
1855 1629 1962 1704 20]
2000 1622 2389 1707 optimates,
2426 1624 2556 1690 lec·

613 1710 1032 1792 tissimosque
1084 1711 1518 1795 Magistratus
1599 1710 1680 1776 ad
1746 1709 2010 1776 caedem
2073 1711 2280 1777 oculis
2337 1709 2555 1794 desig-

611 1794 834 1861 nasti?
900 1794 1075 1877 Quid
1118 1797 1173 1862 si
1214 1797 1703 1881 percussoribus
1745 1794 1937 1874 diem,
1980 1817 2108 1880 quo
2150 1795 2378 1862 caedes
2411 1797 2557 1861 fieri

615 1879 895 1958 deberet,
939 1881 1370 1948 constituisti?
1458 1880 1639 1963 Quid
1681 1882 1737 1948 si
1779 1896 2107 1966 postremo
2151 1882 2399 1949 nobiles
2435 1882 2553 1948 ali-

612 1976 774 2050 quot
811 1965 894 2033 ab
935 1968 1352 2034 observantia
1393 1969 1596 2052 Regis
1639 1966 2015 2034 abduxisti?
2106 1966 2285 2049 Quid
2328 1968 2386 2034 si
2418 1968 2554 2032 Re-

612 2054 716 2138 gis
771 2053 1209 2137 propinquum
1264 2054 1764 2137 integerrimum
1807 2053 2184 2137 Principem
2240 2053 2554 2119 militibus

612 2151 679 2205 et
716 2138 1026 2206 custodiis
1068 2148 1328 2222 septum
1361 2138 1674 2205 tenuisti?
1722 2147 1795 2205 ut
1838 2141 2050 2222 potius
2084 2150 2318 2218 tecum,
2354 2160 2554 2222 quam

610 2245 760 2291 cum
822 2225 961 2291 suis
1024 2233 1212 2302 esset,
1270 2224 1687 2309 compulisti?
1778 2223 1956 2306 Quid
2008 2225 2068 2292 si
2120 2226 2315 2291 urbes
2368 2226 2552 2291 inva-

611 2310 801 2376 sisti?
858 2308 1169 2377 coenobia
1224 2309 1599 2394 diripuisti?
1665 2310 1910 2394 templa
1981 2310 2296 2378 vastasti?
2387 2320 2553 2376 tem-

609 2395 869 2479 plorum
925 2394 1227 2462 custodes
1271 2395 1354 2460 ad
1397 2417 1547 2461 aras
1588 2395 1928 2462 mactasti?
1988 2397 2236 2480 aliquot
2277 2395 2550 2462 urbibus

604 2481 973 2548 sacerdotes
1027 2480 1316 2576 indigne·
1356 2482 1667 2548 multatos
1714 2482 1957 2548 eiecisti
1971 2482 2003 2545 ?
2094 2481 2271 2565 Quid
2330 2486 2384 2549 si
2434 2481 2549 2547 ad-

604 2565 737 2633 huc
779 2565 883 2632 his
916 2567 1235 2633 atrociora
1275 2571 1345 2632 in
1390 2567 1529 2633 dies
1563 2568 1998 2647 comminaris,
2036 2571 2265 2652 agitas,
2301 2568 2548 2635 machi-

603 2650 831 2718 naris?
910 2652 1179 2718 Adeone
1236 2674 1354 2719 nos
1408 2652 1695 2732 hebetes,
1752 2664 1871 2719 aut
1903 2656 2081 2719 omni
2124 2654 2361 2721 iudicio
2404 2676 2549 2720 sen-

605 2758 814 2822 suque
856 2746 1078 2822 captos
1121 2739 1399 2822 putabis,
1444 2750 1521 2805 ut
1561 2739 1643 2805 de
1686 2739 1818 2805 tuis
1857 2741 2309 2822 perditissimis
2352 2761 2546 2807 cona-

603 2824 777 2890 tibus
843 2824 1009 2890 nihil
1074 2832 1191 2890 aut
1252 2847 1364 2891 sus
1409 2827 1586 2904 icari,
1652 2836 1771 2891 aut
1823 2845 2091 2892 cernere
2159 2826 2493 2894 valeamus
2514 2827 2546 2889 ⁴?

600 2910 834 2995 Longe
890 2930 1051 2975 vero
1110 2919 1225 2975 tua
1276 2912 1581 2994 opinione
1639 2910 1907 2990 falleris,
1955 2912 2145 2990 Beza,
2204 2915 2258 2978 si
2313 2913 2405 2978 ita
2465 2912 2545 2980 de

599 2994 792 3062 nobis
863 2994 1128 3074 iudicas,
1206 3006 1273 3062 et
1336 3008 1401 3062 te
1460 2997 1674 3063 acrius
1749 2997 1832 3063 ad
1896 2997 2253 3081 perniciem
2307 2998 2545 3084 Regni,

602 3102 799 3165 quam
858 3102 976 3148 nos
1024 3080 1105 3148 ad
1161 3082 1457 3161 salutem,
1517 3082 1942 3168 vigilaturum
1988 3084 2276 3152 confidis.
2365 3082 2546 3151 Sileo

601 3165 773 3251 quod
829 3167 1136 3250 permulti
1189 3176 1573 3251 queruntur,
1630 3169 2061 3235 obedientiam
2107 3191 2226 3254 per
2261 3180 2327 3236 te
2370 3170 2545 3237 solu-

597 3260 756 3332 tam,
791 3251 1201 3336 disciplinam
1234 3254 1700 3336 perturbatam,
1747 3255 1985 3340 vulgus
2028 3254 2111 3320 ad
2154 3255 2399 3338 pileum
2441 3279 2546 3322 vo-

597 3348 839 3416 catum,
880 3338 1013 3403 iam
1066 3339 1136 3403 in
1182 3340 1522 3423 plerosque
1568 3339 1818 3407 nobiles
1869 3343 2287 3421 concitatum,
2333 3341 2543 3408 homi·

593 3444 719 3492 nes
761 3431 1017 3490 nostros
1074 3423 1160 3490 ad
1195 3424 1595 3506 seditionem,
1651 3426 2138 3493 confoederatos
2181 3426 2265 3493 ad
2299 3428 2544 3494 bellum

591 3509 972 3589 solicitatos,
1023 3519 1406 3594 caeteraque
1462 3532 1659 3595 quam
1701 3513 1985 3611 plurima
2027 3512 2354 3580 hostiliter
2396 3536 2544 3599 per-

594 3606 874 3682 petrata,
921 3616 1087 3680 quae
1129 3606 1269 3663 tute
1312 3597 1660 3680 aliquando
1711 3619 1784 3663 16
1823 3599 2136 3666 iudicium
2181 3610 2547 3682 pertractus

597 3682 848 3748 audies.
935 3682 1087 3746 Non
1141 3690 1243 3747 est
1291 3683 1465 3766 quod
1510 3683 1757 3750 diutius
1799 3695 2087 3751 mentem
2132 3694 2315 3750 tuam
2352 3684 2544 3751 dissi-

596 3767 831 3845 mules,
876 3789 1043 3850 quae
1085 3768 1218 3833 iam
1252 3768 1505 3852 pridem
1553 3790 1625 3835 se
1665 3769 1978 3852 prodidit:
2026 3769 2334 3849 Galliam,
2379 3793 2546 3854 quae

601 3853 784 3919 mille
827 3863 892 3919 et
930 3853 1226 3920 ducentis
1283 3856 1471 3921 annis
1513 3855 1633 3921 sub
1677 3855 1940 3940 Regum
1987 3856 2259 3940 imperio
2304 3858 2545 3937 floruit,

600 3939 686 4005 ad
716 3939 1029 4006 Genevae
1069 3939 1362 4026 regulam
1407 3950 1475 4006 et
1505 3941 1880 4024 exemplum
1925 3942 2222 4025 requiris,
2268 3943 2543 4027 Reipub.

602 4046 846 4091 novam
911 4026 1184 4091 formam
1250 4026 1471 4091 animo
1535 4028 1716 4093 conci
1763 4027 1838 4103 is,
1901 4027 1974 4092 in
2031 4049 2161 4110 qua
2215 4049 2546 4095 summum

598 4112 886 4195 aliquem
927 4122 1040 4178 aut
1072 4111 1507 4177 Tribunatum
1551 4120 1666 4177 aut
1698 4050 2129 4192 lgictaturam,
2165 4134 2544 4197 assequare:

601 4198 674 4263 in
717 4218 845 4280 qua
885 4206 1142 4281 praeter
1184 4204 1249 4261 te
1284 4209 1351 4263 et
1394 4196 1642 4280 aliquot
1678 4199 1773 4264 tui
1817 4199 2082 4273 similes,
2126 4200 2366 4266 caeteri
2400 4203 2545 4284 pari

597 4283 751 4368 lege
794 4304 868 4349 ac
911 4280 1297 4360 conditione,
1353 4283 1606 4364 aequali
1647 4284 1843 4348 etiam
1888 4285 2368 4367 possessionum
2412 4286 2545 4352 dis-

599 4368 982 4445 tributione,
1017 4367 1276 4450 qualem
1316 4368 1491 4433 inter
1533 4369 1766 4434 fratres
1810 4369 2224 4436 Christianos
2267 4373 2362 4437 ais
2405 4393 2548 4438 esse

599 4455 1057 4531 necessariam,
1117 4464 1480 4519 teneantur.
1581 4454 1811 4538 Itaque
1855 4464 1932 4520 ut
1973 4455 2303 4521 Ecclesiae
2345 4457 2441 4522 sic
2484 4466 2551 4523 et

601 4540 812 4624 Regis
854 4538 1315 4604 authoritatem
1358 4539 1602 4605 sensim
1646 4539 2012 4607 convellere
2054 4562 2408 4625 comparas.
2477 4543 2548 4607 Is

605 4626 665 4691 si
709 4624 865 4707 quid
912 4623 1028 4688 tibi
1071 4634 1184 4688 aut
1227 4625 1359 4691 tuis
1402 4624 1687 4703 mandat,
1742 4625 1875 4691 iam
1921 4649 2049 4692 non
2096 4626 2392 4693 absolute
2437 4649 2548 4712 pa-

605 4708 886 4776 rendum
931 4730 1155 4775 censes
1172 4760 1187 4786 ,
1245 4709 1647 4775 conditiones
1701 4710 2094 4794 obsequendi
2138 4714 2548 4794 praescribis,

604 4794 976 4878 imperandi
1016 4793 1194 4877 leges
1236 4793 1466 4862 dictas:
1533 4797 1587 4862 si
1632 4806 1697 4860 te
1740 4808 2092 4882 oppugnat,
2137 4799 2341 4865 habes
2375 4820 2550 4864 sem-

607 4900 728 4966 per
779 4882 852 4946 in
910 4888 1213 4964 promptu
1267 4881 1435 4964 quod
1487 4883 1804 4967 excipias:
1862 4894 1976 4949 aut
2014 4885 2305 4950 nondum
2349 4887 2548 4969 pube-

605 4988 771 5042 rem,
826 4976 944 5032 aut
999 4965 1291 5030 custodia
1347 4967 1743 5049 conclusum,
1797 4977 1910 5034 aut
1950 4970 2030 5037 ab
2075 4969 2370 5037 hostibus
2414 4973 2550 5037 suis

612 5053 1151 5136 circumseptum,
1217 5060 1331 5116 aut
1394 5073 1522 5116 non
1583 5063 1761 5120 recta
1813 5075 2022 5138 neque
2085 5057 2287 5122 sacris
2342 5056 2550 5123 literis

610 5138 1038 5223 congruentia
1113 5137 1543 5219 imperantem
1620 5140 2002 5207 criminaris.
2133 5142 2316 5208 Haec
2391 5142 2549 5207 dum

706 5226 919 5289 611161
982 5232 1051 5289 61
1112 5222 1451 5300 audacter,
1519 5222 1632 5287 sed
1697 5234 1915 5290 tamen
1981 5228 2290 5294 scelerate
2353 5230 2547 5313 geris,

672 5311 927 5377 alvinus
971 5331 1007 5375 e
1052 5327 1170 5374 suo
1215 5305 1466 5392 tripode
1510 5307 1726 5373 reddit
1769 5311 2044 5389 oracula,
2090 5314 2325 5396 quibus
2369 5322 2435 5379 te
2480 5316 2547 5378 16

2283 400 2748 470 EPIS'POLA
2789 404 2956 469 3805

4470 409 4576 472 456

2666 591 2865 658 horas
2920 589 3076 676 quid
3133 592 3481 677 agendum,
3540 591 3697 677 quid
3752 591 4170 660 metuendum
4228 594 4330 673 sit,
4372 595 4581 677 quibus

2662 679 2858 743 rebus
2900 678 3389 758 occurrendum,
3433 690 3675 746 monet.
3765 679 4039 745 Vestros
4079 681 4484 758 exercitus⁸¹J
4514 681 4581 745 li-

2664 765 2823 828 teris
2865 763 3252 844 consolatur,
3297 778 3364 831 et
3402 777 3475 831 ut
3516 765 3670 830 forti
3705 767 3924 831 animo
3965 786 4106 831 esse
4138 764 4375 843 iubeat,
4420 787 4584 850 prae-

2664 847 2817 915 dam
2858 850 3107 916 instare
3142 850 3482 935 pollicetur
3526 849 3661 938 [fol.
3700 849 3834 938 21].
3902 852 4082 935 Ergo
4126 859 4304 918 recte
4345 852 4581 935 quidem

2662 934 3022 1001 officiorum
3066 946 3285 1019 partes
3328 938 3424 1003 ita
3464 939 3637 1003 inter
3696 958 3808 1003 166
3850 936 4289 1009 distribuistis,
4331 947 4403 1002 ut
4443 959 4583 1022 quo-

2663 1021 2841 1087 niam
2898 1021 3009 1087 ille
3064 1023 3245 1088 senio
3302 1022 3654 1106 morboque
3712 1022 4084 1106 impeditur,
4119 1024 4392 1090 consilia
4431 1024 4585 1090 domi

2661 1106 3102 1174 administret:
3162 1121 3251 1185 tu,
3308 1110 3421 1192 qui
3475 1108 3669 1193 paulo
3724 1129 3795 1175 es
3837 1107 4177 1186 robustior,
4233 1121 4300 1175 et
4341 1111 4407 1174 in
4448 1110 4586 1176 ludo

2661 1193 3047 1276 gladiatorio
3116 1194 3476 1261 iandudum
3538 1196 3940 1261 exercitatus
3963 1246 3978 1273 ,
4044 1195 4385 1262 classicum
4445 1198 4587 1262 foris

2660 1297 2875 1356 canas,
2919 1291 2987 1345 et
3018 1280 3265 1362 primos
3305 1281 3568 1347 ordines
3601 1281 3934 1364 aciemque
3967 1279 4185 1347 ducas.
4235 1280 4414 1362 Quid
4448 1303 4587 1348 vero

2662 1362 3102 1431 Ottomanus?
3161 1367 3389 1450 Neque
3432 1368 3605 1432 enim
3652 1365 3958 1440 credibile
4001 1378 4120 1443 est,
4164 1389 4315 1433 61161
4357 1369 4465 1451 661
4497 1370 4588 1433 in-

2658 1457 2758 1515 ter
2780 1451 3107 1534 principes
3126 1453 3629 1535 conspirationis
3650 1453 4088 1518 Ambosianae
4121 1452 4589 1536 numerabatur,

2657 1537 2728 1601 in
2749 1545 3044 1603 extremo
3077 1537 3335 1604 fabulae
3379 1549 3528 1604 actu
3563 1538 3813 1603 nullam
3834 1559 4177 1622 personam
4198 1541 4586 1606 sustinuisse.

2657 1622 2801 1688 1616
2855 1642 3033 1689 61166
3074 1624 3382 1690 Aureliae
3437 1623 3653 1689 reddit
3697 1626 4035 1701 rationem,
4061 1626 4147 1701 ⁸²)
4187 1646 4385 1707 quam
4427 1629 4589 1691 omni

2655 1708 2869 1775 studio
2911 1720 2978 1773 et
3016 1730 3137 1792 ope
3171 1708 3592 1787 contenderit,
3633 1721 3707 1775 ut
3735 1709 4104 1777 Germanos
4147 1732 4186 1776 a
4207 1712 4413 1796 Regis
4450 1733 4587 1795 par-

2656 1793 2850 1872 tibus,
2874 1814 3036 1878 quas
3073 1794 3447 1861 fidelissime
3467 1797 3710 1876 fovent,
3748 1794 3830 1861 ad
3867 1808 4120 1863 vestras
4140 1795 4502 1863 abduceret.
4513 1800 4588 1874 ⁸⁸)

2656 1880 2888 1946 Refert
2927 1902 2998 1945 se
3040 1881 3327 1964 primum
3371 1884 3511 1947 eius
3555 1883 3651 1946 rei
3694 1883 3905 1966 gratia
3936 1882 4019 1946 ad
4062 1882 4434 1949 Electorem
4472 1883 4589 1949 Pa-

2656 1966 2932 2030 latinum
2991 1966 3351 2044 divertisse,
3399 1989 3548 2034 cum
3604 1968 3721 2033 illo
3766 1967 3846 2034 de
3891 1967 4233 2034 Guisianis
4274 1969 4590 2052 Principi-

2658 2051 2778 2119 bus
2842 2053 3071 2136 egisse,
3139 2052 3347 2118 multa
3409 2055 3476 2118 in
3550 2054 3697 2119 illos
3761 2054 4107 2120 artificiose
4171 2056 4588 2120 confinxisse:

2655 2137 2810 2203 hinc
2866 2137 2947 2203 ad
2991 2136 3508 2223 Landgravium,
3564 2139 3800 2204 deinde
3841 2139 3922 2204 ad
3970 2138 4295 2206 Saxoniae
4352 2140 4589 2218 ducem,

2656 2233 2800 2289 tum
2855 2223 2938 2288 ad
2983 2222 3518 2303 Grombachium,
3556 2226 3827 2290 Petrum
3887 2224 4179 2304 Clarum,
4210 2229 4298 2304 ⁸⁴)
4358 2241 4427 2292 et
4468 2227 4591 2291 sin·

2655 2310 2846 2396 gulos
2888 2308 3096 2394 Regis
3137 2309 3614 2394 stipendiarios,
3673 2322 3741 2377 et
3783 2310 4329 2378 Germanicarum
4374 2332 4591 2396 suppe-

2654 2399 2893 2461 tiarum
2954 2394 3332 2479 praefectos,
3398 2406 3728 2479 postremo
3785 2396 3866 2461 ad
3926 2397 4122 2463 duces
4165 2398 4481 2463 Pontium
4532 2410 4591 2463 et

2652 2481 3279 2565 wirtembergicum
3325 2484 3602 2560 venisse,
3639 2483 3937 2568 singulos
3969 2484 4322 2567 separatim
4367 2503 4590 2550 conve-

2652 2568 2845 2645 nisse,
2888 2578 3083 2651 prout
3127 2567 3410 2651 dignitas
3444 2588 3889 2651 personarum,
3921 2569 4103 2635 locus
4146 2582 4212 2634 et
4252 2571 4422 2634 ratio
4454 2590 4590 2652 pos-

2649 2652 2956 2719 tularent.
3058 2651 3538 2720 Commemorat
3580 2653 3832 2733 deinde,
3877 2666 3951 2720 ut
3994 2656 4242 2737 opinor,
4288 2653 4590 2737 quemad-

2649 2738 2913 2805 modum
2952 2759 3024 2805 se
3057 2741 3445 2823 magistrum
3480 2739 3850 2806 libellorum
3889 2741 4281 2824 supplicum,
4301 2745 4397 2819 ⁸⁸)
4434 2754 4497 2806 et
4528 2742 4591 2805 in

2651 2824 3012 2892 Germania
3069 2826 3273 2910 Regis
3336 2825 3626 2910 legatum
3685 2826 3845 2892 falso
3865 2828 3955 2906 ⁸⁰)
4013 2847 4155 2892 6666
4206 2826 4591 2903 venditaret,

2650 2923 2725 2977 ut
2783 2932 3012 2978 aureos
3067 2911 3509 2994 stipendiariis
3552 2921 3808 2978 montes
3851 2912 4180 2996 pollicens,
4226 2923 4301 2978 ut
4347 2912 4591 2978 Princi-

2647 3017 2806 3081 pum
2840 2998 3095 3063 animos
3130 2998 3721 3076 assentatiunculis,
3759 2999 4175 3084 confictisque
4209 2998 4592 3065 rumusculis

2650 3082 2958 3166 pellicens
3001 3094 3069 3148 et
3090 3080 3427 3159 deliniens,
3471 3084 3530 3149 si
3553 3104 3688 3150 non
3731 3083 3901 3167 quod
3919 3083 4318 3162 intendebat,
4367 3084 4592 3151 saltem

2648 3169 2817 3253 quod
2867 3190 2904 3234 e
2945 3189 3019 3235 re
3061 3169 3559 3251 conspirationis
3602 3169 3901 3235 futurum
3944 3169 4049 3249 sit,
4094 3191 4164 3235 se
4207 3191 4331 3236 sua
4378 3169 4591 3235 indus·

2647 3256 2777 3320 tria
2810 3265 2877 3321 et
2908 3255 3361 3322 criminatione
3394 3255 3759 3338 perfecisse,
3798 3266 3872 3321 ut
3892 3256 4214 3322 stabilitas
4246 3257 4587 3332 amicitiae,

2647 3362 2846 3425 quam
2901 3342 3078 3406 inter
3119 3340 3412 3407 Francos
3463 3350 3532 3406 et
3567 3341 3936 3408 Germanos
3992 3342 4336 3426 utriusque
4382 3343 4589 3427 gentis

2647 3428 2963 3513 cognatio,
3020 3436 3413 3511 perpetuum
3476 3428 3725 3507 foedus,
3766 3427 4120 3511 eademque
4163 3428 4589 3495 humanitatis

2646 3522 2716 3580 et
2778 3533 3034 3579 morum
3098 3511 3455 3579 similitudo
3528 3515 3872 3589 contraxit,
3938 3513 4245 3597 deinceps
4308 3515 4584 3580 vacillet

2648 3599 2840 3682 Quod
2897 3618 3294 3683 quamquam
3349 3618 3482 3664 666
3524 3607 3623 3665 661
3671 3598 3860 3665 nobis
3903 3599 4351 3677 metuendum,
4399 3601 4479 3666 ab
4520 3619 4589 3664 ea

2646 3685 2950 3752 videlicet
2982 3697 3194 3768 gente,
3241 3705 3407 3767 quae
3440 3688 3847 3751 constantiae
3881 3707 3957 3752 ac
3991 3684 4144 3750 fidei
4178 3687 4588 3770 praecipuam

2646 3771 2907 3837 laudem
2950 3790 3208 3853 semper
3241 3770 3580 3853 quaesivit,
3624 3792 4006 3854 semperque
4049 3771 4285 3854 adepta
4319 3784 4461 3837 est:
4500 3782 4587 3834 ta·

2648 3879 2798 3923 men
2865 3855 3064 3921 velim
3133 3876 3248 3921 vos
3314 3855 3411 3931 (id
3458 3855 3630 3939 quod
3694 3857 3932 3923 leviter
3996 3878 4130 3922 non
4194 3859 4339 3923 sine
4406 3875 4589 3922 causa

2648 3951 3022 4029 praetereo)
3068 3941 3183 4005 diu
3249 3942 3658 4025 multumque
3722 3953 4027 4026 reputare
4053 3994 4067 4018 ,
4136 3963 4263 4025 quo
4328 3942 4587 4008 tandem

2648 4030 2884 4107 animo,
2925 4026 3030 4093 vel
3087 4047 3285 4110 quam
3339 4029 3555 4111 potius
3610 4029 3801 4112 gravi
3854 4030 4300 4112 intestinoque
4344 4027 4493 4093 odio
4526 4028 4585 4091 in

2647 4114 2751 4180 Re
2836 4134 2903 4178 m
2946 4123 3014 4179 et
3055 4114 3340 4196 patriam
3382 4125 3740 4196 raperetur,
3786 4116 3897 4197 qui
3941 4115 4263 4181 sociorum
4309 4134 4494 4179 arma
4526 4115 4587 4177 in

2806 4201 2938 4264 iam
2972 4218 3400 4277 commovere,
3446 4216 3511 4264 et
3556 4198 3638 4264 ad
3682 4200 3768 4277 id,
3814 4199 3984 4283 quod
4018 4202 4338 4267 coniurati
4375 4210 4588 4285 aperte

2648 4286 3056 4360 indixerunt,
3113 4286 3521 4350 teterrimum
3581 4285 3820 4352 bellum
3874 4286 4209 4370 impellere
4272 4287 4588 4351 connixus

2648 4373 2863 4448 fuisse,
2910 4392 3061 4437 cum
3105 4369 3589 4437 Germanorum
3625 4374 4013 4455 optimatum
4056 4373 4279 4451 literis,
4317 4393 4482 4455 quas
4515 4369 4586 4435 de

2650 4465 2783 4524 toto
2843 4457 3106 4541 negotio
3171 4457 3252 4521 ad
3320 4456 3659 4539 Principes
3725 4468 3982 4524 nostros
4046 4459 4384 4535 miserunt,
4454 4472 4582 4522 tum

2824 4781 2915 4845 31)
2952 4782 3203 4836 eeclesias
3237 4780 3525 4836 crudeliter
3559 4786 3801 4849 vexatas,
3835 4796 3949 4835 11611
3981 4781 4170 4849 copiae
4205 4786 4466 4836 amatas.

2821 4849 2916 4919 32)
2952 4851 3031 4904 M.
3073 4849 3231 4904 Maio
3272 4850 3534 4905 Aureliae
3585 4857 3705 4905 erat
3748 4850 3901 4919 apud
3949 4848 4271 4905 Condaemn.
4349 4849 4487 4903 Mos.-
4528 4848 4581 4900 in

2656 4919 3007 4976 Germaniam
3045 4917 3326 4987 profectus
3368 4928 3449 4973 eet
3474 4924 3839 4987 protestantes
3883 4919 3948 4974 ob
3982 4935 4142 4973 ama
4186 4924 4402 4987 sumpta
4436 4932 4581 4971 escu-

2652 4987 3131 5121 ’“’”“3ἑξ’ἵ’“ιῖ·’
3161 4986 3331 5109 1113·

2820 5124 2914 5193 34)
3127 5126 3454 5180 bachium
3487 5126 3847 5193 capitaneum.

2820 5194 2914 5257 35)
2956 5193 3165 5248 Mattre
3199 5193 3292 5247 des
3326 5192 3578 5263 requam.
3631 5192 3895 5258 (Dare-ete
3938 5209 3992 5263 p.
4029 5191 4076 5245 7.
4131 5190 4399 5246 Barthold
4444 5187 4579 5271 337.)

2819 5260 2915 5328 36)
2955 5261 3076 5316 Ima
3124 5262 3329 5325 falsum
3370 5269 3449 5317 eet
3598 5261 3636 5316 d
3679 5265 3780 5316 iste
3825 5261 3976 5329 dieis,
4010 5277 4137 5316 aaa
4174 5275 4360 5316 revera
4392 5270 4579 5312 mum

2650 5330 2835 5397 fuerat
2869 5331 3153 5396 (Rommel,
3191 5330 3335 5384 Pha.
3371 5331 3424 5385 d.
3552 5372 3564 5383 .
3602 5331 3675 5385 11.
3711 5328 3858 5395 587).
