4850 6117
641 399 773 465 339

642 586 998 656 maioribus
1052 605 1248 670 quam
1305 606 1347 650 a
1402 583 1617 651 reditu
1672 605 1836 650 meo.
1923 581 2090 649 Nam
2148 602 2255 649 me
2319 581 2590 648 absente

649 672 1014 742 Alexander
1052 672 1254 738 miras
1288 670 1688 738 excitaverat
1721 668 2091 754 tragoedias
2129 667 2211 734 de
2244 666 2591 751 disciplina

646 769 718 828 et
790 760 1079 825 fraterna
1155 758 1571 825 comotione.
1679 754 1786 821 De
1852 755 2087 839 quibus
2150 775 2353 837 quum
2417 773 2590 820 nova

645 842 964 932 quaedam
1021 850 1089 909 et
1141 843 1355 910 aliena
1398 842 1673 921 doceret,
1716 840 1958 907 multos
1997 842 2201 908 bonos
2245 840 2421 906 viros
2464 839 2590 903 mi-

646 952 791 998 rum
849 930 922 996 in
978 928 1249 998 modum
1312 950 1354 996 a
1412 951 1481 996 se
1534 927 1948 996 abalienavit.
2047 926 2357 993 Seniores
2420 922 2591 992 nihil

640 1037 751 1084 me
793 1015 1062 1083 absente
1104 1036 1374 1083 monere
1416 1014 1762 1094 audebant,
1826 1014 1978 1098 quia
2019 1020 2266 1080 norunt
2305 1010 2591 1078 hominis

642 1103 1007 1188 ingenium:
1055 1121 1175 1169 666
1216 1107 1433 1167 tutum
1477 1109 1621 1167 erat
1660 1100 1879 1185 ipsum
1922 1098 2185 1180 adoriri,
2224 1098 2355 1164 nisi
2433 1095 2590 1164 robe

643 1188 883 1256 muniti
925 1196 1118 1272 atque
1159 1186 1463 1255 instructi
1507 1193 1740 1253 essent.
1829 1183 2061 1269 Itaque
2100 1183 2255 1251 dum
2304 1204 2377 1249 re
2422 1184 2589 1249 irem

646 1274 867 1341 omnia
908 1275 1208 1360 quamvis
1259 1274 1331 1340 in
1380 1274 1394 1288 ‘
1491 1292 1531 1338 a
1586 1274 1757 1339 ferre
1812 1271 2188 1338 maluerunt
2229 1291 2423 1356 quam
2468 1267 2588 1334 611·

643 1359 803 1445 quid
861 1366 1120 1426 tentare
1170 1360 1356 1425 cuius
1455 1357 1649 1425 6111116
1702 1357 1864 1443 ipsis
1923 1357 2141 1424 exitus
2184 1356 2364 1423 foret.
2453 1354 2587 1420 Re-

643 1466 874 1513 versus
917 1445 1252 1513 hominem
1294 1444 1545 1529 placide
1586 1444 1814 1530 rogavi
1857 1451 1936 1510 ut
1977 1443 2220 1527 scripta
2252 1441 2417 1514 mihi
2454 1450 2589 1506 tra-

644 1532 832 1599 deret
887 1553 966 1598 ea
1021 1552 1188 1616 quae
1240 1530 1549 1598 docuerat
1600 1529 1681 1596 de
1736 1528 2097 1614 disciplina,
2162 1549 2292 1615 666
2346 1528 2589 1595 certius

643 1618 807 1684 mihi
850 1622 1257 1686 constarent:
1301 1637 1423 1685 nec
1465 1616 1639 1683 enim
1683 1635 1791 1682 me
1832 1615 2001 1683 velle
2044 1635 2128 1681 ex
2173 1614 2404 1681 auditu
2447 1622 2589 1679 tan-

642 1713 785 1770 tum
822 1703 1134 1771 indicare:
1203 1701 1520 1771 sedandas
1562 1722 1760 1786 porro
1814 1722 1958 1770 esse
1999 1702 2180 1768 rixas
2224 1719 2391 1785 quae
2431 1698 2589 1766 hinc

642 1796 909 1857 exortae
986 1798 1191 1869 erant,
1271 1796 1467 1873 atque
1531 1787 2002 1855 antevertenda
2067 1786 2355 1872 pericula
2418 1805 2589 1871 6666

643 1877 800 1943 hinc
852 1875 1034 1944 nasci
1087 1881 1404 1959 poterant.
1495 1872 1690 1958 Quod
1741 1872 2048 1959 perfacile
2104 1875 2273 1939 foret
2313 1873 2371 1940 si
2415 1872 2589 1936 inter

643 1983 764 2028 nos
805 1962 1093 2028 fiaterne
1135 1969 1202 2028 et
1265 1959 1679 2028 familiariter
1721 1960 1801 2027 de
1844 1981 1924 2026 ea
1964 1979 2036 2024 re
2080 1959 2589 2025 communicare-

636 2069 801 2114 mus.
905 2047 1219 2113 Promisit
1282 2068 1353 2113 se
1416 2047 1762 2128 facturum,
1848 2043 1965 2113 sed
2027 2066 2163 2111 non
2240 2044 2584 2129 praestitit.

639 2132 863 2215 Quum
908 2153 1067 2219 ergo
1110 2133 1351 2199 multas
1416 2130 1854 2200 hebdomadas
1897 2130 2265 2198 distulisset
2307 2149 2427 2196 nec
2470 2149 2586 2214 pa-

638 2226 815 2287 reret
857 2218 1129 2285 consilio
1165 2218 1272 2286 cui
1315 2218 1746 2303 acquieverat,
1791 2226 2061 2303 rogatus
2104 2239 2143 2283 a
2185 2216 2375 2284 bonis
2418 2216 2584 2282 viris

638 2312 707 2371 et
746 2305 1074 2390 primariis
1117 2304 1443 2385 ecclesiae,
1487 2312 1564 2370 ut
1584 2302 1665 2370 de
1706 2323 1785 2370 ea
1824 2325 1899 2370 re
1941 2311 2291 2370 tractarem
2332 2303 2407 2368 in
2428 2321 2585 2369 con-

633 2392 819 2460 cione
862 2411 986 2457 666
1028 2397 1165 2456 tam
1212 2389 1326 2456 diu
1372 2389 1604 2458 dubias
1663 2397 1731 2455 et
1786 2390 2187 2458 haesitantes
2246 2390 2584 2455 conscien-

630 2478 758 2543 tias
823 2475 1259 2560 relinquerem
1276 2528 1296 2557 ,
1361 2496 1437 2544 ac
1500 2475 1909 2560 potissimum
1974 2484 2053 2542 ut
2092 2477 2584 2566 ⁸interpretarer

629 2562 850 2628 locum
894 2561 1217 2628 Matthaei
1263 2562 1373 2628 ubi
1431 2561 1513 2627 116
1560 2562 1850 2628 fraterna
1891 2563 2288 2629 correctione
2343 2560 2581 2646 agitur,

634 2667 859 2713 eorum
905 2646 1223 2714 desiderio
1267 2648 1455 2732 parui
1498 2646 1752 2727 lubens,
1796 2648 2181 2731 praesertim
2225 2645 2393 2731 quod
2440 2646 2580 2712 dies

633 2754 874 2801 coenae
937 2734 1234 2813 instaret,
1297 2755 1373 2799 ac
1440 2733 1724 2817 quotidie
1790 2734 1988 2800 variis
2034 2732 2580 2817 disputationibus

632 2841 711 2885 ea
778 2841 883 2885 res
938 2820 1113 2885 inter
1168 2820 1411 2885 multos
1465 2819 1844 2905 agitaretur.
1931 2819 2104 2885 Rem
2162 2821 2255 2885 ita
2297 2819 2576 2884 tractavi

629 2912 706 2972 ut
783 2926 1009 2971 veram
1074 2905 1325 2971 Christi
1405 2906 1793 2972 sententiam
1874 2905 2061 2972 facile
2126 2903 2577 2989 intelligerent

630 3011 858 3057 omnes
916 2998 1109 3075 616116
1165 2991 1731 3076 amplecterentur.
1827 2989 2025 3059 Solus
2082 2991 2455 3058 Alexander
2512 2996 2579 3054 et

633 3078 826 3160 pauci
868 3076 1009 3143 eius
1052 3077 1334 3143 asseclae
1374 3075 1834 3155 reclamabant,
1891 3077 2005 3145 sed
2048 3078 2144 3144 ita
2187 3075 2467 3144 absurde
2511 3083 2577 3140 et

632 3159 883 3238 stolide,
921 3169 994 3227 ut
1028 3182 1138 3228 eos
1171 3171 1394 3245 postea
1427 3163 1619 3229 facile
1652 3161 1891 3229 idiotae
1924 3165 2051 3248 ipsi
2089 3161 2575 3249 redarguerent.

632 3246 1077 3314 Procurabam
1142 3268 1299 3315 sane
1363 3270 1469 3315 me
1544 3249 1850 3316 omnibus
1926 3250 2341 3327 satisfecisse,
2424 3248 2578 3333 quia

634 3352 777 3398 rem
841 3331 1173 3399 moderate
1236 3341 1688 3414 tractaveram,
1748 3343 1817 3401 et
1875 3337 2015 3420 ipse
2067 3335 2433 3401 Alexander
2497 3332 2580 3399 ad

635 3438 906 3487 coenam
970 3421 1192 3485 statim
1259 3430 1636 3487 accesserat.
1737 3419 1875 3487 Sed
1939 3441 1979 3486 a
2030 3421 2305 3506 prandio
2369 3420 2580 3504 qualis

637 3505 778 3571 eius
838 3512 1008 3571 66661
1059 3505 1131 3570 16
1192 3527 1296 3571 me
1369 3506 1642 3573 affectus
1656 3558 1674 3586 ,
1740 3515 1808 3573 et
1906 3527 2064 3573 uam
2120 3507 2584 3574 adversaretur

637 3591 999 3658 sententiae
1041 3610 1226 3657 meae
1267 3591 1463 3675 plane
1503 3591 1802 3676 prodidit.
1863 3528 2111 3677 Qoepit
2143 3593 2320 3658 enim
2354 3592 2585 3659 invehi

637 3676 990 3743 adversum
1046 3698 1171 3757 me,
1226 3698 1348 3743 nec
1402 3679 1673 3744 obscure
1727 3699 1893 3761 6666
1938 3679 2284 3745 docueram
2339 3681 2585 3763 impro-

636 3762 809 3829 bare.
892 3763 1030 3828 Nec
1090 3771 1308 3829 tamen
1368 3762 1525 3847 quid
1586 3765 1865 3830 sentiret
1905 3766 2045 3848 ipse
2086 3763 2275 3832 facile
2319 3764 2584 3849 collige·

633 3848 851 3927 batur,
938 3848 1072 3914 nisi
1113 3848 1284 3933 quod
1327 3848 1687 3916 ducebatur
1728 3849 1944 3916 studio
1987 3851 2440 3929 contentionis,
2520 3858 2588 3916 et

637 3935 972 4001 doctrinae
1016 3954 1191 4014 suae,
1237 3937 1294 4000 si
1338 3932 1618 4015 audirer,
1681 3937 1813 4001 iam
1854 3958 1988 4002 non
2029 3937 2170 4003 fore
2213 3936 2427 4004 locum
2474 3934 2588 4001 do-

642 4020 833 4088 lebat.
921 4021 1069 4105 Ego
1126 4021 1425 4105 proximo
1476 4023 1842 4088 consistorii
1900 4022 2005 4087 die
2062 4042 2211 4088 cum
2267 4024 2410 4107 ipso
2476 4043 2588 4087 ex-

642 4106 971 4190 postulavi
1013 4127 1231 4173 coram
1267 4106 1645 4186 senioribus,
1682 4107 1851 4191 quod
1888 4109 2219 4175 turbasset
2253 4108 2590 4174 ecclesiam

644 4213 764 4258 sua
826 4192 1152 4273 concione,
1217 4213 1453 4276 meque
1523 4202 1590 4257 et
1656 4193 2015 4261 doctrinam
2083 4214 2299 4261 meam
2365 4201 2591 4277 aperte

645 4278 1064 4357 traduxisset,
1132 4300 1208 4345 ac
1250 4281 1410 4363 petii
1454 4287 1533 4344 ut
1573 4280 1761 4347 nobis
1803 4278 2183 4346 absentibus
2228 4278 2309 4345 de
2351 4281 2479 4345 hac
2520 4300 2594 4345 re

646 4361 1010 4429 iudicarent
1052 4365 1339 4430 seniores
1383 4374 1450 4430 et
1492 4365 1779 4449 aliquam
1824 4366 2146 4432 rationem
2190 4367 2436 4431 inirent
2479 4385 2593 4450 pa-

642 4448 891 4514 candae
934 4450 1258 4517 ecclesiae.
1330 4450 1691 4517 Consilium
1728 4454 1793 4517 in
1841 4461 2146 4536 promptu
2191 4458 2348 4516 erat.
2419 4450 2595 4517 Iussi

652 4554 804 4599 vero
862 4554 1090 4601 sumus
1148 4538 1341 4602 ambo
1392 4539 1739 4604 conciones
1789 4537 1939 4603 illas
1995 4536 2077 4602 de
2119 4536 2352 4622 quibus
2395 4556 2593 4621 quae-

646 4618 778 4685 stio
821 4630 963 4684 erat
1005 4622 1277 4704 scriptas
1321 4620 1493 4701 dare,
1572 4633 1687 4688 aut
1728 4624 1963 4690 saltem
2006 4624 2222 4707 capita
2263 4623 2595 4690 doctrinae

649 4705 731 4771 116
774 4725 902 4787 666
945 4712 1086 4772 erat
1140 4709 1598 4775 controversia.
1656 4710 2021 4776 Alexander
2076 4709 2249 4775 dixit
2305 4710 2594 4776 seniores

648 4812 783 4856 non
829 4811 972 4858 esse
1014 4789 1260 4858 iudices
1299 4793 1524 4877 ipsius,
1568 4796 1787 4878 potius
1830 4816 1973 4862 6666
1993 4804 2231 4877 partes,
2275 4815 2475 4879 seque
2509 4794 2593 4862 ad

649 4877 1023 4961 episcopum
1067 4897 1419 4960 provocare
1452 4882 1635 4946 cuius
1668 4881 1909 4948 iudicio
1944 4889 2117 4947 stare
2152 4880 2368 4948 vellet.
2446 4881 2592 4968 Ego

646 4962 1031 5029 concionem
1094 4983 1308 5029 meam
1363 4966 1673 5049 scriptam
1730 4967 1897 5034 dedi.
1997 4967 2154 5051 Ipse
2211 4969 2593 5035 consistorio

648 5069 882 5150 parere
938 5047 1165 5148 noluit.
1271 5046 1713 5130 Quamobrem
1764 5054 1846 5120 ob
1900 5054 2397 5132 contumaciam,
2466 5074 2595 5138 qua

648 5155 781 5200 1616
849 5154 1108 5217 saepms
1173 5155 1332 5200 usus
1395 5144 1547 5216 erat,
1624 5140 1986 5206 ministerio
2050 5160 2409 5223 suspensus
2474 5148 2590 5207 661.

648 5221 965 5305 Confugit
1009 5220 1091 5284 ad
1135 5221 1530 5305 episcopum,
1602 5244 1720 5305 per
1762 5245 1956 5308 quem
1999 5225 2264 5290 tandem
2311 5225 2595 5293 obtinuit

646 5327 736 5374 ne
779 5314 1158 5373 moveretur
1198 5305 1337 5373 loco
1372 5328 1449 5374 66
1486 5309 2028 5376 reconciliaretur.
2106 5311 2256 5377 Hoc
2290 5312 2594 5395 quamvis

2304 390 2769 460 EPIS'POLA
2813 394 2980 459 3744

4494 396 4598 459 340

2692 580 4602 754 131.3Ρμ’“δῃῳωθῗκηξ.ἷ11,ῗΐῑῑ“..ᾞὲξ’..ἓῖὶῖωᾚἪ.

2691 752 2877 839 gredi
2952 774 3073 821 nec
3150 774 3297 821 6616
3374 752 3672 820 deserere
3747 762 4058 838 poteram.
4166 754 4603 825 Reconciliatio

2688 860 2886 924 porro
2926 839 3115 906 nulla
3155 845 3315 920 erat,
3375 840 3550 925 =quia
3589 860 3804 924 neque
3846 849 4206 926 agnoverat
4245 840 4445 907 ullam
4482 842 4603 909 cul-

2689 946 2843 1011 pam
2888 946 3100 1010 neque
3158 925 3470 993 ecclesiae
3534 926 3956 994 satisfecerat.
4061 926 4156 992 Et
4195 928 4485 1010 quamvis
4522 950 4605 996 re-

2690 1012 3006 1078 miserant
3028 1010 3110 1079 de
3131 1012 3461 1079 sententis
3478 1033 3602 1079 sua
3621 1012 3929 1093 seniores,
3965 1012 4137 1097 quod
4167 1014 4500 1098 episcopus
4527 1015 4606 1080 ita

2692 1096 2893 1164 vellet
2946 1120 3023 1166 66
3076 1105 3357 1184 rogaret,
3412 1106 3634 1165 tamen
3685 1097 3811 1164 hoc
3869 1096 3950 1163 ad
4008 1105 4375 1166 extremum
4536 1121 4607 1168 116

2688 1185 2991 1269 persequi
3048 1184 3410 1270 cupiebant.
3497 1184 3872 1252 Alexander
3924 1183 4205 1252 iactabat
4259 1206 4334 1252 se
4389 1120 4608 1253 dgsthfl

2691 1289 2908 1337 coram
2954 1278 3091 1336 1616
3132 1269 3402 1337 66616616
3435 1269 3754 1337 disserere
3797 1269 3966 1338 velle
4022 1278 4090 1338 et
4127 1270 4608 1357 disputationem

2689 1356 2877 1436 inire,
2922 1365 2997 1423 ut
3040 1356 3354 1423 iudicium
3398 1355 3479 1422 ab
3523 1358 3669 1441 ipsa
3710 1354 4017 1423 adhibitis
4059 1357 4257 1423 etiam
4315 1357 4608 1442 episcopis

2688 1444 2905 1510 ferret.
2992 1442 3141 1509 Hoc
3181 1443 3396 1528 ipsum
3439 1441 3808 1527 postulabat
3850 1441 3931 1509 ab
3974 1443 4189 1527 episco
4315 1444 4427 1528 qui
4469 1450 4604 1509 tam-

2690 1530 2812 1596 etsi
2854 1529 3143 1596 hominis
3184 1529 3254 1595 in
3303 1529 3522 1595 eninm
3559 1530 3718 1595 satis
3751 1540 4163 1613 perspectum
4187 1464 4451 1609 1111111661,
4494 1550 4610 1596 6111·

2689 1636 2843 1682 nem
2903 1624 3126 1682 tamen
3177 1551 3444 1682 adffiibet
3485 1635 3751 1699 operam
3798 1635 3878 1682 ne
3921 1615 4075 1700 66111
4121 1615 4261 1681 6166
4298 1616 4610 1682 existima-

2689 1701 2854 1767 tioni
2909 1700 3312 1768 detrahatur.
3399 1699 3611 1785 quue
3665 1722 3736 1768 se
3790 1723 3876 1767 ex
3924 1700 4144 1767 animo
4199 1700 4416 1768 facere
4467 1702 4610 1768 mihi

2687 1788 2899 1854 fassus
2942 1795 3044 1854 est
3096 1785 3268 1871 quod
3324 1787 3388 1854 ei
3427 1787 3581 1852 olim
3628 1786 3785 1853 dum
3830 1786 4162 1853 exsularet
4200 1789 4451 1854 amicus
4490 1788 4609 1852 fue-

2686 1875 2775 1939 rit
2839 1882 2909 1941 et
2970 1873 3326 1939 familiaris.
3435 1872 3692 1959 Rogavi
3758 1883 3834 1937 61
3888 1873 4231 1939 6666111616
4295 1872 4612 1958 praeberet

2687 1981 2814 2045 quo
2880 1959 3115 2026 melius
3178 1959 3546 2026 consuleret
3587 1958 4051 2026 existimationi
4097 1980 4250 2025 suae
4302 1967 4495 2044 61666
4531 1960 4613 2025 in-

2687 2055 2866 2112 terea
2916 2045 3232 2111 maiorem
3289 2044 3596 2111 ecclesiae
3653 2046 3760 2111 cui
3803 2054 4122 2130 praeerat,
4210 2053 4276 2110 et
4315 2046 4609 2122 veritatis,

2686 2153 2878 2216 quam
2925 2132 3120 2198 661116
3163 2131 3450 2197 116161616
3492 2130 3810 2197 rationem
3855 2130 4141 2197 haberet.
4237 2131 4612 2216 Priusquam

2687 2238 2846 2284 vero
3182 2218 3309 2284 'am
3363 2216 3538 2284 hanc
3580 2218 3892 2283 movisset
3934 2214 4281 2283 adversum
4327 2237 4438 2283 me
4481 2217 4612 2283 Aze-

2684 2305 2945 2383 mandcr,
3053 2324 3164 2369 um
3210 2324 3470 2388 agerem
3515 2323 3667 2369 cum
3711 2303 4011 2387 episcopo
4054 2301 4136 2370 de
4179 2302 4612 2370 constituendo

2685 2409 3070 2469 successore,
3116 2390 3305 2474 petiit
3325 2411 3366 2455 a
3398 2409 3507 2455 me
3530 2398 3604 2455 ut
3637 2389 3879 2473 populo
3915 2389 4324 2474 designarem
4351 2389 4611 2456 Am

2683 2476 2872 2543 dmm
2914 2484 2981 2542 et
3037 2474 3576 2542 commendarem.
3681 2474 4020 2558 Respondi
4082 2496 4189 2540 me
4253 2473 4430 2540 bona
4479 2495 4612 2542 6611·

2683 2562 2956 2629 66166116
2998 2561 3067 2627 111
3109 2562 3323 2628 facere
3360 2582 3490 2626 non
3666 2582 3718 2642 e,
3764 2560 3933 2645 quod
3979 2561 4173 2627 homo
4211 2568 4384 2627 esset
4428 2562 4612 2644 impo-

2685 2657 2830 2715 tens
2896 2648 3100 2713 animi
3168 2656 3232 2713 et
3297 2646 3514 2713 affecti
3559 2669 3636 2711 us
3699 2646 4092 2732 indulgeret.
4193 2647 4305 2711 Me
4372 2643 4609 2731 quidem

2684 2733 2963 2800 liberum
3006 2735 3329 2799 facturum
3374 2733 3685 2800 ecclesiae
3728 2753 3925 2817 quem
3969 2733 4209 2799 habere
4252 2732 4473 2812 vellet,
4515 2731 4610 2800 sed

2682 2841 2828 2886 meo
2891 2818 3128 2886 iudicio
3186 2819 3303 2885 tali
3338 2839 3444 2884 me
3490 2818 3741 2884 homini
3784 2839 4048 2904 gregem
4092 2839 4228 2883 non
4271 2839 4417 2884 6666
4460 2839 4610 2885 com·

2637 2969 2638 2976 ,
2680 2908 3055 2973 missurum.
3142 2904 3287 2972 Nisi
3333 2926 3507 2990 ergo,
3573 2906 3803 2988 inquit,
3869 2912 3982 2970 tuo
4026 2905 4291 2970 nomine
4335 2913 4404 2969 et
4464 2903 4610 2970 iudi·

2682 2992 2782 3058 cio
2838 2991 2905 3058 id
2962 2993 3175 3058 facere
3233 2990 3420 3072 velis,
3478 3012 3626 3057 meo
3683 2992 3894 3069 facito,
3950 3012 4226 3074 eumque
4268 2989 4611 3057 senioribus

2679 3086 2746 3144 et
2790 3077 3078 3144 diaconis
3132 3098 3214 3143 ex
3268 3098 3374 3143 me
3432 3075 3896 3144 commendato.
3982 3075 4065 3141 Id
4108 3076 4302 3142 retuli
4343 3076 4609 3161 collegio.

2680 3164 2891 3234 Nemo
2948 3164 3076 3229 fuit
3131 3163 3247 3248 qui
3289 3184 3424 3229 non
3467 3162 3713 3229 diceret
3756 3183 3826 3228 66
3871 3162 4088 3246 potius
4128 3183 4466 3228 cessurum
4508 3181 4610 3227 6116

2681 3271 2973 3330 munere,
3063 3271 3260 3336 quam
3325 3248 3688 3316 Alexandri
3748 3249 4144 3314 institutioni
4212 3248 4607 3316 consentiret

2681 3335 2858 3403 Mira
2880 3336 3006 3402 fuit
3033 3336 3210 3402 inter
3235 3336 3417 3421 ipsos
3453 3344 3520 3401 et
3554 3342 3902 3421 praesente
3937 3341 4002 3400 et
4037 3334 4307 3399 absente
4337 3355 4442 3400 me
4486 3355 4608 3399 con·

2683 3423 2918 3503 sensio,
2954 3442 3171 3506 neque
3193 3420 3546 3506 quidquam
3583 3421 3852 3522 gravius
3888 3420 4014 3486 fuit
4036 3420 4403 3487 Alexandro
4435 3439 4614 3504 quam

2683 3508 2855 3593 quod
2879 3510 3210 3574 neminem
3232 3508 3522 3591 ipsorum
3541 3506 3915 3592 disiungere
3939 3514 4054 3572 aut
4077 3527 4118 3572 a
4137 3528 4243 3572 me
4265 3506 4612 3573 abalienare

2682 3595 2990 3679 potuerit,
3016 3601 3131 3660 aut
3196 3594 3366 3660 otius
3390 3615 3430 3659 a
3464 3613 3620 3659 vera
3654 3591 4001 3660 concordia
4032 3602 4100 3659 et
4134 3613 4299 3676 pura
4321 3591 4613 3658 adminis-

2685 3681 2988 3761 tratione,
3030 3681 3141 3764 qui
3189 3701 3267 3747 us
3311 3699 3416 3746 me
3461 3677 3792 3747 studuisse
3834 3679 3995 3745 satis
4037 3677 4344 3744 omnibus
4387 3677 4612 3763 perspi-

2685 3788 2883 3834 cuum
2928 3771 3047 3833 est.
3135 3765 3232 3831 Hi
3276 3785 3503 3832 omnes
3546 3764 4020 3832 insimulabant
4066 3764 4397 3829 hominem
4432 3763 4615 3831 falsae

2687 3852 3039 3931 doctrinae,
3125 3859 3321 3935 atque
3376 3850 3591 3934 ipsum
3636 3852 3932 3919 convinci
3977 3850 4355 3934 cupiebant:
4442 3849 4615 3934 idque

2685 3939 3098 4023 potissimum
3159 3958 3397 4021 urgere
3461 3946 3817 4023 coeperunt
3874 3935 3981 4001 ubi
4043 3937 4206 4002 haec
4264 3937 4509 4002 occasio
4546 3935 4615 3999 ab

2687 4025 2708 4090 i
2756 4044 2828 4091 so
2887 4023 3261 4091 Alexandro
3313 4021 3534 4090 oblata
3583 4031 3698 4089 est.
3785 4021 4107 4089 Videbam
4163 4021 4374 4088 multa
4429 4022 4616 4106 imPe-

2740 4111 2850 4176 're.
2936 4109 3238 4182 Primum
3283 4130 3417 4175 non
3460 4110 3798 4176 constabat
3845 4114 4067 4192 aperte
4111 4107 4262 4192 quid
4307 4109 4443 4192 ipse
4486 4127 4614 4171 sen·

2691 4196 2863 4262 tiret.
2969 4195 3139 4262 Nam
3205 4196 3696 4280 tergiversatur,
3762 4195 4110 4280 permiscet
4173 4193 4613 4280 ἀπροσδιὸπσα,

2693 4281 3035 4361 subsultat,
3115 4283 3457 4366 perturbat
3510 4288 3580 4345 et
3635 4280 3982 4348 confundit
4022 4279 4350 4364 permulta
4392 4287 4458 4345 et
4508 4278 4616 4346 sibi

2690 4368 2820 4454 ipsi
2883 4366 3215 4434 interdum
3273 4367 3681 4435 adversatur.
3770 4368 3870 4435 Ac
3913 4367 4028 4434 vix
4072 4365 4429 4450 quidquam
4462 4361 4615 4431 aliud

2693 4476 2780 4522 ex
2822 4454 2967 4539 ipso
3010 4453 3317 4537 colligere
3359 4455 3542 4537 potui
3583 4454 3898 4519 hactenus
3942 4471 4130 4536 quam
4178 4451 4352 4536 quod
4391 4449 4614 4518 tumul·

2694 4547 2923 4606 tuatur
2964 4548 3034 4605 et
3074 4560 3240 4623 quae
3282 4538 3447 4605 bene
3489 4541 3790 4605 instituta
3833 4549 3990 4606 sunt
4030 4537 4289 4622 oblique
4320 4537 4614 4623 perstrin-

2694 4626 2812 4711 git,
2881 4626 3141 4710 saepius
3200 4626 3400 4691 etiam
3456 4625 3741 4709 erumpit
3799 4633 3868 4691 et
3921 4632 4102 4693 recta
4161 4623 4422 4710 impetit
4470 4624 4614 4688 mira

2692 4710 3588 4865 ffiffitfflssffifflt‘ffl
3609 4720 4122 4883 §matta
4142 4709 4382 4863 {¹333
4404 4709 4615 4862 {ig-33

2693 4885 2970 4968 peritam
2993 4883 3249 4968 plebem
3272 4881 3512 4949 eludat.
3571 4882 3831 4950 Deinde
3852 4882 4158 4950 videbam
4176 4883 4317 4948 fore
4336 4892 4415 4948 ut
4433 4881 4615 4948 maior

2693 4971 3062 5037 exoriretur
3104 4968 3425 5035 tumultus
3469 4970 3524 5034 si
3568 4991 3718 5036 cum
3763 4969 4028 5035 homine
4071 4967 4327 5053 publice
4369 4986 4487 5034 con

2694 5055 2885 5122 derer
2940 5064 3059 5122 aut
3108 5056 3324 5139 ipsum
3384 5075 3836 5140 persequerer:
3908 5055 4187 5138 denique
4244 5053 4408 5120 nihil
4459 5073 4496 5119 a
4523 5047 4613 5116 ’1111

2692 5142 3074 5208 effecturum
3119 5162 3319 5224 quam
3362 5141 3418 5208 si
3461 5162 3613 5208 cum
3655 5142 3906 5208 ratione
3945 5140 4240 5207 insanire
4281 5137 4610 5207 studerent

2693 5227 2840 5292 Iam
2875 5227 3284 5293 satisfactum
3322 5237 3464 5293 erat
3497 5228 3809 5294 ecclesiae
3844 5249 3992 5293 mea
4025 5227 4359 5293 concione:
4431 5226 4612 5290 Nemo

2695 5312 3111 5393 reclamabat,
3149 5333 3340 5378 nemo
3386 5312 3792 5399 repugnabat
3826 5335 4012 5380 meae
4046 5310 4395 5380 doctrinae.
4472 5307 4610 5375 Om-
