4850 6117
659 435 783 498 319
2154 426 2678 499 EPISTOLAE
2724 431 3146 497 3732—3734
4502 434 4602 495 320

655 621 883 701 auditi,
927 627 992 685 et
1032 639 1258 685 omnes
1299 618 1696 686 iudicassent
1731 640 1853 686 nos
1896 619 2337 706 tergiversari.
2410 617 2598 685 Sem·

654 728 773 791 per
816 711 1038 772 autem
1069 703 1293 770 addita
1324 704 1453 770 fuit
1485 706 1793 790 exceptis,
1838 726 1976 772 non
2018 705 2212 771 aliter
2244 703 2598 774 valituram

654 813 882 859 eorum
924 789 1345 857 autoritatem
1388 811 1587 875 quam
1629 792 1686 857 si
1729 813 1878 858 cum
1907 791 2035 857 Dei
2081 790 2279 858 verbo
2322 810 2597 857 consen·

655 879 824 943 tiret.
911 876 1142 960 Neque
1198 897 1330 942 uno
1386 885 1455 942 et
1507 876 1739 943 eodem
1793 876 2106 961 temporis
2162 876 2373 961 spatio
2426 877 2596 942 anti-

655 965 968 1048 quitatem
1033 961 1478 1042 definivimus,
1557 964 1867 1046 quoniam
1930 963 2171 1029 abusus
2184 1014 2202 1043 ,
2267 969 2342 1028 ut
2402 962 2597 1041 nosti,

652 1048 971 1133 paulatim
1025 1048 1269 1115 invecti
1323 1056 1496 1129 sunt,
1556 1049 1727 1115 sicut
1783 1069 2041 1132 semper
2084 1070 2312 1115 sumus
2353 1049 2598 1114 testati.

651 1135 737 1202 In
790 1141 1181 1220 argumento
1237 1135 1599 1219 imaginum
1654 1134 1933 1219 quadrin
1980 1142 2166 1201 entes
2218 1155 2426 1200 annos
2477 1133 2598 1199 ha-

652 1221 936 1288 buimus.
1026 1219 1103 1287 Si
1171 1228 1445 1286 ventum
1515 1227 1689 1287 esset
1752 1220 1836 1286 ad
1907 1242 1943 1287 c
2028 1222 2043 1236 “
2083 1241 2193 1286 ma
2270 1228 2337 1286 et
2409 1241 2600 1286 exor-

653 1309 952 1385 cismum,
1010 1326 1221 1372 annos
1275 1305 1734 1372 habuissemus
1791 1313 2054 1373 centum
2110 1317 2177 1372 et
2234 1307 2595 1391 sexaginta.

655 1392 795 1459 Sed
836 1413 971 1458 non
1014 1392 1472 1458 dubitabamus
1513 1393 1669 1476 quin
1713 1413 1869 1459 mox
1920 1392 2049 1459 ista
2102 1393 2174 1458 in
2227 1393 2442 1458 fumos
2485 1392 2599 1458 ab·

653 1480 847 1559 irent,
888 1477 1043 1562 quia
1079 1477 1427 1545 obscurum
1466 1498 1603 1543 non
1638 1486 1779 1544 erat
1811 1477 1967 1561 quid
2001 1479 2224 1545 hostes
2258 1484 2600 1562 captarent

654 1574 722 1631 et
763 1583 847 1630 cu
893 1570 1096 1630 erent.

882 1647 964 1715 ed
1004 1648 1086 1716 de
1129 1649 1235 1715 his
1277 1650 1468 1716 satis:
1515 1649 1599 1715 ad
1641 1649 1772 1715 alia
1812 1650 2008 1734 longe
2040 1650 2349 1735 graviora
2385 1651 2597 1716 venio,

654 1737 966 1803 Proxime
1010 1735 1231 1820 elapso
1275 1734 1624 1818 quatriduo
1669 1734 1917 1801 Iuliani
1942 1738 1998 1813 ²)
2042 1735 2316 1821 perfidia
2358 1757 2436 1802 eo
2477 1757 2600 1801 nos

656 1820 930 1887 adduxit
981 1830 1058 1886 ut
1114 1822 1195 1888 ab
1251 1829 1544 1886 extremo
1598 1821 1888 1904 periculo
1931 1843 2065 1887 non
2106 1821 2332 1906 procul
2375 1821 2598 1887 abfue-

654 1909 877 1973 rimus.
949 1905 1085 1974 Sed
1129 1926 1208 1972 ea
1249 1906 1375 1972 fuit
1400 1905 1736 1973 Condensis
1775 1918 1840 1973 et
1877 1907 2153 1973 aliorum
2187 1906 2601 1992 quorundam

656 1994 867 2060 virtus
910 2000 978 2058 et
1031 1992 1340 2059 fortitudo
1382 2002 1458 2057 ut
1510 1993 1749 2059 reiecto
1805 1993 2198 2077 parlamenti
2238 1993 2490 2060 nefario
2533 2000 2602 2058 et

657 2078 944 2145 nefando
1000 2077 1266 2145 consilio
1325 2085 1644 2144 statutum
1700 2080 1789 2144 sit
1846 2079 1927 2145 de
1987 2079 2181 2146 edicti
2222 2078 2602 2164 promulga-

656 2165 850 2232 tione.
946 2166 1046 2231 Ac
1099 2165 1306 2230 fateor
1364 2164 1654 2248 quidem,
1723 2163 2008 2231 edictum
2062 2166 2297 2232 merito
2354 2164 2475 2231 tibi
2529 2165 2602 2232 in

654 2250 983 2336 plerisque
1028 2247 1388 2333 displicere.
1477 2248 1614 2316 Sed
1655 2251 1925 2326 interea.
1971 2251 2027 2317 si
2068 2251 2178 2319 hic
2221 2272 2416 2327 esses,
2461 2259 2602 2317 tute

652 2357 909 2402 mecum
958 2336 1273 2412 fatereris,
1330 2335 1502 2419 quod
1556 2335 1912 2402 adversarii
1966 2338 2140 2403 clare
2196 2336 2604 2420 prospiciunt

653 2443 730 2488 ac
792 2420 1068 2506 proinde
1131 2422 1435 2486 omnibus
1493 2420 1705 2487 modis
1769 2421 2085 2505 impedire
2144 2424 2362 2490 conati
2428 2431 2601 2503 sunt,

655 2507 861 2574 semel
903 2505 1092 2573 nobis
1115 2507 1349 2590 quovis
1392 2507 1582 2573 modo
1626 2528 1931 2574 concessa
1952 2509 2376 2593 magistratus
2419 2516 2603 2574 auto-

655 2594 849 2660 ritate
900 2591 1332 2676 collapsuram
1386 2599 1667 2676 papatus
1731 2594 2152 2675 tyrannidem
2216 2602 2284 2659 et
2343 2601 2603 2661 caetera

655 2678 828 2745 ultro
872 2678 1366 2763 subsequutura.
1439 2679 1671 2764 Itaque
1713 2679 1782 2744 id
1818 2702 2022 2746 unum
2058 2701 2284 2750 vereor
2325 2700 2409 2746 ne
2451 2680 2602 2747 hos-

657 2773 757 2832 tes
799 2777 1023 2850 aperta
1065 2766 1150 2845 vi,
1210 2764 1739 2849 quandoquidem
1799 2766 1990 2832 aliter
2047 2787 2176 2832 non
2223 2773 2601 2849 potuerunt,

656 2851 940 2918 edictum
1020 2850 1415 2917 rescindant.
1522 2850 1692 2917 Nam
1775 2853 2050 2918 summis
2127 2873 2357 2917 eorum
2433 2853 2603 2919 votis

661 2937 1021 3004 Gwisianus
1061 2937 1240 3002 intra
1279 2937 1573 3002 triduum
1617 2944 2027 3021 exspectatur
2071 2958 2111 3004 a
2148 2938 2404 3005 Iuliano
2449 2959 2600 3005 evo-

657 3031 858 3089 catus.
886 3024 941 3105 ³)
1011 3021 1277 3103 Quanta
1319 3022 1521 3107 igitur
1555 3025 1913 3091 certamina
1947 3025 2133 3091 nobis
2174 3026 2264 3089 im
2315 3022 2602 3091 endeant

656 3107 857 3174 vides.
928 3106 1067 3174 Sed
1109 3108 1237 3175 hoc
1275 3130 1381 3175 me
1424 3109 1615 3176 valde
1671 3110 2059 3192 consolatur,
2116 3131 2242 3194 quo
2343 3117 2599 3176 nostro-

658 3214 810 3259 rum
853 3201 919 3258 et
962 3213 1308 3261 numerum
1354 3203 1420 3261 et
1463 3196 1718 3262 animos
1759 3195 2049 3280 quotidie
2099 3195 2291 3264 video
2333 3195 2599 3261 mirabi-

657 3277 810 3343 liter
868 3299 1174 3358 crescere,
1240 3279 1398 3347 adeo
1455 3288 1532 3346 ut
1586 3303 1863 3367 sperem,
1930 3284 1987 3348 si
2050 3301 2324 3367 pergere
2386 3281 2598 3362 liceat,

656 3365 1082 3451 paucissimos
1124 3374 1278 3433 ante
1317 3374 1615 3433 exactam
1660 3374 1976 3433 aestatem
2019 3368 2090 3432 in
2127 3368 2416 3450 hostium
2460 3389 2601 3434 cas-

657 3451 782 3516 tris
823 3450 1099 3517 futuros.
1189 3450 1382 3533 Quod
1424 3460 1642 3518 autem
1688 3452 1772 3517 ad
1815 3474 1920 3518 me
1963 3454 2217 3531 attinet,
2275 3453 2443 3518 mihi
2486 3474 2603 3518 ne-

656 3538 756 3603 fizs
799 3547 901 3603 est
943 3543 1097 3602 ante
1140 3536 1335 3604 edicti
1390 3538 1982 3624 promulgationem
2042 3547 2108 3603 et
2152 3540 2368 3624 aliquo
2409 3539 2604 3605 modo

658 3623 1083 3689 constitutam
1120 3624 1356 3707 quietis
1391 3625 1672 3708 speciem
1706 3626 1777 3690 in
1812 3625 1952 3709 ipso
1986 3625 2277 3691 hostium
2313 3623 2603 3691 adventu

656 3708 894 3775 fratres
959 3711 1031 3773 in
1096 3731 1202 3773 me
1266 3710 1685 3794 respicientes
1762 3710 2078 3777 deserere.
2190 3710 2364 3777 Aula
2427 3717 2604 3776 certo

656 3794 942 3874 consili0,
989 3800 1063 3860 ut
1110 3793 1369 3880 longius
1413 3796 1495 3862 ab
1535 3795 1662 3863 hac
1703 3798 1864 3864 urbe
1909 3797 2313 3864 abducantur
2356 3796 2605 3862 tumul·

657 3889 848 3946 tuum
914 3889 1193 3960 autores,
1259 3902 1405 3948 cras
1470 3902 1552 3947 ex
1620 3881 2070 3967 Sangermano
2136 3883 2602 3967 proficiscetur,

655 3966 1158 4050 Bellaquensem
1213 3968 1459 4033 fontem
1515 3988 1818 4035 reversus
1842 3971 1903 4048 ⁴)
1945 3976 2013 4033 et
2069 3968 2260 4053 paulo
2314 3978 2464 4053 post
2518 3967 2604 4034 ad

652 4051 1057 4119 Molinenses
1099 4053 1465 4132 contendet,
1509 4055 1639 4120 nisi
1679 4060 1972 4120 mutetur
2013 4054 2373 4134 consilium,
2429 4054 2602 4139 quod

654 4138 930 4224 singulis
983 4159 1192 4223 paene
1236 4141 1311 4205 fit
1352 4140 1718 4218 momentis,
1777 4147 1857 4205 ut
1912 4139 2106 4239 plane
2162 4160 2340 4206 nunc
2382 4141 2604 4207 valeat

656 4224 825 4306 quod
867 4226 1103 4291 merito
1145 4226 1358 4291 fertur
1399 4223 1480 4291 de
1521 4224 1759 4309 gallica
1799 4225 2089 4293 levitate.

828 4309 1191 4395 Bullinyeri
1234 4311 1461 4376 literae
1492 4308 1547 4395 Β)
1589 4331 1858 4395 prorsus
1894 4312 2280 4396 tempestive
2315 4311 2601 4379 advene·

658 4403 817 4459 runt
874 4398 1170 4477 quamvis
1246 4417 1379 4462 non
1456 4407 1592 4461 tam
1655 4397 1879 4481 copiae
1943 4405 2342 4481 quaerantur
2404 4417 2600 4481 quam

658 4481 997 4563 promissa,
1055 4482 1289 4563 quibus
1349 4481 1616 4566 reginae
1682 4481 1942 4548 animus
2005 4484 2427 4549 confirmetur
2485 4483 2600 4548 ad-

660 4585 891 4630 versus
946 4566 1222 4632 aliorum
1276 4569 1505 4633 minas.
1592 4566 1826 4651 Itaque
1893 4565 2087 4632 biduo
2151 4576 2299 4651 post
2360 4569 2603 4635 missus

864 4805 899 4858 2
957 4805 1326 4888 Navoa-reni...
1351 4806 1623 4878 Loquitur
1657 4808 1726 4864 de
1758 4812 1961 4865 coum
1994 4813 2055 4864 ut
2087 4807 2320 4864 edictum
2338 4807 2608 4865 Ianuarii

654 4890 760 4945 per
791 4890 898 4943 par
1076 4880 1189 4930 tam
1221 4883 1534 4932 rasceretur
1566 4879 1946 4945 sataqentium.

872 4942 932 5009 3)
973 4943 1226 5026 Lanpuet
1260 4943 1308 4997 2.
1346 4943 1517 5000 Mart.
1545 4961 1606 5014 p.
1638 4945 1741 5001 207
1758 4967 1775 4998 .·
1823 4947 2103 5003 Navarrus
2149 4948 2256 5001 iam
2291 4951 2378 5001 est
2410 4964 2446 5000 a
2480 4963 2606 5001 nos·

662 5014 767 5067 tris
819 5012 981 5081 plane
1036 5014 1258 5067 ahenas.
1330 5012 1685 5070 Castilioueos
1732 5032 1765 5070 o
1805 5022 2009 5085 pugnat
2053 5021 2111 5070 et
2145 5015 2363 5070 Guisios
2403 5015 2606 5071 dicitur

662 5097 937 5136 revocare.
974 5109 1042 5120 -
1078 5082 1234 5136 Idm
1266 5079 1350 5135 30.
1389 5080 1562 5137 Mart.
1592 5099 1648 5151 p.
1684 5083 1768 5137 21⁶
1793 5102 1815 5139 .·
1861 5084 2141 5155 Ingressus
2176 5090 2262 5139 est
2295 5084 2514 5140 Gnisius
2546 5087 2604 5140 in

662 5151 802 5207 hanc
838 5150 1030 5272 nibem
1066 5148 1133 5203 16
1168 5149 1325 5204 huius
1361 5153 1511 5219 regia
1542 5153 1958 5220 magnificentia·

663 5218 2607 5427 wggffiiumwmmaaemmmmzme

2699 625 2800 687 est
2855 617 3177 703 expeditis
3234 618 3420 718 equis
3471 618 3753 685 nuncius
3806 617 3921 702 qui
3977 623 4045 684 et
4098 637 4247 683 cum
4311 615 4609 685 Helvetiis

2697 710 2767 771 et
2798 726 2950 771 cum
2985 704 3340 772 Germams
3375 710 3547 789 agat.
3618 704 3858 770 'l'otum
3893 710 4114 771 autem
4147 704 4275 769 hoc
4304 703 4608 789 negotium

2696 790 2980 857 libenter
3036 797 3105 855 et
3156 811 3196 855 a
3250 798 3318 856 te
3370 797 3439 854 et
3493 811 3534 856 a
3587 811 3694 857 me
3750 789 3822 855 in
3868 787 3946 873 G>
3996 789 4292 875 legatum
4316 790 4376 868 ⁶)
4425 789 4608 856 reieci.

2699 875 2869 1028 Sedb
2899 865 3212 961 quidquid
3287 896 3659 961 cognovero
3723 874 4150 942 nihilominus
4215 873 4299 940 ad
4363 883 4429 941 te
4484 895 4609 958 per-

2696 983 2827 1029 sen
2871 983 2995 1028 am.

2868 1048 2974 1114 De
3034 1046 3284 1115 Sulzeri
3344 1046 3555 1113 literis
3612 1045 3882 1114 consilio
3946 1056 4059 1113 tuo
4122 1046 4457 1131 obsequar,
4511 1066 4612 1111 nec

2697 1132 3102 1201 committam
3154 1140 3232 1199 ut
3285 1134 3465 1199 canis
3523 1132 3701 1199 illius
3761 1133 4106 1200 latratibus
4148 1132 4255 1199 vel
4297 1131 4614 1197 minimum

2697 1219 3097 1304 quotidianis
3139 1220 3381 1286 nostris
3426 1219 3601 1285 curis
3643 1217 3926 1286 accedat.
4013 1219 4119 1285 De
4152 1216 4455 1288 Badueui
4491 1238 4614 1284 suc-

2698 1325 2954 1371 cessore
2980 1311 3038 1385 ⁷)
3083 1325 3296 1390 nuper
3330 1306 3458 1373 scri
3505 1306 3561 1371 si
3603 1304 3951 1388 pleuritide
3984 1311 4358 1388 correptum
4392 1322 4476 1368 ex
4506 1323 4616 1387 qua

2699 1391 2994 1458 nondum
3038 1391 3389 1459 convaluit.
3516 1389 3599 1457 ed
3630 1411 3865 1457 vereor
3898 1398 3975 1457 ut
4016 1391 4310 1458 animum
4352 1389 4614 1454 mutarit

2702 1477 3056 1562 Appellabo
3099 1486 3322 1543 tamen
3365 1477 3697 1544 hominem
3733 1485 3801 1542 et
3843 1482 4161 1561 quantum
4201 1482 4430 1560 potero
4468 1496 4617 1541 com·

2701 1564 2998 1630 monebo,
3071 1562 3302 1647 Neque
3358 1564 3534 1629 enim
3597 1563 3668 1628 in
3731 1563 3861 1630 ista
3923 1569 4259 1648 pastorum
4320 1560 4617 1645 paucitate

2701 1646 2782 1715 de
2824 1649 2961 1714 ulla
3003 1670 3077 1715 re
3119 1648 3307 1715 nobis
3347 1650 3636 1733 putarim
3678 1650 3890 1735 magis
3946 1646 4398 1727 laborandum,
4451 1666 4618 1731 quam

2701 1743 2777 1800 ut
2819 1735 3044 1802 schola
3084 1741 3309 1801 nostra
3352 1734 3626 1801 eruditis
3669 1733 4041 1803 doctoribus
4087 1740 4158 1801 et
4200 1733 4469 1801 attentis
4509 1731 4620 1798 dis-

2701 1820 2937 1904 cipulis
2981 1820 3286 1888 abundet.
3356 1821 3592 1905 Itaque
3625 1819 3764 1887 dies
3805 1829 3875 1888 et
3915 1827 4138 1888 noctes
4180 1819 4262 1886 de
4303 1819 4430 1886 hoc
4470 1819 4617 1904 cogi·

2701 1915 2840 1972 tare
2881 1928 2990 1973 me
3032 1907 3212 1986 scite,
3257 1906 3517 1974 etiamsi
3558 1906 3734 1992 quod
3775 1908 3965 1993 cupio
4007 1928 4141 1972 non
4184 1905 4482 1973 efficiam.

2875 1992 3062 2074 Quae
3106 1993 3190 2058 ad
3228 2015 3347 2060 nos
3382 1993 3465 2059 de
3507 1993 3769 2059 concilii
3811 1992 4289 2059 conditionibus
4331 1990 4622 2075 scripsisti

2701 2078 2891 2145 nobis
2924 2079 3300 2164 gratissima
3341 2078 3631 2159 fuerunt,
3677 2100 3753 2145 ac
3787 2076 4060 2162 proinde
4103 2079 4222 2145 tibi
4258 2098 4379 2161 pro
4412 2077 4529 2144 hoc
4565 2075 4623 2139 in

2704 2163 3009 2232 ecclesias
3051 2165 3262 2232 officio
3317 2185 3627 2250 magnam
3684 2166 3963 2250 gratiam
4006 2165 4344 2233 habemus.
4433 2160 4623 2229 Simul

2704 2257 2899 2335 atque
2947 2250 3442 2335 promulgatum
3494 2251 3691 2317 fuerit
3734 2248 4039 2332 edictum,
4094 2248 4268 2335 quod
4309 2267 4455 2316 cras
4504 2247 4623 2312 fore

2704 2358 3062 2421 speramus,
3121 2338 3581 2404 constituimus
3624 2334 4012 2402 Tridentino
4065 2334 4490 2403 conciliabulo
4526 2353 4624 2418 pa-

2703 2422 2836 2488 lam
2895 2421 3315 2502 intercedere,
3375 2444 3462 2489 ne
3520 2421 3679 2508 quid
3732 2422 4087 2490 adversarii
4129 2422 4254 2489 hoc
4302 2425 4625 2504 praetextu

2703 2509 2774 2574 in
2817 2529 2938 2575 nos
2980 2510 3353 2575 moliantur.

2880 2594 3315 2663 Normandius
3356 2602 3581 2662 noster
3621 2594 3917 2662 nondum
3959 2616 4044 2659 ex
4085 2592 4391 2661 Picardia
4437 2589 4623 2657 rediit.

2707 2681 2890 2746 Bene
2933 2681 3099 2762 vale,
3155 2682 3247 2747 mi
3302 2687 3506 2765 pater.
3583 2680 3901 2746 Dominus
3941 2680 4130 2746 Iesus
4172 2686 4241 2745 te
4284 2685 4502 2746 servet
4538 2678 4624 2741 in·

2707 2767 3027 2833 columem
3070 2774 3137 2832 et
3178 2766 3423 2833 sanctis
3457 2768 3594 2833 tuis
3634 2764 3964 2833 laboribus
4005 2765 4365 2832 benedicat.
4442 2762 4627 2828 Novis

2706 2852 2998 2937 syndicis
3053 2873 3299 2918 annum
3357 2872 3745 2938 prosperum
3802 2852 4054 2937 totique
4108 2851 4365 2918 senatui
4408 2858 4472 2916 et
4513 2847 4626 2915 col·

2705 2938 2885 3091 163·ιῆ
2933 2939 3238 3006 omnibus
3301 2939 3577 3006 multam
3643 2938 3923 3004 salutem
3988 2958 4235 3022 precor.
4344 2934 4627 3003 Lutetiae

2706 3031 2764 3090 4.
2886 3023 3038 3092 artii
3088 3029 3266 3090 1561.

4062 3160 4246 3227 Tuus
4291 3159 4471 3225 Beza-

3586 3709 3787 3781 3738.

3201 3862 3680 3932 'POSSANUS
3724 3863 4160 3931 OALVINO.

2879 4036 3032 4105 Post
3073 4039 3450 4104 diuturnum
3496 4034 3749 4107 Cahtini
3800 4036 4117 4104 silentium
4156 4036 4357 4102 denuo
4396 4053 4525 4100 cnm
4557 4050 4617 4097 eo

2702 4130 2962 4192 veterem
3002 4125 3304 4190 rationem
3343 4123 3513 4190 ioaire
3551 4123 3739 4204 cupit,
3781 4128 3852 4189 ut
3891 4123 4149 4202 videtur,
4213 4122 4323 4187 sed
4363 4119 4456 4187 m'l
4495 4135 4618 4202 pro-

2700 4210 2826 4293 fert
2868 4211 3002 4276 nisi
3042 4209 3378 4277 dome-fica
3419 4209 3730 4291 quaedam
3771 4212 3829 4275 et
3868 4228 4030 4292 quae
4070 4207 4146 4273 de
4185 4206 4482 4290 colloquio
4519 4205 4618 4270 Τα-

2702 4295 2914 4362 bernis
2952 4295 3158 4362 habito
3198 4296 3467 4362 rescivit.

2998 4467 3110 4534 (Ex
3144 4465 3487 4536 autographo
3523 4465 3654 4521 Ood.
3692 4465 3898 4520 Gener.
3937 4464 4052 4534 110,
4085 4465 4177 4520 fol.
4220 4462 4367 4532 167.)

2875 4638 3258 4706 Clarissimo
3331 4639 3472 4704 viro
3536 4637 3622 4702 D.
3687 4637 3922 4704 Ioanni
3986 4634 4266 4702 Calvino
4342 4634 4618 4702 ecclesiae

2706 4725 3119 4793 Genevensis
3139 4724 3386 4808 pastori
3408 4722 3671 4789 domino
3702 4745 3820 4789 suo
3856 4731 3923 4789 et
3956 4723 4144 4788 fratri
4146 4720 4615 4876 ἐξὲξᾶῗὲεἰωο.

2877 4979 2951 5049 S.
3023 4979 3502 5046 Oolendissime
3550 4980 3825 5060 Calvina,
3878 4981 4109 5065 scripsi
4152 4979 4237 5047 ad
4281 4988 4348 5046 te
4390 4979 4485 5045 bis
4520 4980 4616 5040 aut

2706 5076 2807 5135 ter
2850 5088 2890 5133 a
2931 5061 3197 5133 biennio
3241 5072 3356 5131 aut
3399 5067 3700 5146 triennio,
3745 5075 3812 5133 et
3856 5067 4158 5133 existimo
4199 5066 4424 5132 literas
4463 5079 4615 5128 meas

2910 5287 2970 5356 6)
3013 5287 3061 5343 ο
3099 5288 3112 5300 ·
3335 5288 3367 5343 3

2910 5357 2972 5426 ’1)
3008 5355 3071 5410 Ν.
3176 5357 3261 5413 98.
3295 5357 3446 5413 3⁷06.
