4850 6117
641 389 763 452 299

640 576 841 641 finem
908 592 1115 654 usque
1176 592 1480 655 pergere:
1571 571 1684 636 sed
1749 591 1951 654 quum
2017 570 2587 649 animadverteret,

638 660 940 725 factiosos
984 655 1298 740 quosdam
1342 656 1465 722 hac
1508 657 1841 724 occasione
1883 666 2147 739 arrepta
2180 658 2437 721 interea
2471 677 2589 740 per

641 743 976 813 cuniculos
1041 742 1217 808 aliud
1286 742 1519 817 moliri,
1592 741 1855 808 tandem
1920 764 2038 825 per
2103 742 2588 807 Cancellarium

641 831 1056 916 significavit,
1089 830 1211 895 sibi
1246 849 1378 893 non
1416 828 1623 892 videri
1657 839 1733 893 ut
1765 828 2145 911 procederet
2178 828 2588 911 colloquium,

640 914 1160 1002 quandoquidem
1201 915 1272 979 in
1317 916 1529 996 primo
1574 916 1806 996 capite,
1858 913 2030 997 quod
2074 914 2362 978 maxime
2407 912 2587 980 vide-

646 1005 838 1070 batur
881 1002 1310 1084 perspicuum,
1360 1009 1545 1064 tanta
1589 1010 1935 1084 appareret
1977 999 2311 1066 dissensio.
2401 999 2589 1065 Nihil

641 1091 764 1155 hoc
807 1088 1074 1152 consilio
1118 1086 1371 1170 gratius
1416 1086 1707 1152 accidere
1748 1088 1967 1169 potuit
2004 1087 2245 1151 nostris
2281 1085 2586 1151 adversa-

640 1177 759 1240 riis
826 1174 1059 1255 quibus
1124 1176 1247 1236 iste
1314 1171 1508 1236 ludus
1572 1173 1842 1237 minime
1907 1171 2222 1255 placebat,
2291 1171 2451 1236 adeo
2515 1182 2602 1236 ut·

642 1263 781 1345 ipse
814 1258 1229 1324 Demochares
1265 1258 1520 1332 (asinus
1556 1260 1851 1322 omnium
1884 1256 2378 1341 quadrupedum
2417 1257 2587 1323 Maz-

641 1347 879 1424 lan’o‘)
922 1353 1213 1426 excepto,
1258 1344 1788 1423 infacetissimus)
1835 1365 2044 1427 paene
2088 1345 2188 1410 sui
2234 1343 2475 1408 oblitus
2514 1344 2584 1408 in

639 1453 820 1499 meos
885 1428 1227 1512 amplexus
1291 1438 1528 1506 rueret,
1595 1440 1661 1494 et
1716 1431 1859 1496 eius
1911 1429 2164 1495 sodales
2230 1430 2585 1495 honorifice

643 1540 749 1584 me
824 1515 1204 1581 salutarent.
1318 1515 1644 1598 Relinquo
1713 1516 1834 1580 tibi
1898 1514 2323 1599 cogitandum
2387 1536 2582 1599 quam

644 1603 809 1671 belle
851 1602 1016 1666 mibi
1074 1621 1221 1666 cum
1279 1601 1410 1665 illis
1464 1602 1685 1666 bestiis
1727 1602 2123 1667 convenerit.
2210 1600 2407 1666 Certe
2450 1622 2582 1666 non

641 1692 783 1755 sine
826 1688 965 1752 risu
1007 1688 1214 1769 ipsius
1262 1687 1555 1770 Reginae
1599 1688 1744 1752 illos
1789 1708 1828 1750 a
1868 1706 1974 1752 me
2011 1687 2246 1752 dimisi.
2319 1687 2583 1751 Interea

640 1774 798 1840 inssi
876 1794 1101 1839 sumus
1165 1789 1457 1838 nostram
1523 1772 1603 1838 de
1669 1772 1935 1855 reliquis
2001 1774 2193 1837 etiam
2259 1773 2583 1855 capitibus

640 1860 1026 1928 sententiam
1073 1862 1292 1941 paucis
1336 1859 1754 1941 perscribere.
1827 1857 1962 1924 Sed
2005 1858 2128 1924 hoc
2162 1860 2292 1936 fiet,
2329 1859 2580 1942 opinor,

641 1947 723 2013 ad
769 1944 1073 2012 calendas
1162 1964 1400 2010 rascas.

810 2031 1074 2096 Interea
1158 2051 1273 2094 um
1318 2030 1477 2095 haec
1520 2030 1739 2096 fabula
1781 2031 2136 2114 peragitur,
2182 2052 2312 2096 non
2355 2030 2584 2095 credas

640 2139 805 2202 quas
869 2116 1053 2183 nobis
1118 2116 1483 2199 tragoedias
1542 2118 1844 2183 excitarit
1897 2116 2006 2180 ille
2061 2136 2255 2199 quem
2310 2115 2585 2181 minime

641 2205 936 2270 omnium
956 2202 1332 2285 oportuit-⁵)
1357 2200 1436 2266 de
1458 2223 1585 2284 quo
1619 2203 1675 2266 si
1698 2201 2000 2284 deinceps
2035 2204 2353 2285 scripsero
2382 2201 2585 2267 Iulia-

640 2311 795 2356 num
815 2287 1078 2355 vocabo.
1139 2289 1371 2353 Dicam
1394 2307 1528 2353 uno
1551 2287 1767 2365 verbo,
1793 2310 1954 2372 opus
1981 2296 2080 2353 est
2101 2286 2372 2353 Domini
2405 2289 2585 2352 iusta

643 2398 765 2442 sua
819 2374 1059 2441 iudicia
1101 2375 1491 2440 exercentis:
1550 2382 1617 2438 et
1655 2376 1770 2439 vix
1811 2375 2021 2440 ullum
2076 2383 2294 2440 exstat
2351 2373 2584 2439 similis

642 2460 928 2527 levitatis
963 2458 1269 2543 perfidiae
1313 2459 1575 2525 sceleris
1612 2461 2006 2543 exemplum.
2073 2459 2301 2542 Neque
2343 2456 2585 2541 puduit

642 2546 852 2624 illum,
868 2565 995 2629 quo
1008 2544 1113 2610 die
1135 2566 1279 2610 sum
1306 2566 1453 2611 eum
1475 2547 1547 2609 in
1568 2545 1808 2610 lectulo
1830 2545 2223 2628 alloquutus,
2240 2566 2372 2610 non
2394 2545 2584 2611 aliter

644 2652 904 2698 mecum
969 2652 1165 2715 agere
1230 2651 1422 2713 quam
1489 2632 1545 2695 si
1612 2632 1980 2713 ignorarem
2046 2652 2212 2714 quae
2272 2630 2380 2695 vel
2420 2632 2583 2714 ipsis

642 2717 864 2803 pueris
927 2728 1082 2784 nota
1145 2725 1314 2782 sunt.
1405 2718 1510 2783 Ab
1578 2738 1652 2782 eo
1720 2731 2010 2801 tempore
2075 2718 2298 2782 odium
2361 2719 2434 2781 in
2476 2736 2584 2781 me

644 2825 840 2870 suum
875 2823 1005 2869 non
1042 2806 1174 2869 iam
1205 2802 1616 2869 dissimulare
1650 2803 1765 2868 sed
1801 2812 2022 2886 aperte
2043 2803 2317 2885 prodere
2351 2803 2581 2885 coepit,

645 2900 712 2956 et
753 2891 986 2973 spiritu
1027 2889 1201 2954 malo
1244 2889 1462 2971 palam
1518 2891 1803 2972 agitatus
1847 2890 2154 2955 insanire.
2239 2887 2376 2955 Sed
2420 2889 2584 2955 bene

643 2977 845 3043 habet
886 2973 1057 3058 quod
1097 2973 1282 3040 Deus
1325 2995 1583 3040 omnem
1626 2974 1726 3039 illi
1767 2985 2052 3040 mentem
2098 2974 2360 3053 ademit,
2421 2975 2584 3039 adeo

644 3072 723 3127 ut
764 3083 850 3125 ne
891 3061 1163 3126 insanus
1205 3060 1466 3143 quidem
1509 3060 1811 3126 videatur
1844 3080 2240 3145 magnopere
2275 3059 2586 3126 formida-

646 3147 811 3213 bilis.
900 3146 1193 3212 Uxorem
1236 3158 1454 3211 autem
1497 3146 1618 3212 tibi
1682 3146 1938 3213 affirmo
1996 3146 2192 3230 duplo
2247 3146 2585 3213 fortiorem

647 3252 808 3310 esse,
896 3252 1044 3297 uam
1092 3253 1380 3315 unquam
1423 3242 1631 3297 antea.

1232 3316 1639 3395 convalescit,
1726 3318 1838 3383 sed
1879 3319 2019 3383 eius
2082 3319 2303 3383 vultus
2369 3318 2585 3382 nescio

650 3403 805 3488 quid
850 3406 1037 3469 triste
1083 3402 1241 3467 mihi
1287 3404 1635 3479 ominatur,
1682 3404 1753 3468 in
1794 3424 1921 3486 quo
1966 3404 2217 3468 utinam
2261 3424 2367 3468 me
2400 3401 2589 3467 fallat

652 3565 833 3571 ——ff—
860 3562 1051 3571 ⁴—·———

850 3662 912 3728 4)
945 3662 1086 3715 Jean
1110 3660 1372 3719 Maillard,
1408 3660 1581 3728 doyen
1615 3660 1683 3713 de
1720 3661 1774 3713 la
1796 3660 2073 3715 Sorbonne
2110 3660 2321 3724 (Baum
2335 3658 2403 3713 11.
2438 3659 2587 3727 516.)

850 3729 912 3796 5)
955 3726 1118 3783 Me'm.
1157 3728 1223 3781 de
1241 3726 1534 3783 Castelnau
1566 3729 1600 3782 l.
1636 3728 1731 3781 111.
1763 3745 1822 3798 p.
1840 3728 1938 3782 78.-
1972 3730 2052 3783 La
2077 3727 2478 3783 reconciliation
2512 3729 2586 3781 du

648 3817 744 3869 roy
782 3800 851 3853 de
888 3798 1132 3851 Navarre
1166 3809 1297 3850 avec
1343 3814 1477 3852 ceux
1528 3798 1600 3850 de
1645 3799 1808 3852 Guise
1852 3799 1934 3851 fut
1967 3798 2175 3852 maniee
2219 3799 2329 3851 fort
2373 3797 2589 3852 dextre-

646 3874 798 3923 ment
843 3885 944 3937 par
993 3867 1045 3920 le
1081 3865 1237 3920 Card.
1283 3866 1352 3918 de
1388 3866 1618 3920 Fen-are
1657 3903 1670 3916 .
1706 3906 1719 3918 .
1760 3907 1772 3918 .
1809 3908 1821 3918 .
1876 3869 2144 3936 Quelques
2190 3884 2291 3920 uns
2336 3866 2587 3920 de'sireux

647 3940 717 3992 de
752 3940 830 3991 les
866 3937 986 3990 voir
1028 3936 1208 3987 renuis
1253 3935 1435 3989 ditent
1467 3952 1535 3988 au
1571 3936 1931 3989 Connestable
1974 3941 2032 3990 et
2064 3954 2133 3990 au
2177 3938 2281 3991 duc
2313 3936 2381 3988 de
2417 3936 2586 3991 Guise

688 4022 754 4064 ue
790 4008 841 4060 le
876 4006 998 4075 Roy
1032 4014 1089 4057 et
1125 4003 1307 4058 Conde’
1341 4005 1618 4058 vonloient
1665 4006 1782 4058 leur
1826 4005 1961 4058 faire
2008 4006 2203 4059 rendre
2237 4012 2453 4074 compte
2489 4004 2585 4059 des

647 4026 882 4130 {nenses
923 4075 992 4128 de
1028 4074 1238 4126 France
1283 4073 1437 4140 qu'ils
1482 4074 1702 4126 avoieut
1748 4073 1983 4127 manie'es
2031 4090 2157 4128 sous
2202 4075 2387 4142 Henry
2420 4074 2491 4128 11.
2529 4079 2587 4127 et

651 4145 907 4212 Francois
940 4142 1029 4210 ΙΙ.,
1065 4148 1123 4194 et
1167 4144 1227 4195 re
1267 4142 1384 4194 e'ter
1429 4142 1509 4194 les
1553 4141 1689 4195 dons
1730 4143 1985 4196 excessistis
2018 4143 2052 4195 a
2085 4160 2190 4196 eux
2225 4144 2351 4196 faits
2386 4149 2444 4195 et
2479 4159 2585 4211 que

650 4215 701 4267 le
736 4228 932 4282 moyen
965 4211 1104 4264 d'em
1177 4158 1334 4263 seber
1376 4211 1493 4263 cela
1537 4211 1704 4263 seroit
1749 4213 1885 4264 tirer
1930 4212 1980 4264 le
2017 4211 2136 4281 Roy
2172 4212 2241 4264 de
2285 4212 2403 4264 leur
2438 4211 2585 4264 coste

652 4299 719 4335 en
765 4283 857 4349 luy
903 4297 1097 4348 persua
1168 4285 1232 4331 ut
1268 4296 1378 4346 que
1425 4280 1477 4332 le
1523 4279 1673 4343 Pape
1716 4281 1863 4333 avoit
1907 4286 2027 4332 tant
2066 4280 2168 4332 fait
2212 4295 2345 4332 avec
2387 4280 2439 4332 le
2487 4295 2585 4349 roy

651 4349 815 4415 d'Esp
922 4365 952 4400 8
998 4349 1126 4416 qu’il
1170 4348 1224 4400 lu
1304 4348 1550 4401 rendroit
1593 4348 1644 4400 le
1688 4364 1944 4417 royaume
1989 4348 2058 4401 de
2094 4348 2338 4401 Navarre
2372 4364 2583 4415 pourvu

653 4418 781 4487 qu’il
834 4424 941 4469 tint
990 4418 1040 4468 le
1094 4425 1237 4485 parti
1288 4417 1490 4471 catholi
1531 4432 1614 4469 118.
1685 4417 1788 4471 Ges
1829 4433 2031 4486 propos
2077 4417 2259 4470 furent
2300 4416 2584 4470 confirmes

651 4504 753 4608 {iar
804 4487 854 4537 le
891 4484 1073 4538 Nonce
1120 4493 1177 4538 et
1222 4434 1642 4538 l’mbusazenr
1687 4484 1813 4538 d'Es
1960 4502 2007 4552 e,
2051 4486 2144 4555 qui
2190 4485 2586 4538 s'cntendoieut

688 4572 760 4608 un
796 4570 927 4606 avec
969 4553 1158 4606 l'autre
1205 4555 1559 4608 connoissant
1597 4554 1651 4607 18
1697 4554 1899 4607 facilite
1935 4555 2003 4607 de
2045 4571 2106 4607 ce
2151 4555 2335 4622 prince
2370 4553 2404 4606 a
2440 4559 2583 4607 estre

1002 4621 1219 4675 D'autre
1263 4622 1410 4675 coste
1458 4623 1498 4675 il
1545 4624 1635 4690 luy
1669 4622 1898 4677 faschoit
1942 4622 2140 4676 d'estre
2186 4622 2450 4676 controlle
2486 4639 2586 4690 par

671 4692 898 4745 'Amiral
934 4695 992 4743 et
1024 4695 1207 4742 autres
1254 4699 1587 4757 protestante
1619 4690 1688 4744 de
1734 4692 1789 4744 la
1821 4707 1951 4746 conr
1985 4698 2076 4746 etc.
2148 4690 2324 4759 comp.
2358 4691 2436 4746 les
2468 4690 2588 4745 Aa·

654 4761 749 4814 dir.
789 4760 854 4812 de
888 4758 972 4813 Le
1012 4757 1329 4811 Laeonum
1360 4774 1416 4826 p.
1449 4758 1564 4813 744.
1605 4788 1671 4799 -
1706 4760 1891 4814 Lettre
1923 4760 1990 4816 de
2021 4761 2294 4817 Famem.
2317 4758 2589 4815 01188108-

653 4846 759 4899 noy
794 4827 985 4892 (Μέση.
1009 4825 1076 4880 de
1098 4823 1280 4880 Oonde'
1313 4826 1378 4880 11.
1409 4826 1505 4895 21)
1541 4827 1589 4881 3.
1610 4828 1804 4884 Βόα-,ι
1840 4830 1911 4883 Μ.
1937 4831 2006 4883 de
2025 4830 2309 4884 Vendome
2341 4835 2587 4884 monstro

655 4900 933 4963 beaucoup
979 4895 1046 4947 de
1092 4896 1226 4948 bons
1266 4895 1471 4963 signes,
1518 4899 1652 4951 mais
1696 4913 1834 4966 pour
1878 4898 2212 4953 l'entretenir
2255 4915 2324 4953 en
2370 4914 2433 4952 ce
2476 4900 2585 4952 bon

654 4966 867 5021 chemin
921 4963 960 5016 il
1010 4964 1247 5016 faudrait
1292 4977 1399 5031 que
1449 4966 1501 5016 le
1543 4966 1660 5036 Roy
1693 4968 1784 5033 luy
1829 4968 2061 5022 donnast
2111 4984 2218 5037 ung
2270 4968 2410 5036 petit
2461 4967 2585 5036 plus

655 5036 889 5104 d'espoir
923 5033 991 5085 de
1037 5034 1260 5084 traicter
1304 5047 1435 5084 avec
1477 5033 1569 5102 luy
1605 5051 1699 5087 sur
1744 5051 1831 5088 ses
1874 5038 2228 5105 protentione,
2276 5052 2368 5088 car
2403 5041 2586 5090 autre-

654 5110 807 5159 ment
840 5103 881 5155 il
915 5101 1083 5176 seroit
1116 5101 1224 5153 mal
1271 5099 1402 5169 ayss
1445 5099 1514 5153 de
1559 5104 1861 5185 soubstenir
1905 5105 2248 5173 longuement
2280 5112 2424 5159 ceste
2461 5122 2585 5173 pra-

654 5168 1594 5366 {gu⁰·,3..ffi{ffl⁰ffl⁰3⁰q:.
1611 5178 2256 5296 &ramma
2284 5189 2389 5297 {22²2
2426 5190 2586 5311 ffl.

702 5327 764 5364 er
798 5325 833 5362 a
906 5347 919 5361 .

691 4621 932 4676 crsuade.

2318 381 2786 450 EPISTOLA
2828 384 2994 446 3723

4507 385 4614 448 30⁰

2692 572 3081 638 coniectura.
3169 569 3435 634 Interea
3490 577 3559 633 et
3613 568 3801 635 illum
3858 569 3972 633 tibi
4034 567 4343 634 confirmo
4400 569 4471 633 in
4509 570 4612 637 hoo

2691 659 2919 723 morbo
2983 655 3173 722 valde
3239 654 3636 740 profecisse]
3744 654 3824 719 In
3901 654 4236 720 Posidonio
4303 663 4373 718 et
4434 654 4613 721 altero

2690 745 2832 810 eius
2872 744 3076 808 fratre
3110 741 3280 807 nihil
3316 753 3416 808 est
3452 741 3625 824 quod
3661 742 3973 824 requiras.
4034 739 4331 823 Uterque
4364 741 4549 806 cessit
4563 745 4612 819 ⁶)

2687 830 2868 895 illius
2932 830 3148 894 insani
3209 827 3562 905 furoribus,
3641 826 3757 893 sed
3834 836 4011 892 certo
4088 825 4382 905 consilio,
4462 827 4614 910 quod

2689 915 2875 982 nobis
2932 914 3095 982 utile
3146 915 3285 979 fore
3342 934 3549 997 spero.
3618 912 3919 996 quamvis
3962 911 4341 978 maluissem
4384 912 4465 977 ad
4515 934 4612 977 ex·

2688 1012 2971 1067 tremum
3034 1000 3314 1066 invictos
3380 1020 3524 1064 sese
3581 1018 3923 1083 opponere.
4028 996 4164 1064 sed
4221 997 4417 1064 aliter
4468 998 4613 1063 iudi·

2689 1096 2843 1153 cant
2905 1085 3277 1153 faciendum
3338 1084 3539 1150 fuisse
3595 1083 3830 1168 quibus
3895 1105 4135 1150 arcana
4199 1085 4330 1149 ista
4385 1084 4615 1151 notiora

2687 1184 2844 1238 sunt
2885 1192 3082 1255 quam
3127 1171 3309 1235 mihi.
3379 1171 3528 1237 Hoc
3569 1169 3831 1253 quidem
3873 1170 4025 1248 seio,
4070 1177 4139 1236 et
4179 1169 4352 1253 Regi
4399 1179 4466 1234 et
4501 1171 4612 1237 Re—

2687 1260 2879 1343 ginae
2932 1258 3340 1342 gratissimos
3385 1257 3772 1334 discessisse,
3830 1264 3896 1321 et
3937 1276 4125 1339 spero
4169 1255 4317 1321 aliis
4360 1255 4441 1320 ad
4481 1277 4613 1321 exe-

2685 1344 2937 1409 undum
2981 1345 3247 1407 ianuam
3307 1343 3684 1425 patefecisse
3741 1343 3852 1425 qui
3907 1343 4178 1406 minime
4236 1342 4362 1408 boc
4415 1364 4612 1425 spera—

2684 1440 2855 1495 rant.
2945 1430 3208 1495 'Pertius
3260 1428 3533 1514 frater⁷)
3592 1429 3663 1492 in
3720 1427 3870 1492 aula
3913 1428 4244 1504 remansit,
4301 1426 4513 1507 homo,
4566 1430 4614 1493 si

2685 1519 3027 1600 quisquam
3085 1517 3157 1579 in
3209 1536 3287 1580 80
3346 1514 3576 1579 ordine
3631 1514 3815 1591 alius,
3873 1514 4066 1596 plane
4120 1514 4409 1597 integer:
4473 1513 4611 1579 adeo

2685 1603 2893 1668 effusa
2950 1611 3050 1667 est
3104 1599 3232 1665 Dei
3292 1601 3652 1666 benedictio
3707 1601 3773 1662 in
3832 1607 4031 1665 totam
4068 1599 4248 1663 illam
4295 1599 4609 1664 familiam.

2686 1689 2831 1753 Hac
2874 1687 3209 1754 occasione
3267 1695 3547 1769 arrepta,
3603 1685 3839 1768 cupide
3882 1693 3951 1750 et
3988 1687 4130 1768 ipse
4175 1706 4260 1749 ex
4304 1685 4457 1750 aula
4497 1686 4610 1750 dis-

2683 1776 2849 1839 cessi
2872 1778 2926 1855 8)
2962 1774 3040 1838 ad
3090 1783 3344 1857 patrem
3388 1773 3814 1854 profecturus,
3869 1771 4195 1854 simulque
4248 1792 4357 1835 me
4402 1771 4484 1836 ad
4522 1792 4610 1837 re-

2685 1858 2895 1924 ditum
2951 1878 3356 1944 comparans.
3448 1856 3584 1923 Sed
3638 1877 3784 1922 ecce
3841 1877 4053 1922 novae
4096 1858 4330 1923 turbae
4374 1857 4442 1922 in
4485 1860 4609 1940 qui-

2685 1944 2806 2011 bus
2851 1948 3032 2010 nefas
3073 1945 3198 2009 fuit
3240 1944 3410 2009 hanc
3454 1944 3789 2012 ecclesiam
3833 1945 4048 2020 (cuius
4083 1942 4608 2027 gubernationem

2684 2033 2885 2115 nosti)
2931 2031 3244 2097 deserere.
3308 2028 3506 2117 [Nam
3529 2027 3948 2113 tyrannidem
3992 2028 4173 2093 illam
4221 2049 4421 2112 quam
4464 2040 4616 2093 tant·

2684 2139 2876 2199 opere
2919 2118 3159 2182 metuis
3203 2129 3464 2181 tantum
3534 2115 3717 2180 abest
3759 2123 3838 2180 ut
3902 2126 4121 2180 noster
4164 2125 4434 2181 senatus
4476 2117 4615 2180 arri·

2685 2205 2904 2288 puerit
2967 2212 3042 2268 ut
3103 2201 3357 2284 contra]
3379 2205 3434 2274 ⁹)
3499 2222 3709 2284 neque
3787 2202 4085 2284 precibus
4164 2221 4378 2283 neque
4444 2202 4618 2265 minis

2685 2290 2974 2371 potuerit
3027 2288 3303 2367 exorari,
3369 2296 3445 2352 ut
3498 2287 3910 2370 iniquissima
3966 2288 4165 2351 etiam
4208 2285 4436 2351 addita
4477 2287 4615 2351 duo-

2685 2395 2835 2439 rum
2895 2375 3181 2457 capitum
3242 2372 3681 2439 declaratione
3725 2372 4012 2439 edictum
4057 2371 4520 2456 promulgaret.
4545 2371 4616 2454 ¹⁸)

2684 2460 2864 2527 Hinc
2908 2463 3114 2544 igitur
3146 2459 3388 2525 infiniti
3426 2459 3764 2537 tumultus,
3799 2459 4312 2541 conspirationes
4351 2467 4614 2541 apertae,

2685 2557 2953 2613 mutuae
2996 2544 3244 2622 caedes,
3311 2552 3377 2610 et
3420 2544 3576 2627 quid
3621 2543 3792 2609 uon?
3866 2553 3932 2610 et
3975 2543 4134 2609 haec
4178 2547 4404 2610 omnia
4446 2542 4614 2609 debe-

2687 2655 2832 2698 mus
2875 2640 3143 2715 accepta
3186 2632 3429 2696 referre
3466 2630 3712 2696 Iuliani
3751 2629 4097 2695 furoribus.
4169 2629 4441 2695 Interea
4473 2651 4614 2713 grex

2687 2719 2918 2784 crescit
2974 2717 3250 2783 infinin‘s
3307 2716 3549 2782 modis:
3631 2736 3796 2799 quae
3854 2737 3987 2781 una
4027 2737 4132 2781 res
4174 2737 4280 2779 me
4330 2717 4438 2781 hic
4479 2717 4614 2780 reti-

2689 2813 2816 2882 net,
2898 2805 3202 2886 quoniam
3284 2800 3473 2867 video
3538 2800 3899 2867 Dominum
3981 2800 4134 2867 huic
4195 2801 4614 2885 qualicunque

2689 2911 2835 2955 meo
2876 2890 3083 2955 labori
3128 2886 3525 2954 benedicere.
3605 2887 3867 2953 Abhinc
3908 2886 4330 2971 quatriduum
4378 2887 4615 2971 Regina

2689 2977 2821 3042 huc
2884 2977 3088 3053 venit,
3156 2982 3230 3038 ut
3281 2974 3480 3039 edicti
3545 2974 4132 3058 promulgationem
4195 2980 4611 3057 extorqueret.

2688 3063 2854 3129 Eius
2897 3062 3237 3127 consilium
3292 3061 3519 3126 infelix
3574 3059 3690 3125 ille
3751 3058 4063 3142 impediit.
4153 3059 4467 3126 Edictum
4505 3058 4612 3142 igi-

2691 3161 2801 3213 tur
2842 3147 2976 3226 illa,
3020 3168 3153 3212 una
3195 3167 3346 3212 cum
3391 3166 3470 3211 ea
3511 3166 3706 3229 quam
3749 3144 3888 3209 dixi
3934 3145 4370 3210 declaratione
4413 3164 4614 3213 secum

2692 3234 2978 3312 abstulit,
3047 3242 3113 3296 et
3166 3244 3468 3297 senatum
3524 3232 3779 3296 monuit
3834 3242 3912 3295 ut
3967 3231 4198 3297 saltem
4245 3232 4480 3298 melius
4518 3229 4615 3294 ali-

2690 3319 2859 3404 quod
2903 3319 3243 3385 consilium
3302 3317 3504 3382 daret.
3593 3317 3846 3382 Eodem
3903 3317 4023 3392 die,
4082 3318 4193 3400 qui
4238 3326 4466 3383 tamen
4507 3317 4615 3380 fes-

2688 3416 2797 3472 tus
2839 3427 2970 3470 non
3016 3415 3175 3482 erat,
3257 3404 3681 3469 convenimus
3724 3404 3796 3468 in
3839 3404 4147 3469 concione
4189 3401 4616 3486 pomeridiana

2689 3491 2773 3556 ad
2813 3492 3051 3575 viginti
3096 3491 3382 3574 quinque
3422 3490 3764 3554 hominum
3809 3488 4031 3565 millia,
4071 3489 4142 3553 in
4176 3487 4415 3572 quibus
4448 3497 4615 3554 erant

2689 3577 2954 3661 plurimi
3010 3579 3300 3642 omnium
3356 3575 3659 3640 ordinum
3719 3575 3918 3639 huius
3975 3576 4262 3641 civitatis
4319 3597 4451 3640 non
4504 3572 4613 3638 alio

2688 3664 2933 3739 habitu,
2994 3682 3192 3746 quam
3252 3662 3308 3727 si
3366 3663 3436 3727 in
3480 3661 3729 3726 curiam
3791 3661 4067 3727 fuissent
4128 3661 4507 3745 ingressuri,
4557 3669 4612 3721 et

2686 3773 2768 3815 ex
2849 3749 3185 3815 nobilitate
3261 3746 3743 3831 quamplurimi.
3771 3750 3854 3822 ¹¹)
3962 3747 4110 3813 Hoc
4188 3745 4611 3829 spectaculum

2688 3835 2849 3901 alios
2871 3835 2955 3900 ad
2996 3835 3242 3900 rabiem
3286 3842 3357 3898 et
3390 3832 3907 3916 desperationem
3946 3831 4180 3916 adegit,
4218 3833 4385 3897 81108
4416 3831 4606 3915 fregit,

2687 3921 2848 3986 alios
2890 3922 3104 4004 coegit
3146 3939 3494 4003 suspensos
3529 3918 3824 3984 haerere:
3871 3930 3938 3984 et
3971 3939 4130 3983 sane
4171 3920 4237 3983 in
4277 3919 4384 3984 his
4418 3918 4607 3982 turbis

2686 4007 2948 4091 quidvis
3000 4005 3471 4088 experiendum
3530 4004 3733 4070 video.
3824 4004 4186 4070 Oonsilium
4238 4025 4464 4069 eorum
4513 4001 4606 4085 qui

2684 4095 2754 4158 in
2798 4104 3028 4159 senatu
3071 4091 3260 4157 nobis
3303 4089 3757 4168 adversantur,
3800 4090 3867 4156 id
3911 4100 4012 4156 est
4054 4092 4257 4173 partis
4293 4090 4607 4174 aliquanto

2685 4180 2967 4257 maioris,
3052 4176 3368 4243 eiusmodi
3444 4185 3544 4241 est
3607 4178 3676 4241 in
3742 4196 4014 4242 summa.
4125 4175 4604 4242 Observandum

2887 4418 2947 4482 6)
2991 4417 3344 4487 chantem
3377 4416 3463 4470 23.
3501 4414 3665 4472 Fe'vr.
3699 4419 3755 4484 (l.
3787 4433 3833 4473 c.
3870 4417 3938 4470 11.
3972 4416 4065 4483 23)
4108 4418 4277 4481 refert
4316 4431 4424 4485 quo
4462 4417 4605 4483 pado

2683 4500 2774 4539 eos
2808 4487 3123 4540 adversarii
3162 4502 3229 4541 esc
3273 4486 3408 4541 aula
3441 4502 3710 4541 removere
3751 4486 4051 4541 studebant.
4126 4485 4404 4551 Bruslart,
4433 4499 4490 4552 p.
4523 4479 4606 4534 71.-

2686 4554 2768 4608 En
2808 4572 2868 4608 ce
2904 4561 3082 4623 temps
3114 4571 3180 4625 cy
3218 4555 3291 4610 M.
3322 4554 3602 4608 l'Admiral
3640 4562 3697 4609 et
3720 4556 3793 4608 M.
3817 4555 4107 4609 d’Andelot
4141 4572 4200 4608 se
4236 4554 4518 4607 retirerent
4547 4550 4605 4602 de

2685 4625 2740 4677 18
2771 4624 2938 4677 Gourt
2984 4640 3052 4676 en
3097 4623 3243 4678 leurs
3289 4625 3539 4690 maisons,
3588 4625 3683 4693 qui
3728 4640 3796 4677 ne
3843 4625 3925 4677 fut
3968 4622 4143 4693 grand
4189 4628 4346 4691 perte
4393 4637 4522 4691 pour
4562 4619 4604 4668 ln

2685 4693 3029 4815 gepublique
3063 4709 3227 4761 parce
3262 4691 3419 4761 qu’ils
3455 4693 3691 4747 estoient
3739 4694 3817 4747 les
3851 4694 3972 4761 plus
4015 4692 4217 4761 grands
4253 4692 4491 4745 fauteurs
4520 4688 4602 4740 des

2737 4763 2874 4816 creti
2914 4779 3026 4814 nes.

2877 4779 2948 4897 ᾖ)
2982 4832 3015 4883 2.
3068 4831 3102 4882 1.
3156 4829 3603 4883 semblablement
3655 4831 3706 4882 le
3760 4829 4001 4884 cardinal
4053 4829 4343 4883 deliberoit
4394 4827 4458 4881 de
4507 4824 4602 4876 s’en

2685 4900 2820 4954 aller
2853 4916 2921 4952 eu
2956 4915 3054 4953 son
3089 4898 3350 4953 Evesche.

2888 4967 2949 5033 8)
2984 4966 3061 5021 Sa
3137 4983 3358 5022 mano
3393 4966 3682 5021 Lutetiam.
4565 5030 4576 5040 ·

2684 5107 2720 5159 b
2889 5035 2951 5102 9)
2991 5036 3087 5090 Ed
3127 5077 3139 5088 .
3195 5035 3337 5091 811117
3385 5036 3527 5090 nisi:
3587 5035 3857 5089 deserere.
3939 5035 4168 5089 Senatus
4224 5051 4398 5103 neque
4445 5046 4600 5102 preci·

2721 5122 2784 5159 us
2817 5112 2908 5161 etc.

2863 5172 2951 5241 10)
2991 5172 3243 5240 Lanam
3274 5172 3344 5227 11.
3382 5171 3516 5239 206,-
3550 5173 3815 5227 Bmslart
3844 5188 3902 5239 ρ.
3940 5170 4035 5238 70,·
4082 5172 4231 5227 Hm.
4267 5173 4389 5227 eccl.
4421 5170 4461 5224 1.
4492 5165 4595 5221 689.

2857 5243 2953 5306 11)
2988 5258 3025 5298 a
3060 5244 3249 5310 prm
3291 5258 3460 5296 manu
3475 5264 3490 5292 .·
3541 5243 3754 5312 equites
3805 5241 4023 5296 circiter
4073 5243 4367 5309 octingenti
4416 5239 4597 5308 optime

2684 5311 2955 5366 instructi.
