4850 6117
636 400 765 462 279

636 583 904 653 Alsatia
938 581 1059 656 (sic
1102 578 1365 664 quidam
1410 600 1531 664 pro
1576 583 1755 645 certo
1799 574 2163 657 affirmant)
2206 572 2271 638 id
2320 578 2591 672 agentes

640 680 725 738 ut
766 673 1136 736 interventu
1175 664 1464 731 Palatini
1508 672 1574 730 et
1617 662 1798 729 ducis
1823 659 2248 743 christophori
2268 658 2592 723 Wirtem-

638 755 982 842 bergensis
1016 750 1521 818 reconcilientur
1554 752 1713 837 regi,
1758 757 2176 833 posteaquam
2212 744 2595 829 intelligunt

640 862 866 928 regem
920 837 1397 922 Hispaniarum
1471 857 1654 902 arma
1706 842 1936 903 contra
1989 831 2261 899 Gallum
2328 850 2594 895 movere

640 947 778 993 non
823 925 1257 992 constituisse.
1356 921 1693 988 Feruntur
1745 920 2070 1005 principes
2114 918 2195 982 ad
2253 922 2366 1015 15..
2394 917 2593 981 huius

643 1011 888 1078 mensis
931 1011 1060 1075 duo
1105 1009 1176 1074 hi
1208 1008 1549 1075 Tabernae
1579 1006 1988 1074 conventuri.
2049 1003 2228 1070 Sunt
2260 1024 2371 1086 qu1
2414 1002 2593 1067 affir-

641 1104 831 1163 ment
872 1097 944 1161 16
988 1113 1296 1168 consessu
1340 1093 1724 1178 parlamenti
1758 1090 1972 1177 gallici
2008 1090 2227 1155 denuo
2272 1089 2591 1154 sancitum

641 1204 782 1250 esse
824 1204 908 1248 66
962 1181 1330 1247 habeantur
1384 1179 1456 1244 in
1511 1177 1780 1244 urbibus
1835 1177 2194 1245 conciones.
2216 1179 2268 1254 ²)
2377 1174 2591 1258 Spero

640 1276 864 1334 tamen
908 1266 976 1332 id
1021 1265 1189 1332 nihil
1233 1266 1680 1331 detracturum
1724 1266 1803 1330 iis
1841 1262 1954 1347 qui
1994 1263 2123 1327 iam
2160 1260 2464 1326 ecclesias
2508 1260 2588 1326 ab

634 1355 1032 1420 idolomania
1074 1359 1532 1437 repurgarunt.

812 1439 1039 1506 Motus
1082 1437 1343 1521 quidam
1388 1438 1458 1501 in
1502 1435 1798 1502 Saxonia
1841 1434 2127 1520 gliscunt
2158 1435 2335 1498 inter
2368 1432 2588 1516 Impe-

644 1535 928 1592 ratorem
973 1535 1040 1590 61
1075 1526 1435 1607 Auyustum
1466 1522 1851 1596 Electorem,
1889 1518 2085 1603 idque
2118 1539 2239 1603 pro
2284 1527 2384 1583 ter
2418 1519 2590 1602 epis-

645 1633 881 1697 copum
939 1611 1557 1692 Merispurgensem.
1581 1613 1630 1688 ⁸)
1745 1607 1917 1672 Nam
1972 1626 2174 1690 quum
2220 1540 2590 1689 Ipmperator

643 1698 1031 1781 papisticum
1050 1696 1208 1782 ,loco
1249 1695 1306 1759 61
1354 1694 1616 1761 vacanti
1650 1693 1964 1761 voluisset
2006 1692 2373 1776 praeficere,
2411 1708 2592 1774 prae-

643 1785 832 1849 venit
882 1783 1214 1867 Auyustus
1254 1781 1605 1846 constituto
1658 1777 2056 1864 evangelico.
2170 1775 2375 1843 Ortae
2432 1776 2588 1840 item

645 1870 797 1935 lites
842 1875 995 1934 sunt
1028 1869 1206 1931 inter
1236 1867 1579 1951 utriusque
1600 1873 1945 1932 venatores
1967 1871 2230 1948 propter
2272 1862 2589 1928 terminos

643 1976 802 2039 quos
843 1954 1128 2020 invicem
1174 1953 1571 2017 disiecerunt
1614 1951 1902 2030 ditionis,
1947 1956 2014 2016 et
2063 1949 2235 2013 male
2290 1947 2593 2013 mulctati

644 2050 800 2107 6661
840 2040 1148 2124 utrinque
1206 2037 1466 2121 aliquot.
1574 2036 1972 2104 Fridmoum
2030 2033 2356 2102 Saxoniae
2413 2036 2592 2117 prin-

645 2127 852 2278 c{pe¹noi
908 2125 1279 2276 Itmperator
1335 2123 1455 2189 sibi
1503 2123 1882 2274 adiungere}i
1909 2119 2596 2292 (1161161161ἇοεὲῗέῡὲ

643 2233 779 2280 666
849 2231 925 2277 ra
956 2232 1068 2275 616
1115 2232 1188 2274 16
1232 2230 1425 2274 66616
1482 2231 1793 2275 nimirum
1886 2229 2054 2286 nem,
2113 2228 2159 2273 u
2277 2229 2297 2271 ι

646 2298 910 2365 (1616616
955 2294 1369 2362 Saxonicam.

815 2383 920 2448 De
954 2380 1227 2448 concilio
1272 2380 1654 2445 Tridentino
1698 2380 1903 2446 altum
1940 2387 2042 2446 est
2076 2380 2428 2457 silentium,
2466 2378 2595 2444 nisi

644 2467 815 2554 quod
870 2474 1180 2535 66616666
1233 2466 1562 2533 Helvetici
1581 2469 1640 2544 ⁴)
1696 2467 1807 2549 qui
1870 2485 2101 2552 papam
2162 2466 2385 2532 colunt
2439 2484 2592 2532 con-

644 2560 852 2621 ventu
897 2574 1044 2620 cum
1087 2553 1225 2617 suis
1267 2552 1576 2617 sacrificis
1618 2552 1942 2619 celebrato
1985 2553 2246 2618 mittere
2291 2550 2595 2618 decreve-

646 2647 809 2705 runt
852 2661 933 2706 ex
978 2638 1408 2705 ecclesiastico
1450 2637 1837 2722 politicoque
1893 2638 2121 2705 ordine
2176 2638 2290 2723 qui
2331 2645 2595 2722 praesto

648 2727 781 2792 6161
813 2724 1318 2810 malignantium
1353 2723 1582 2789 coetui.

818 2811 954 2876 Nos
996 2810 1163 2876 salvi
1207 2831 1433 2876 sumus
1467 2830 1587 2893 per
1632 2810 1758 2875 Dei
1803 2811 2101 2895 gratiam.
2184 2810 2316 2876 Sed
2364 2812 2593 2876 Domi-

647 2920 772 2965 nus
816 2897 1117 2962 evocavit
1159 2895 1314 2962 hinc
1358 2893 1439 2959 ad
1483 2894 1787 2962 coelestia
1830 2896 2097 2961 Iunium
2136 2903 2592 2981 symmystam.

647 2985 753 3050 De
801 2982 1153 3050 castalione
1207 2979 1380 3065 quod
1424 2982 1813 3065 scripseram
1863 2983 1946 3048 ad
2000 2981 2263 3048 Betsam
2321 2983 2470 3048 uolo
2528 2990 2596 3047 te

644 3070 868 3134 latere.
925 3068 1317 3151 Impetravit
1358 3067 1438 3133 ab
1482 3067 1813 3133 academia
1855 3075 1930 3133 ut
1971 3067 2166 3134 116661
2204 3068 2598 3152 respondere

648 3163 714 3220 et
750 3155 1116 3220 versionem
1161 3174 1351 3219 suam
1385 3154 1573 3219 tueri.
1641 3153 2041 3221 Concessum
2085 3161 2185 3221 est
2218 3154 2287 3220 id
2331 3175 2410 3220 ea
2453 3153 2599 3239 lege

648 3262 731 3306 ne
780 3239 936 3324 quid
981 3238 1061 3303 (16
1106 3237 1406 3324 dogmate
1449 3237 1620 3324 quod
1677 3238 1956 3323 pridem.
1983 3240 2226 3324 scripto
2267 3240 2598 3324 professus

832 3415 903 3421 ...-
936 3413 1054 3421 ⁴—-

690 3530 922 3599 rincipes
957 3528 1202 3583 conferre
1237 3530 1463 3585 consilia
1507 3548 1628 3584 cum
1665 3530 1868 3586 Guisiis
1956 3548 2146 3585 uorum
2189 3547 2378 3585 manus
2423 3530 2602 3585 adhuc

646 3599 1016 3655 innocentium
1063 3600 1376 3668 sanguinem
1423 3600 1659 3653 stillant:
1711 3616 1811 3653 666
1869 3600 1941 3652 (16
1980 3600 2060 3652 116
2107 3616 2199 3653 666
2245 3601 2434 3654 eodem
2481 3616 2600 3653 6666

647 3669 829 3789 aninkizi
811 3682 972 3790 ὑὲιιὲ)
964 3683 1242 3790 &suipra-9
1245 3667 1493 3790 1fuci-aunt,
1520 3667 1628 3791 6οέ
1669 3669 1803 3790 {pais
1848 3685 1983 3791 6160111ἱ
1997 3674 2125 3722 sunt
2170 3670 2391 3750 eaedem
2406 3671 2599 3791 tvili-es.

649 3765 716 3777 -
1044 3776 1055 3787 .
1127 3776 1138 3787 .
1284 3755 1302 3789 .·
1385 3753 1483 3791 eur
1515 3754 1572 3790 16
1630 3754 1667 3790 ιι
1714 3753 1783 3791 66
1818 3753 1876 3791 66
1936 3756 1954 3790 1
2051 3754 2406 3792 remeremen
2518 3756 2598 3791 16-

649 3805 870 3858 timider
907 3804 962 3859 16
996 3805 1179 3874 Royne
1224 3822 1324 3873 par
1368 3822 1430 3859 ce
1474 3821 1687 3875 moyen,
1736 3807 1856 3874 puis
1902 3807 1971 3860 de
2011 3754 2218 3861 ¹divisor
2260 3807 2340 3861 les
2386 3807 2602 3877 Eglises

647 3874 716 3927 de
752 3872 963 3928 France
999 3872 1183 3927 d'avec
1216 3874 1379 3928 celles
1412 3873 1784 3944 d'Allemagne
1830 3883 1885 3928 et
1920 3875 2235 3930 tiercement
2270 3875 2340 3929 de
2375 3883 2602 3931 trouver

647 3942 847 3998 nouvel
880 3958 948 4010 ap
989 3959 1061 4011 uy
1095 3942 1128 3995 6
1173 3946 1355 3996 166166
1401 3949 1694 3997 avantures
1729 3944 1776 3997 61
1817 3959 1888 3997 66
1934 3944 2216 4012 precedoit
2259 3953 2448 3999 contre
2497 3960 2600 3999 eux

648 4013 721 4065 du
757 4010 908 4066 coste
941 3959 1010 4063 Xe
1047 4011 1253 4065 France
1288 4017 1347 4065 et
1380 4013 1428 4065 61
1464 4013 1513 4066 16
1549 4012 1671 4083 Roy
1706 4011 1775 4066 de
1810 4011 2056 4067 Navarra
2092 4031 2161 4068 ne
2194 4014 2419 4083 pouvoit
2455 4019 2601 4069 estre

651 4082 725 4134 dn
769 4086 891 4212 tout
932 4079 1105 4149 gagne
1160 4080 1228 4134 de
1272 4081 1389 4135 leur
1440 4081 1606 4135 66616.
1704 4081 1898 4150 (Quod
1950 4090 2130 4137 tanuen
2180 4085 2292 4137 iam
2346 4085 2602 4151 impetra·

641 4157 854 4205 vorant.

852 4217 912 4283 2)
951 4217 1209 4272 Edictum
1246 4218 1514 4273 Ianuarii
1546 4218 1669 4272 Art.
1704 4219 1740 4271 2
1774 4220 1987 4274 vetabat
2029 4236 2154 4274 sous
2201 4220 2360 4288 66166
2403 4221 2473 4274 (16
2513 4221 2600 4272 vie

651 4287 721 4339 de
764 4286 1102 4340 s'assembler
1147 4287 1281 4339 dans
1327 4287 1409 4339 166
1453 4287 1611 4340 villos
1730 4304 1795 4338 ur
1828 4305 1863 4355 y
1915 4287 2047 4342 faire
2100 4288 2325 4356 preches
2372 4290 2482 4343 soit
2531 4304 2598 4341 en

532 4393 543 4412 .
689 4355 834 4407 ublic
870 4370 939 4410 ou
976 4370 1040 4407 en
1082 4356 1234 4421 prive
1268 4356 1322 4408 ni
1359 4356 1429 4408 de
1463 4359 1582 4409 nuit
1616 4373 1670 4408 61
1708 4356 1776 4408 (16
1804 4357 1944 4424 jour,
1991 4363 2043 4411 et
2085 4361 2299 4412 tamum
2332 4360 2596 4425 permitte-

650 4372 747 4477 gat
778 4429 961 4477 eoem
994 4424 1237 4477 interdiu
1272 4430 1430 4479 extra
1464 4425 1670 4492 oppida
1698 4424 2057 4479 celebrandos.
2108 4426 2366 4480 Bruslart
2403 4431 2484 4495 (p.
2506 4424 2598 4488 70)

651 4495 752 4547 hoc
785 4491 918 4545 dicit
953 4506 1026 4544 un
1061 4492 1193 4546 Edit
1236 4493 1551 4562 pernicieux
1600 4509 1738 4562 pour
1784 4493 1837 4545 la
1873 4493 2214 4563 Republique
2260 4504 2317 4548 et
2362 4511 2503 4587 pour
2547 4496 2598 4548 le

652 4576 814 4629 repos
848 4559 1069 4629 publicq
1105 4567 1162 4613 et
1195 4577 1333 4629 pour
1368 4563 1422 4617 la
1456 4564 1830 4616 manutention
1866 4563 1937 4614 du
1975 4563 2253 4632 Royaume
2296 4564 2426 4633 quil
2465 4565 2600 4617 n'est

653 4630 890 4698 possible
926 4628 995 4681 de
1030 4629 1152 4696 plus
1189 4670 1402 4685 .....
1441 4631 1517 4684 Le
1554 4631 1863 4684 Parlement
1909 4648 1977 4684 ne
2025 4633 2242 4686 voulust
2284 4633 2337 4686 le
2385 4633 2600 4701 publier

653 4707 712 4751 et
746 4703 958 4751 arrecta
991 4697 1076 4749 bis
1113 4699 1316 4750 verbis:
1357 4699 1480 4753 Non
1510 4717 1795 4767 possumus
1816 4716 1915 4753 nec
1950 4701 2224 4766 debemus,
2264 4710 2322 4754 et
2355 4704 2602 4756 ordonna

652 4766 785 4820 Mn.
838 4767 890 4819 le
926 4765 1212 4819 President
1254 4767 1322 4819 de
1364 4767 1517 4822 Thou
1570 4775 1628 4823 et
1683 4770 1752 4822 (16
1799 4769 2097 4824 Garineute
2149 4786 2287 4839 pour
2340 4787 2406 4825 en
2467 4771 2602 4825 aller

651 4836 789 4888 faire
824 4841 1225 4888 remonstrance
1259 4851 1328 4888 au
1362 4837 1563 4890 6666611
1597 4837 1767 4906 prive.

860 4905 920 4966 3)
960 4902 1187 4957 Mortuo
1209 4902 1374 4957 Mica.
1392 4904 1688 4973 Heldinaio
1719 4908 1850 4974 epis.
1899 4905 2344 4976 Merseburqensi
2376 4924 2429 4964 a.
2466 4908 2599 4963 1561

651 4971 804 5041 prid.
844 4970 960 5026 Gal.
1002 4971 1115 5027 Oct.
1165 4974 1419 5026 successit
1454 4974 1767 5029 Alexander
1816 4975 2085 5031 Elector-is
2124 4977 2275 5043 filius
2308 4993 2338 5032 s
2405 4980 2601 5044 tennis,

646 5038 800 5109 prid.
833 5039 925 5095 Id.
966 5039 1095 5093 Dec.
1171 5040 1348 5094 Plura
1383 5041 1594 5094 dabunt
1627 5042 1692 5096 de
1722 5042 1861 5108 tatis
1895 5045 2206 5112 dioeceseos,
2257 5062 2306 5102 a.
2379 5045 2483 5101 544
2517 5064 2602 5102 re-

649 5111 936 5174 formatae,
971 5114 1096 5176 post
1116 5108 1341 5163 Interim
1376 5124 1505 5162 vero
1538 5110 1717 5166 denuo
1750 5114 2012 5169 catholieo
2038 5117 2287 5182 spissam
2318 5118 2602 5184 subiectae,

660 5177 1001 5241 Seckendorf
1024 5177 1123 5230 111.
1161 5175 1284 5232 497.
1340 5178 1653 5246 Fraustedt,
1689 5181 1777 5236 die
1815 5182 1973 5249 Einf.
2009 5185 2107 5239 der
2147 5184 2270 5251 Res.
2307 5186 2380 5238 im
2418 5184 2601 5244 Hach-

650 5247 776 5312 ⁸⁰·''¹
816 5247 1209 5369 {mimate

2148 383 2671 451 EPISTOLAE
2716 386 3136 449 3712-3714

4485 389 4585 452 280

2694 577 2838 635 erat
2881 569 3253 651 admisceat,
3298 579 3438 637 tum
3487 593 3570 637 ne
3611 572 3765 658 quid
3804 571 4026 639 odiose
4064 577 4181 637 aut
4220 571 4436 638 acerbe
4465 592 4588 638 con·

2695 666 2799 722 tra
2853 657 3091 722 fratres
3154 657 3342 725 nobis
3406 660 3782 726 coniunctos
3836 660 4100 725 inserat.
4127 661 4180 737 ὅ)
4283 657 4429 723 vidi
4477 660 4590 743 ipoe

2693 743 3163 828 praefationem
3186 747 3239 822 ο)
3286 764 3453 827 quae
3495 766 3629 810 non
3681 764 3912 812 souare
3967 745 4229 812 videtur
4280 746 4503 825 durius,
4539 757 4592 813 et

2693 836 2853 913 puto
2892 828 3145 913 reliqua
3175 847 3587 914 responsura,
3635 839 3714 897 ut
3755 831 3996 897 bellum
4038 832 4255 917 potius
4308 854 4593 919 gramma·

2693 914 2899 981 ticum
2938 935 3134 999 quam
3177 915 3398 982 theolo
3449 917 3618 983 'cum
3665 917 3961 984 futurum
4005 919 4384 985 existimem.
4475 922 4594 988 Ma·

2695 999 3046 1067 luissemus
3092 1000 3356 1085 quidem
3459 1024 3534 1070 oc
3582 1010 3875 1087 tempore
3931 1003 4014 1070 ab
4066 1003 4178 1070 illo
4227 1006 4386 1070 nihil
4440 1008 4595 1091 quid-

2696 1107 2951 1170 cunque
2994 1085 3118 1167 edi,
3152 1109 3279 1188 quo
3323 1089 3628 1156 novimus
3649 1089 3894 1157 Besam
3926 1098 4222 1157 nostrum
4263 1092 4452 1159 rebus
4487 1114 4597 1160 me·

2694 1172 2967 1239 lioribus
3010 1172 3550 1259 gravioribusque
3591 1185 3994 1259 occupatum.
4083 1176 4375 1244 Pervicit
4412 1186 4599 1245 tamen

2693 1267 2768 1324 ut
2802 1259 3068 1325 tandem
3098 1280 3403 1327 concessa
3426 1261 3513 1326 sit
3535 1262 3596 1328 ei
3632 1263 3974 1329 mediocris
3997 1260 4306 1344 defensio,
4348 1266 4598 1331 maxime

2691 1345 2863 1428 quod
2921 1345 3438 1431 intelligeremus
3481 1345 3723 1412 Beeam
3776 1346 3846 1412 id
3899 1347 4367 1433 propemodum
4407 1360 4600 1436 optare

2692 1432 2910 1496 611616.
3010 1431 3123 1498 Sic
3166 1433 3433 1517 quidam
3490 1454 3574 1498 ex
3619 1434 3951 1519 Tigurinis
3997 1456 4079 1501 ex
4121 1436 4264 1520 ipso
4309 1435 4601 1504 audivisse

2692 1517 3117 1582 affirmarunt.
3169 1518 3360 1601 Apud
3405 1540 3524 1584 nos
3558 1527 3734 1587 certe
3768 1529 3917 1585 tran
3964 1521 4161 1587 611166
4203 1531 4303 1589 661
4346 1543 4454 1606 661·
4489 1544 4600 1589 om·

2693 1603 2803 1667 nia
2846 1612 2911 1668 et
2949 1603 3129 1670 domi
3175 1606 3501 1671 neminem
3548 1606 3764 1671 fovctz.
3801 1606 3938 1673 inte
3987 1607 4110 1693 igit
4152 1609 4330 1675 enim
4373 1609 4518 1675 satis
4546 1630 4603 1674 se

2692 1688 3045 1764 observari.
3107 1710 3181 1755 ac
3238 1691 3404 1757 forte
3449 1690 3676 1757 durius
3727 1692 3898 1775 apud
3955 1714 4070 1759 vos
4114 1693 4403 1763 defertur
4441 1715 4604 1779 quam

2690 1794 2811 1857 pro
2853 1795 2943 1840 re.
3024 1774 3344 1861 Quodque
3402 1786 3502 1843 est
3564 1777 3724 1843 furti
3789 1779 4050 1845 nomine
4105 1780 4301 1847 isthic
4365 1778 4603 1857 (1616166,

2694 1861 2938 1927 iniuria
2995 1882 3151 1927 sane
3204 1863 3450 1929 factum
3519 1871 3635 1930 est.
3660 1863 3714 1951 ⁷)
3835 1863 4029 1947 Quod
4097 1865 4606 1950 quemadmodum

2697 1947 2836 2031 ipse
2875 1946 3060 2033 ligna
3104 1950 3393 2028 attraxit,
3452 1950 3782 2016 communi
3826 1951 4070 2017 civium
4115 1972 4297 2019 more
4340 1951 4607 2018 habitan·

2696 2041 2838 2100 tum
2862 2038 2897 2073 ³*
2953 2032 3036 2099 ad
3080 2034 3389 2100 Rhenum
3449 2036 3617 2116 fecit,
3671 2057 3881 2120 neque
3931 2037 4049 2104 sibi
4105 2038 4218 2104 sed
4273 2040 4358 2104 iis
4411 2038 4611 2123 quibus

2698 2119 3000 2220 rapidum
3056 2122 3304 2186 flumen
3368 2120 3530 2189 haec
3586 2121 3921 2189 ademerat
3973 2144 4241 2224 operam
4297 2125 4609 2209 praestitit,

2697 2205 3774 2378 ssisstqffinssmprssisst'ss‘iiiluss‘
3789 2210 4613 2379 133⁸⁰p211¹ii¹²⁰ffl0511¹33

2698 2380 2886 2457 circo,
2925 2376 3185 2444 Calvina
3205 2379 3563 2446 reverende
3599 2381 3821 2458 frater,
3857 2380 4068 2447 scribo
4105 2392 4198 2462 ut,
4244 2383 4301 2448 si
4338 2403 4461 2467 qua
4496 2381 4614 2449 fieri

2697 2464 2920 2549 possit,
2968 2462 3330 2532 adducatur
3382 2467 3597 2550 potius
3642 2465 3908 2533 Ohristo
3961 2477 4028 2533 et
4080 2469 4390 2536 ecclesiae
4440 2468 4614 2535 fiatur

2699 2570 2896 2634 quam
2920 2557 2994 2615 ut
3027 2551 3497 2635 pessumdetur,
3539 2551 3778 2636 quippe
3798 2573 3990 2637 quem
4028 2554 4218 2638 plane
4242 2553 4614 2639 deploratum

2701 2657 2829 2701 666
2885 2657 3228 2718 666661666
3286 2636 3605 2718 iudicare,
3662 2639 3793 2704 nisi
3856 2640 4023 2706 forte
4080 2641 4380 2727 designet
4430 2640 4615 2724 aliqua

2700 2723 2874 2873 5322}
2920 2725 3598 2894 {fflissf‘ssigifssssssf
3633 2723 4341 2880 ’ἲᾷἒὲἐῗὲξὲἲοξιὲ
4383 2747 4497 2879 ⁰1¹2?
4497 2746 4614 2878 ‘51ss

2703 2894 2875 2959 (1666
2919 2901 3133 2978 queat,
3190 2894 3301 2961 ubi
3345 2913 3542 2961 verae
3586 2832 3917 2963 dgctrinae
3959 2906 4172 2965 totum
4217 2835 4615 2966 sesepaccom·

2702 2978 3012 3046 modavit.
3103 2979 3300 3063 Quod
3353 2989 3429 3048 ut
3481 2982 3598 3049 fiat
3653 2990 3949 3049 nostrum
4005 2986 4331 3066 studium,
4395 2986 4482 3053 sic
4519 3003 4616 3067 par

2703 3072 2820 3144 est,
2869 3086 2998 3131 non
3044 3066 3579 3134 intermittemus.
3639 3068 3823 3134 Bene
3867 3070 4015 3137 vale
4058 3072 4130 3138 in
4164 3071 4433 3139 Ohristo
4471 3070 4613 3137 Iesu.

2703 3151 2902 3217 Basil.
2950 3155 3007 3216 9.
3053 3152 3248 3219 Febr.
3297 3154 3493 3220 Anno
3545 3157 3722 3221 1562.

3915 3295 4092 3360 Tuus
4135 3317 4217 3360 ex
4264 3297 4477 3361 animo

3987 3381 4056 3447 S.
4104 3380 4435 3447 Sulcerus.

2909 3583 2969 3650 5)
3008 3582 3160 3637 Besa
3208 3584 3270 3637 in
3316 3598 3417 3638 suo
3461 3583 3540 3640 N.
3595 3584 3655 3638 Τ.
3706 3583 3840 3639 1556
3893 3587 4115 3657 saepius
4154 3586 4484 3642 Castalionis
4527 3597 4620 3636 ver·

2704 3655 2907 3708 sionem
2959 3654 3301 3707 acerbissime
3349 3655 3768 3721 perstrinxerat.
3863 3655 3975 3710 Hic
4029 3662 4158 3724 post
4201 3656 4393 3725 plures
4441 3654 4620 3707 dmm

2704 3737 2882 3777 annos
2915 3721 3199 3788 respondit
3229 3726 3283 3775 et
3315 3722 3530 3791 quidem
3558 3738 3763 3792 mena
3796 3726 4329 3780 cmmoderatione:
4361 3725 4479 3779 Seb.
4500 3722 4620 3799 Cast.

2705 3790 2959 3847 Defensio
2994 3806 3214 3843 suarum
3248 3791 3662 3845 translationum
3683 3790 3983 3847 Bibliorum
4016 3802 4075 3848 et
4108 3795 4344 3849 maxime
4373 3792 4439 3847 N.
4470 3791 4545 3856 Τ..
4574 3804 4620 3840 m

2706 3878 2813 3931 qua
2848 3875 2970 3912 eum
3006 3859 3063 3912 in
3098 3858 3207 3911 illis
3244 3860 3490 3979 religiose
3525 3866 3715 3915 contra
3748 3878 3911 3931 quam
3947 3880 3980 3916 a
4015 3863 4339 3932 quibusdam
4373 3860 4620 3936 traductuq

2703 3935 2790 3983 661
2823 3933 3098 3981 versatum
3133 3926 3298 3980 fuisse
3372 3935 3753 3992 emonstratur,
3803 3931 4133 4001 reprehensa
4166 3932 4458 3997 diluuntur,
4490 3925 4621 3981 muln

2703 3997 2950 4051 difficiles
2984 3997 3089 4050 loci
3124 3998 3476 4050 enucleantur
3505 4004 3561 4050 61
3582 3999 4016 4054 adversariorum
4035 4016 4248 4054 errores
4278 3999 4620 4054 ostenduntur.

2705 4071 2853 4121 Ante
2895 4083 3016 4119 uam
3053 4066 3257 4119 iudices
3394 4082 3571 4121 66666.
3640 4069 3765 4121 Β66.
3922 4086 3965 4123 r.
4004 4068 4155 4124 1562.
4199 4069 4249 4123 8.
4320 4069 4529 4126 Rem
4556 4068 4620 4117 ed

2701 4138 2765 4190 in
2902 4176 2913 4190 .
2949 4134 3096 4190 Bibl.
3132 4133 3296 4199 Frlcf.
3334 4134 3361 4186 1
3399 4133 3466 4188 97
3502 4136 3595 4201 sol.
3668 4135 3750 4198 Cf.
3868 4138 3986 4193 ami
4022 4155 4081 4207 p.
4132 4138 4246 4192 102.
4322 4137 4474 4193 Rich
4511 4132 4620 4188 Sin.

2701 4205 2830 4261 hist.
2868 4204 2962 4258 des
2997 4217 3135 4258 vers.
3169 4202 3291 4256 275.

2908 4271 2968 4338 6)
3007 4274 3066 4325 in
3102 4288 3214 4342 qua
3253 4273 3493 4327 Castalio
3526 4273 3760 4328 candide
3804 4273 4049 4342 affirmat
4090 4290 4147 4329 se
4189 4274 4410 4330 minione
4440 4267 4622 4349 infalli-

2701 4342 2855 4397 bilem
2903 4356 3039 4408 esse,
3091 4347 3201 4395 imo
3248 4343 3468 4396 lectores
3509 4357 3732 4411 royasse
3785 4349 3849 4397 ut
3894 4345 3918 4395 i
3955 4346 4007 4397 si
4049 4346 4146 4398 nbi
4199 4346 4344 4410 forte
4386 4340 4621 4397 erraverit

2700 4411 3031 4479 indicarent,
3083 4418 3136 4466 et
3179 4415 3258 4464 sic
3291 4413 3403 4464 iam
3438 4412 3703 4466 nonnulla
3745 4428 3825 4465 em
3972 4428 4057 4467 sse
4092 4419 4142 4468 et
4183 4414 4435 4481 deinews
4476 4422 4620 4463 enen·

2908 4547 2966 4614 7)
3010 4547 3175 4602 Hanc
3208 4549 3603 4604 accusationem
3620 4551 3800 4617 ipsam
3826 4548 4112 4605 Calvinum
4147 4567 4260 4607 non
4293 4543 4486 4620 puduit
4515 4557 4619 4614 pro·

2698 4618 2845 4685 ferre
2885 4615 3022 4686 Opp.
3060 4617 3162 4670 IX.
3196 4615 3314 4670 312.
3404 4616 3650 4673 Castalio
3697 4634 3747 4672 a.
3796 4617 3926 4672 1561
3977 4634 4035 4674 se
4080 4619 4399 4685 defenderat
4438 4618 4496 4671 in
4535 4624 4620 4666 m

2702 4687 3027 4740 Defensione
3063 4686 3132 4738 ad
3167 4693 3413 4739 autorem
3459 4687 3628 4740 libelli
3677 4689 3760 4740 cui
3797 4689 3987 4742 titulus
4022 4694 4106 4742 est
4142 4688 4448 4744 Calumniae
4481 4681 4619 4736 nebu·

2703 4756 2843 4810 lonis
2879 4755 2990 4819 (ed.
3030 4754 3231 4809 Gauda
3258 4770 3318 4823 p.
3356 4754 3498 4820 349).
3772 4763 3952 4812 men
3986 4774 4097 4812 non
4129 4759 4334 4814 obstitit
4516 4755 4622 4829 ἐφ’

2705 4825 2857 4881 Besa
2908 4826 2969 4879 in
3015 4839 3119 4878 sua
3168 4827 3518 4893 responsione
3634 4823 3702 4877 63
3751 4825 3963 4894 (il-act.
4017 4827 4169 4882 theol.
4225 4828 4263 4881 1.
4421 4829 4440 4888 )
4481 4819 4617 4876 solita

2966 4895 3022 4948 ia
3059 4893 3119 4946 in
3155 4908 3274 4947 eum
3306 4892 3660 4949 inveheretur.
