4850 6117
632 405 721 470 95
2146 397 2670 469 EPIS'POLAE
2713 404 3136 471 3598—3600
4531 406 4608 470 96

1504 587 1704 660 8508.

676 743 1165 812 PARELLUS
1210 741 1693 811 MIMS'PBIS
1728 742 2537 813 NEOGOMENSIBUS.

801 913 1643 998 Exitinmmpatrim
1721 916 2575 1000 Agitatquamiomquo

621 1000 2213 1160 mmmsdiefteflpowitwa
2271 1002 2576 1069 damnum

779 1264 888 1318 ‘tur
921 1263 975 1318 in
1010 1261 1201 1316 eadem
1234 1258 1434 1315 scheda
1467 1258 1672 1384 σοι-ἔθη
1704 1259 1857 1314 seN.
1877 1257 2007 1314 ³591
2046 1260 2164 1315 sine
2197 1260 2570 1342 inscriptione.

759 1348 869 1414 <3¹²9
900 1331 1195 1414 'collegeris
1254 1328 1501 1411 fortasse,
1614 1344 1957 1410 eocomenses
2008 1330 2224 1384 Farello
2281 1330 2572 1399 epistolam

629 1400 842 1457 calvini
865 1469 878 1483 .
894 1416 1004 1454 iam
1054 1398 1302 1481 profect?
1336 1413 1563 1465 misisse,
1612 1413 1897 1479 ipsumque
1933 1398 2120 1452 eadem
2174 1397 2363 1452 charta
2413 1414 2570 1452 nsum

630 1464 1678 1659 ᾝΞῗὸἷωωιξῖἒέΰίξζῶῗί
1717 1466 2079 1672 {ffb-‘03⁰3’
2114 1466 2494 1592 assssssmffi·
2499 1466 2571 1588 “2

636 1653 643 1662 .
1190 1621 1239 1659 ιο
1299 1621 1334 1660 o
1367 1621 1416 1659 a.
1623 1620 1799 1660 recum
1833 1620 1888 1673 p.
2028 1644 2041 1656 .

761 1776 832 1846 S.
856 1777 1083 1844 Habui
1105 1776 1374 1844 obvium
1395 1777 1713 1860 optimum
1735 1776 2003 1842 tratrem
2033 1775 2083 1857 ¹)
2106 1794 2259 1841 cum
2281 1795 2356 1840 eo
2378 1796 2572 1859 quem

630 1865 839 1931 mittit
895 1861 1170 1931 ecclesia
1230 1882 1485 1928 summe
1540 1861 1844 1947 flagitans
1901 1860 2171 1926 fratrem
2229 1861 2354 1927 sibi
2394 1860 2570 1926 dari:

629 1949 1026 2019 contulimus
1066 1947 1292 2034 paucis
1336 1948 1418 2014 de
1460 1946 1545 2013 iis
1587 1968 1753 2032 quae
1786 1947 1995 2013 fusius
2029 1945 2326 2013 audietis.
2405 1947 2571 2013 Pre-

629 2037 813 2104 cibus
878 2032 1072 2102 valde
1122 2043 1225 2103 est
1283 2053 1465 2118 opus,
1542 2053 1627 2097 ne
1684 2053 1846 2115 quas
1922 2031 2110 2098 nobis
2175 2031 2572 2099 concredidit

628 2120 962 2188 Dominus
1039 2121 1342 2188 ecclesias
1405 2117 1790 2185 desolemus.
1902 2116 2156 2197 Sorelus
2223 2139 2419 2202 quam
2485 2120 2571 2185 sit

626 2207 819 2276 nobis
852 2207 1260 2274 necessarius
1294 2204 1517 2272 nostis.
1588 2203 1734 2270 Hoc
1766 2202 1971 2269 fratre
2005 2202 2323 2287 quomodo
2346 2225 2570 2271 carere

623 2292 1013 2380 possumus?
1093 2291 1230 2359 Nec
1273 2291 1492 2356 minus
1535 2288 1896 2356 curandum
1941 2296 2060 2369 est,
2105 2310 2188 2354 ne
2231 2291 2302 2355 in
2346 2291 2568 2356 Deum

623 2391 696 2447 et
737 2379 1039 2446 ecclesias
1084 2376 1249 2443 tales
1293 2397 1367 2443 ac
1404 2383 1621 2441 tantas
1656 2395 2015 2460 peccemus,
2060 2374 2117 2440 si
2152 2396 2567 2461 progressum

623 2463 953 2549 evangelii
1009 2471 1077 2529 et
1120 2463 1232 2548 qui
1283 2459 1503 2545 palam
1554 2471 1656 2526 est
1697 2463 1982 2528 fructum
2025 2481 2431 2527 remoremur
2473 2461 2568 2528 ita

622 2552 680 2617 si
725 2546 1055 2616 mordicus
1110 2555 1332 2614 nostra
1384 2547 1801 2614 retineamus.
1890 2547 2151 2614 Mature
2201 2548 2307 2615 hic
2350 2548 2568 2614 omnia

627 2642 788 2703 sunt
828 2632 930 2701 dis
979 2633 1229 2702 icienda
1272 2643 1349 2700 ut
1391 2631 1747 2700 secundum
1810 2633 2028 2699 Deum
2094 2634 2256 2699 fiant
2325 2635 2562 2700 omnia.

629 2719 825 2803 Quod
887 2739 925 2784 a
1023 2740 1129 2785 me
1188 2720 1454 2798 attinet,
1519 2718 1808 2785 admiror
1865 2739 1942 2784 ea
2011 2740 2177 2803 quae
2239 2719 2566 2786 Dominus

623 2805 1593 2960 fifflfflssrpssissssssasstssuffl
1625 2825 1862 2958 3322&
1895 2803 2566 2958 ffiufffssfflssmssi

627 2914 891 3058 dicunt?
931 2977 1114 3057 mihi,
1172 2987 1240 3044 et
1296 2977 1615 3044 montium
1670 2977 2085 3061 asperitatem
2149 2986 2216 3042 et
2277 2943 2564 3062 rigdrem

624 3064 866 3134 hiemis
926 3063 1038 3149 qui
1087 3060 1263 3147 apud
1305 3069 1559 3130 nostros
1602 3062 1828 3129 durior
1870 3070 1984 3130 cst.
2076 3061 2207 3129 Hic
2259 3063 2565 3130 ecclesiae

625 3150 896 3219 :nomine
951 3149 1141 3216 offert
1188 3155 1263 3214 ut
1307 3147 1415 3216 via
1456 3148 1908 3228 commodiore,
1948 3148 2107 3216 licet
2160 3149 2417 3234 longior
2459 3149 2563 3228 sit,

624 3237 871 3322 possim
928 3235 1012 3301 ad
1065 3241 1321 3302 nostros
1376 3235 1641 3302 tandem
1700 3233 1960 3302 deduci:
2012 3235 2124 3302 ubi
2169 3233 2566 3318 aliquamdiu

626 3320 799 3408 apud
859 3343 966 3389 eos
1025 3319 1367 3388 haeserim.
1443 3320 1735 3387 Multum
1783 3342 1890 3387 me
1943 3327 2165 3388 movet
2221 3341 2372 3387 cum
2413 3342 2563 3405 per-

624 3407 930 3476 suasione
970 3406 1196 3474 fratris
1241 3405 1489 3475 Calvimi
1540 3406 1901 3475 consilium.
1922 3411 1980 3489 ⁸)
2066 3404 2202 3474 Sed
2245 3406 2354 3473 hic
2396 3407 2566 3473 nihil

623 3501 888 3580 praeter
943 3499 1236 3562 vestrum
1290 3513 1676 3561 consensum
1730 3493 1878 3561 volo
2022 3514 2148 3559 ere.
2242 3490 2322 3558 Si
2378 3494 2566 3561 vobis

621 3577 939 3665 probatur
1003 3585 1080 3645 ut
1135 3578 1406 3647 consilio
1462 3579 1739 3645 fratrum
1793 3580 1905 3664 qui
2066 3598 2273 3646 nevae
2332 3579 2566 3646 docent

624 3686 818 3752 agam
832 3717 849 3746 ‚
921 3663 1223 3745 indicate,
1292 3672 1359 3730 et
1413 3665 1816 3749 praefectum
1893 3664 2252 3732 salutatum
2327 3666 2564 3732 horum

622 3752 956 3820 conscium
1018 3750 1212 3818 facite
1276 3758 1341 3816 et
1407 3771 1516 3817 eos
1579 3771 1743 3835 quos
1800 3757 2074 3836 oportet,
2139 3773 2223 3817 ne
2277 3751 2564 3819 levitatis

623 3856 1002 3922 arguamur,
1084 3835 1197 3904 sed
1260 3847 1480 3920 pateat
1543 3856 1663 3903 nos
1726 3838 1797 3903 in
1853 3843 2078 3904 sancto
2141 3858 2564 3921 perseverare

621 3926 954 4029 proposito
996 3923 1078 3990 de
1233 3920 1448 3989 uendo
1490 3921 1981 3990 Genevensium
2023 3923 2307 4005 consilio,
2358 3943 2562 4008 quum

624 4020 850 4079 norint
943 4007 1056 4076 uid
1112 4008 1220 4077 Ga
1246 4008 1388 4076 licis
1431 4008 1716 4075 ecclesiis
1761 4007 2077 4093 expediat.
2157 4008 2392 4076 Valete
2431 4009 2560 4076 fra-

622 4103 779 4164 tres.
858 4096 911 4164 O
964 4096 1163 4164 ristus
1208 4095 1395 4161 Iesus
1449 4115 1568 4161 suo
1620 4115 1743 4161 vos
1786 4094 1982 4179 plene
2023 4093 2258 4178 spiritu
2303 4094 2559 4182 dirigat,

623 4201 747 4250 vos
789 4191 1013 4250 servet
1052 4188 1121 4247 et
1161 4179 1465 4247 ecclesias
1499 4201 1724 4247 omnes
1759 4180 1994 4247 vestris
2041 4188 2107 4245 et
2139 4180 2561 4248 ecclesiarum

622 4266 924 4418 grecibus
973 4264 1270 4334 adiuvari
1335 4274 1505 4349 opto.
1610 4267 1715 4332 Ex
1774 4265 2133 4333 diversorio
2190 4265 2482 4334 Sarrano
2504 4271 2561 4346 ⁴)

680 4352 845 4420 alen.
924 4351 1240 4420 Novemb.
1282 4354 1461 4418 1561.
1486 4353 1542 4431 ὅ)

1795 4470 2033 4539 Vester
2072 4473 2391 4541 Farellus.

625 4610 1035 4627 ——————-----·

625 4711 807 4770 asos.
833 4711 891 4776 1)
926 4710 1129 4766 lvo-⁸00·
1156 4710 1379 4793 praeta
1412 4710 1578 4767 casua
1607 4726 1785 4794 mm
1819 4685 2348 4796 isdemqnyohele..
2489 4784 2501 4798 ⁹

626 4779 2566 4928 awsskfitaffssfflffssffsa'iafflmwzfflw

619 4933 727 4990 w
761 4915 1151 5067 3⁸33ngae
1180 4916 1594 5055 ἔιζέΐέἔοαῗοείιο
1618 4991 1833 5041 vestrae
1862 4986 2103 5070 conditio
2124 4987 2282 5059 ferat,
2318 4988 2564 5046 ducentae.

830 5052 2567 5123 4)OomeabamusdeLaScrra.mterOr-band0oeso-

621 5137 747 5206 non.
818 5121 1059 5180 Libellus
1092 5137 1131 5177 a
1168 5121 1364 5179 Echio
1398 5122 1577 5180 odins
1614 5123 1882 5181 Son-ima
1908 5141 2080 5195 prope
2114 5127 2448 5183 Noocomm
2479 5128 2563 5183 in-

830 5257 887 5327 5)
924 5259 1072 5316 Hier.
1107 5259 1227 5316 scd.
1264 5260 1306 5315 1.
1341 5259 1472 5316 891:
1507 5259 1669 5316 Fare!
1700 5263 1870 5317 allant
1902 5263 1972 5318 de
2000 5261 2349 5319 Nearcho-tel
2381 5262 2417 5318 ὰ
2443 5264 2563 5334 Gap

623 5331 757 5386 ville
793 5328 861 5385 ds
894 5345 956 5384 sa
991 5328 1267 5384 naissanoe
1302 5335 1361 5384 et
1394 5336 1619 5401 putant
1660 5346 1761 5400 par
1795 5330 2063 5387 Grenoble
2108 5348 2144 5401 y
2188 5333 2253 5388 fit
2297 5349 2401 5388 une
2439 5333 2564 5390 vive

3550 585 3753 661 85⁹2.

3285 745 3529 810 BEZA
3563 742 4000 810 OALVINO.

2853 913 2985 982 Pro
3038 919 3305 997 mopere
3347 915 3630 980 Lamiae
3671 919 3729 980 et
3773 912 4187 1000 Sanyennani
4226 916 4473 983 diutius
4511 938 4608 983 re-

2675 998 2946 1065 manebit
2984 1001 3048 1094 s}
3087 1002 3339 1084 quidem
3386 1001 3767 1067 Genevenses
3806 1001 3878 1067 id
3928 1001 4272 1068 concedant.
4362 1002 4608 1070 Interea

2673 1089 3001 1238 mem&
3050 1086 3400 1153 celeber-rm
3400 1088 3428 1152 i
3467 1086 3787 1165 habentur,
3843 1088 4052 1152 nimia
4092 1108 4245 1153 sane
4285 1087 4518 1169 Μυσὴ
4557 1095 4609 1155 st

2819 1342 3160 1466 autographo
3205 1343 3335 1398 Cod.
3371 1342 3574 1399 Genev.
3612 1341 3729 1406 11⁷,
3775 1339 3865 1398 fol.
3899 1341 3986 1400 44.
4054 1342 4318 1413 Reperies
4359 1361 4524 1414 porro
4555 1347 4611 1401 in

2845 1408 3650 1536 ¹ggsslgssm¹Q5L¹¹105⁰ssffl
3691 1429 3752 1535 ξ’
3769 1411 4224 1551 nffl‘nffipss.
4251 1411 4481 1549 ‘'1⁵35“
4528 1431 4609 1484 ''¹''

2845 1652 2909 1715 A
2951 1649 3200 1716 Monsr.
3251 1649 3489 1717 Monsr.
3525 1648 3904 1735 Despeville

3902 1776 3942 1820 a
3976 1754 4445 1824 villefranche.

2847 1921 2921 1989 S.
2963 1922 3150 1989 Nihil
3192 1924 3303 1990 hic
3347 1923 3583 1990 accidit
3636 1925 3793 1991 novi
3835 1947 3917 1991 ex
3954 1947 4084 2010 quo
4128 1925 4213 1992 ad
4255 1932 4323 1993 te
4364 1929 4609 2012 scripsi.

2677 2008 3022 2075 Nemorm
3064 2010 3168 2076 vel
3213 2008 3449 2075 alicubi
3500 2010 3661 2076 latet
3704 2008 3809 2076 vel
3846 2012 4002 2095 fuga
4035 2011 4158 2078 sibi
4193 2013 4536 2079 consuluit.
4562 2016 4611 2092 ι)

2674 2094 2851 2176 Quid
2895 2095 2977 2161 iis
3018 2095 3108 2161 sit
3148 2096 3445 2162 futurum
3488 2097 3602 2179 qui
3645 2097 3831 2162 abusi
3876 2106 4031 2162 sunt
4071 2099 4279 2181 ipsius
4312 2100 4608 2180 stultitia,

2672 2180 2962 2247 nondum
3018 2183 3242 2248 resciri
3299 2190 3530 2266 potest.
3621 2181 3756 2248 Sed
3801 2183 4018 2249 Deum
4063 2205 4252 2267 spero
4296 2185 4609 2268 paulatim

2671 2286 2781 2333 eos
2825 2266 2907 2331 ad
2950 2265 3264 2332 iudicium
3306 2275 3807 2351 pertracturum,
3853 2289 4225 2352 quanquam
4268 2271 4333 2334 id
4377 2271 4610 2337 fortas-

2671 2355 2761 2418 sis
2824 2352 3078 2418 tardius
3141 2353 3276 2432 fiet,
3316 2374 3541 2436 ,quam
3608 2354 3968 2437 optandum
4034 2363 4227 2430 esset,
4304 2358 4609 2438 quoniam

2669 2440 2873 2506 mirae
2916 2446 3075 2503 sunt
3114 2437 3376 2504 illorum
3420 2438 3699 2516 fraudes,
3754 2447 3822 2505 et
3863 2441 3936 2506 in
3977 2447 4166 2504 tanta
4207 2445 4607 2508 consciorum

2669 2523 3092 2595 multitudine
3149 2523 3431 2607 plurima
3485 2534 3888 2590 metuuntur.
3976 2526 4255 2591 Summa
4311 2530 4607 2594 coniura-

2671 2610 2873 2675 tionis
2926 2619 3098 2675 erat:
3153 2610 3433 2677 abducto
3490 2610 3737 2676 maiore
3779 2614 3953 2695 regis
3994 2610 4196 2678 fratre
4239 2614 4474 2679 urbem
4508 2634 4608 2679 oc-

2667 2715 2927 2778 cupare,
2969 2696 3286 2779 impetum
3329 2697 3400 2760 in
3444 2714 3561 2761 nos
3604 2697 3831 2775 facere,
3878 2695 4158 2780 denique
4194 2705 4262 2763 et
4299 2698 4607 2765 domesti-

2669 2783 2762 2847 cis
2784 2789 2852 2847 et
2885 2783 3175 2847 externis
3211 2783 3412 2847 armis
3433 2782 3652 2847 omnia
3673 2783 4073 2865 perturbare.
4140 2784 4470 2851 Dominus
4504 2785 4609 2869 qui

2668 2868 2742 2932 in
2782 2868 2923 2951 ipso
2972 2866 3246 2933 articulo
3289 2868 3418 2933 ista
3459 2868 3591 2932 iam
3625 2870 3914 2933 maxima
3947 2889 4029 2933 ex
4066 2877 4253 2951 parte
4285 2871 4608 2953 patefecit,

2669 2962 2945 3032 caetera,
3022 2963 3098 3019 ut
3154 2973 3512 3035 speramus,
3592 2954 3900 3037 perficiet.
4002 2954 4227 3020 Pridie
4285 2955 4609 3023 Oalendas

2668 3037 3058 3105 Novembris
3134 3038 3390 3104 solenni
3454 3038 3645 3122 epulo
3721 3039 4191 3106 celebravimus
4271 3040 4610 3108 Condensis

2668 3125 2928 3200 soteria,
2993 3124 3163 3208 quod
3219 3145 3295 3190 eo
3353 3124 3459 3190 die
3512 3125 3846 3208 superiore
3891 3145 4062 3190 anno
4113 3134 4365 3211 captus,
4434 3148 4608 3193 nunc

2668 3211 2739 3274 in
2782 3210 2987 3275 oculis
3044 3210 3568 3277 adversariorum
3625 3211 3810 3276 vivat
3857 3219 3923 3276 et
3965 3212 4110 3277 Deo
4152 3215 4302 3278 vivo
4344 3213 4607 3279 serviat.

2667 3296 2865 3362 Mitto
2911 3295 2992 3362 ad
3035 3303 3103 3362 te
3137 3295 3472 3380 exemplar
3505 3294 3866 3376 literarum,
3910 3317 4069 3380 quas
4104 3296 4370 3364 tandem
4401 3299 4607 3383 impe-

2667 3382 3006 3449 travimus.
3030 3380 3086 3467 ²)
3182 3380 3455 3448 Utinam
3521 3383 3730 3447 nostri
3793 3402 3936 3448 sese
4001 3382 4231 3449 saltem
4298 3383 4381 3448 ad
4451 3384 4609 3450 duos

2664 3488 2925 3533 menses
2958 3468 3354 3534 contineant.
3441 3466 3614 3532 Nam
3657 3488 3745 3533 ex
3787 3488 3863 3533 eo
3919 3476 4250 3534 conventu
4300 3470 4410 3554 qui
4470 3477 4606 3535 tum

2665 3553 2925 3619 futurus
2970 3561 3088 3632 est,
3159 3554 3407 3618 maiora
3449 3554 3650 3619 etiam
3694 3562 3760 3619 et
3802 3554 4078 3619 certiora
4119 3574 4327 3639 spero.
4418 3555 4606 3622 Pari-

2666 3639 2914 3705 sienses
2958 3639 3090 3703 iam
3135 3658 3268 3704 non
3311 3646 3586 3721 possunt
3629 3638 4042 3705 affluentium
4085 3640 4343 3706 turbam
4398 3641 4603 3707 conti-

2665 3745 2841 3802 nere,
2920 3723 3082 3789 adeo
3148 3733 3223 3790 ut
3285 3745 3402 3808 pro
3466 3724 3766 3791 ducentis
3823 3725 4156 3791 interdum
4220 3746 4338 3792 sex
4400 3726 4606 3792 millia

2665 3810 3078 3877 conveniant.
3105 3812 3160 3887 θ)
3249 3810 3414 3897 Ego,
3459 3811 3581 3876 etsi
3625 3810 3876 3895 gaudeo
3910 3813 4259 3897 propagari
4293 3810 4423 3878 Dei
4460 3833 4605 3898 reg·

2665 4105 2725 4154 et
2757 4099 2983 4154 ardente
3018 4099 3360 4155 exhortation
3412 4140 3425 4153 .
3463 4140 3477 4154 .
3516 4137 3531 4150 .
3569 4141 3582 4154 .
3630 4105 3689 4155 et
3731 4119 3766 4172 y
3812 4101 3978 4156 laissa
4024 4119 4162 4172 pour
4207 4103 4459 4159 ministre
4494 4106 4601 4177 Ay-

2664 4169 2802 4223 nard
2838 4167 3054 4223 Pichon.
3095 4197 3158 4207 --
3192 4168 3426 4237 Appulit
3469 4169 3706 4238 Vapinct'
3738 4169 3795 4224 d.
3832 4169 3915 4227 15.
3949 4170 4096 4228 Nov.

2664 4238 2851 4293 8599.
2872 4236 2930 4303 1)
2967 4236 3201 4293 Latebat
3232 4252 3269 4292 a
3310 4277 3323 4289 .
3366 4236 3621 4293 θιιὲοίυιιι
3653 4238 3718 4294 in
3750 4237 4025 4296 Nam-ait
4056 4240 4339 4310 (Lanquet
4370 4241 4442 4296 11.
4480 4241 4601 4308 156)

2666 4307 2739 4374 cf.
2774 4306 3115 4440 οωὲἷηονὲἇ
3141 4304 3275 4430 ἔξω.
3315 4313 3423 4362 not.
3458 4305 3555 4362 nat.

2873 4442 2932 4510 3)
2971 4442 3226 4513 Lamud
3273 4443 3344 4500 Π.
3394 4441 3507 4500 155.
3561 4443 3616 4499 d.
3663 4443 3736 4502 d..
3772 4443 3854 4498 10.
3906 4442 4082 4499 Nova
4146 4446 4393 4503 Calendis
4445 4450 4602 4503 huius

2667 4512 2870 4566 mensis
2902 4514 3078 4566 nostri
3120 4512 3352 4582 primum
3398 4512 3721 4582 prodierunt
3762 4513 3821 4565 in
3869 4515 4160 4583 publicum,
4207 4520 4264 4569 et
4308 4521 4437 4571 sunt
4479 4535 4601 4573 con·

2668 4581 2868 4635 cionati
2902 4585 2959 4635 et
2992 4587 3330 4635 sacramenta
3372 4581 3839 4635 administrat-unt.
3920 4581 4043 4636 Non
4091 4583 4310 4653 quidem
4354 4584 4457 4640 hoc
4502 4587 4604 4641 fuit

2708 4651 2828 4703 lane
2864 4651 3184 4719 permissum
3221 4669 3255 4703 a
3287 4664 3434 4720 rege,
3468 4667 3537 4704 ne
3571 4650 3750 4704 edicta
3782 4650 3851 4703 de
3886 4665 3951 4703 ea
3984 4668 4047 4704 re
4082 4652 4226 4706 facta
4259 4655 4490 4710 rescindi
4523 4657 4599 4710 vi-

2705 4723 2941 4784 erentur,
2976 4719 3075 4772 sed
3107 4727 3290 4773 tamen
3325 4724 3444 4773 erat
3479 4735 3547 4772 ex
3581 4720 3706 4772 aula
3746 4718 4123 4789 significatum,
4169 4722 4217 4775 si
4252 4725 4601 4779 convenirent

2666 4803 2776 4842 non
2807 4787 2993 4857 plures
3065 4805 3190 4841 uam
3222 4786 3442 4841 ducenti
3474 4803 3658 4857 regem
3690 4787 3794 4841 hoo
3827 4790 4199 4845 toleraturum.
4243 4789 4600 4848 Convenimus

2665 4856 2853 4979 ἓξὲξ
2881 4804 3110 4978 ut&
3140 4855 3938 4980 ffiffi2030500⁶0232233¹20ff
3969 4858 4251 4982 issu
4278 4867 4600 4985 ”sam

2666 4993 2901 5047 millibus
2936 4993 3245 5048 interfuisse
3279 4994 3523 5049 concioni
3552 5032 3773 5049 .....
3808 4942 4117 5050 Oonvg’ntus
4149 4944 4478 5055 fluntqextra
4512 5017 4597 5054 ur·

2666 5062 2805 5143 bem²
2842 5066 2900 5115 et
2934 5062 3123 5116 diebus
3198 5062 3411 5119 rofestis
3445 5066 3658 5117 tantum
3693 5062 3763 5117 ad
3799 5063 4050 5118 vitandas
4087 5065 4409 5122 seditiones:
4455 5068 4597 5139 quod

2666 5130 2715 5184 si
2748 5130 2940 5185 diebus
2973 5130 3130 5184 festis
3202 5136 3359 5186 erent
3402 5138 3752 5186 concurreret
3783 5132 3996 5187 infinita
4029 5134 4317 5189 multitudo
4352 5137 4595 5206 opificum

2666 5204 2726 5254 et
2777 5199 3006 5253 aliorum
3063 5200 3371 5254 tenuiorum
3428 5200 3722 5256 hominum.
3823 5202 3997 5267 Quum
4050 5204 4414 5274 convenimus,
4464 5205 4595 5260 reci-

2663 5268 2890 5337 piuntur
2925 5267 3176 5322 mulieres
3222 5269 3282 5323 in
3313 5269 3564 5323 medium.
3635 5269 3789 5339 Ipsus
3821 5271 4077 5324 mulieres
4109 5272 4351 5342 undique
4383 5275 4599 5343 cingunt

2664 5337 2773 5390 viri
2806 5336 3019 5406 pedites
3053 5337 3148 5406 qui
3194 5337 3300 5408 ipsi
3340 5338 3632 5409 cinguntur
3675 5339 3747 5395 ab
3799 5337 4091 5410 equitibus.
4177 5340 4319 5397 Dum
4370 5342 4598 5399 habetur
