4850 6117
610 388 735 452 668

614 573 786 640 hanc
840 571 1174 655 regionem
1223 570 1361 637 suis
1414 568 1778 635 mendaciis
1820 573 2308 652 pertraxerunt,
2365 566 2554 650 quasi

660 665 884 725 aratus
938 664 1111 723 esset
1164 655 1354 722 miles
1413 661 1481 720 et
1537 655 1814 721 missum
1868 674 1953 720 ex
2008 655 2114 718 An
2164 653 2254 718 lia
2305 653 2553 736 stipen-

661 745 813 811 'um.
888 742 1260 825 Utrumque
1304 740 1540 807 falsum
1585 760 1726 808 esse
1772 738 2102 824 deprehen
2152 739 2166 752 '
2239 760 2349 804 us:
2397 758 2556 803 nam

609 850 822 913 neque
862 827 1074 894 multo
1117 827 1338 911 plures
1387 834 1546 893 sunt
1586 826 1794 912 Angli
1836 846 2031 909 quam
2072 825 2364 908 requirat
2404 844 2554 907 por-

610 925 717 982 tus
772 914 1172 994 Gratiensis,
1229 933 1436 997 neque
1492 913 1693 979 allata
1751 920 1892 978 erat
1937 912 2229 994 pecunia.
2315 909 2421 975 Ab
2477 930 2554 974 eo

610 1009 901 1084 tempore
929 1005 985 1077 ⁴)
1028 1001 1209 1067 venti
1268 998 1380 1065 diu
1435 998 1696 1066 adversi
1750 1019 1872 1063 nos
1924 1017 2269 1080 suspensos
2320 1005 2553 1061 tenue-

609 1097 797 1153 runt:
856 1085 1121 1152 tandem
1165 1092 1385 1151 tamen
1441 1085 1745 1168 promissi
1799 1084 2106 1166 stipendii
2148 1083 2357 1149 maior
2398 1101 2555 1167 pars

609 1173 881 1257 appulit,
938 1172 1259 1256 reliquam
1312 1170 1597 1255 quotidie
1646 1178 2119 1253 exspectamus.
2210 1170 2301 1234 Et
2342 1169 2555 1233 fertur

607 1259 798 1325 miles
861 1259 933 1323 in
1000 1257 1236 1342 Anglia
1299 1256 1638 1324 conscribi.
1729 1255 1923 1337 Quod
1988 1256 2119 1321 nisi
2183 1253 2369 1319 Deus
2434 1274 2554 1319 nos

606 1345 1021 1429 respexisset,
1076 1350 1350 1410 ventum
1401 1349 1574 1408 esset
1626 1341 1707 1408 ad
1763 1353 2149 1408 extremum.
2221 1340 2358 1406 Sed
2399 1339 2553 1404 vide

606 1451 802 1515 quam
845 1440 1208 1513 opportune
1240 1428 1428 1494 nobis
1465 1428 1762 1494 adfuerit.
1834 1428 2134 1494 Primum
2169 1427 2469 1492 omnium
2500 1429 2553 1503 ⁸)

605 1516 932 1582 Dominus
968 1516 1063 1580 ita
1083 1514 1409 1582 continuit
1431 1513 1913 1580 Germanorum
1936 1514 2189 1578 animos
2215 1521 2290 1577 ut
2323 1518 2552 1578 contra

606 1622 790 1686 spem
835 1621 1097 1666 omnem
1141 1599 1353 1666 adhuc
1390 1600 1593 1683 quieti
1636 1599 1974 1666 nobiscum
2019 1599 2240 1664 omnia
2282 1617 2550 1679 exspec-

606 1695 767 1753 tent.
855 1688 1205 1753 Praeterea
1258 1685 1457 1752 biduo
1499 1685 1973 1752 cadomensem
2026 1704 2262 1762 arcem,
2286 1687 2338 1764 ⁶)
2384 1704 2553 1766 quae

605 1771 1138 1857 inexpugnabilis
1170 1771 1520 1839 videbatur
1554 1779 1621 1837 et
1662 1772 1904 1838 summi
1938 1779 2039 1836 est
2079 1771 2154 1834 in
2189 1771 2295 1835 his
2338 1769 2550 1854 regio-

606 1860 802 1926 nibus
844 1859 1177 1937 momenti,
1223 1859 1411 1924 nobis
1452 1858 1524 1922 in
1558 1877 1794 1923 manus
1836 1858 1977 1924 sine
2020 1856 2215 1921 caede
2260 1853 2548 1933 tradidit,

605 1943 900 2011 hostibus
961 1944 1055 2008 ita
1117 1953 1388 2027 repente
1447 1943 1786 2027 perculsis,
1852 1951 1927 2008 ut
1981 1943 2097 2007 vix
2160 1942 2356 2008 unius
2421 1940 2551 2006 diei

605 2031 1160 2115 oppugnationem
1206 2030 1653 2097 sustinuerint.
1741 2028 1991 2097 Urbem
2025 2028 2207 2111 prius
2249 2027 2550 2094 obtinue-

605 2137 830 2182 ramus
873 2116 1185 2182 ecclesiae
1238 2136 1435 2199 opera
1489 2122 1557 2181 et
1599 2135 1935 2182 consensu.
2023 2116 2131 2179 Ita
2173 2113 2377 2197 igitur
2419 2134 2550 2177 non

605 2211 743 2268 tam
798 2203 1027 2268 urbem
1083 2222 1287 2267 unam
1352 2222 1551 2284 quam
1614 2209 1825 2267 totum
1888 2200 2067 2266 hunc
2130 2206 2416 2265 tractum
2478 2199 2551 2262 in

605 2288 907 2354 manibus
951 2287 1286 2366 habemus,
1344 2307 1465 2352 nec
1507 2286 1860 2371 quidquam
1913 2287 2045 2351 iam
2101 2285 2291 2351 nobis
2334 2286 2549 2350 obstat

598 2374 948 2458 quominus
1004 2372 1247 2456 absque
1304 2371 1436 2438 ullo
1492 2373 1782 2456 periculo
1837 2372 2277 2450 Britanniam,
2322 2369 2548 2436 Ande-

593 2480 818 2543 gavos,
874 2459 1190 2538 Turones,
1249 2465 1316 2523 et
1370 2457 1684 2542 quidquid
1738 2458 2077 2524 Aureliam
2135 2477 2338 2540 usque
2396 2476 2547 2539 pro-

594 2544 809 2610 tendit
850 2544 1264 2623 invadamus,
1309 2544 1441 2610 nisi
1485 2544 1717 2609 malint
1761 2544 1983 2611 hostes
2027 2544 2310 2609 alterum
2351 2562 2546 2626 proe-

595 2631 765 2695 lium
821 2631 1006 2696 inire.
1095 2629 1359 2696 Pedites
1419 2651 1573 2696 vero
1628 2628 1846 2696 nullos
1901 2629 2217 2695 habemus
2259 2637 2542 2711 paratos,

597 2715 714 2782 sed
772 2716 1037 2782 aliunde
1095 2722 1569 2800 exspectamus.
1644 2716 1963 2799 Equitatu
2009 2736 2163 2782 vero
2206 2734 2545 2797 nunquam

595 2821 800 2885 aeque
855 2810 928 2866 ut
986 2823 1161 2868 nunc
1209 2801 1556 2866 valuimus.
1627 2801 1858 2868 Hostis
1903 2823 1939 2866 e
1982 2801 2306 2867 contrario
2360 2799 2546 2884 pedi-

595 2894 740 2954 tatu
782 2887 980 2967 valet,
1026 2890 1388 2972 equitatum
1431 2889 1567 2953 fere
1609 2886 1868 2954 nullum
1902 2887 2119 2953 habet.
2188 2886 2441 3036 Itaque,
2486 2885 2544 2950 si

593 2993 760 3056 opus
804 2974 946 3053 erit,
1009 2974 1314 3040 existimo
1367 2994 1486 3038 nos
1544 2982 1875 3040 certamen
1919 2993 2055 3037 non
2100 2992 2242 3038 esse
2335 2979 2540 3037 etrec-

592 3065 867 3125 taturos.

765 3142 950 3210 Dum
1015 3144 1176 3211 haec
1239 3145 1310 3210 in
1373 3141 1480 3210 his
1543 3145 1917 3230 regionibus
1983 3150 2324 3229 geruntur,
2396 3159 2544 3210 ecee

593 3230 923 3295 Dominus
966 3228 1245 3295 alterum
1282 3230 1468 3296 nobis
1502 3232 1818 3297 excitavit
1838 3230 1949 3314 qui
1992 3239 2355 3314 tyrannum
2390 3249 2542 3294 nos·

594 3324 776 3380 trum
820 3314 1210 3382 confoderet.
1232 3314 1290 3400 ⁷)
1378 3314 1556 3398 Quid
1598 3316 1849 3383 consilii
1893 3316 2072 3382 enim
2125 3314 2363 3381 habeat
2407 3315 2539 3380 Re-

594 3401 754 3485 gina
794 3400 1156 3467 nescimus:
1201 3400 1317 3468 sed
1351 3410 1670 3484 quantum
1702 3422 1966 3484 possum
2011 3402 2328 3468 conjicere
2371 3421 2542 3466 nun-

636 3507 792 3552 uam
835 3487 1248 3569 conquiescet
1291 3487 1495 3553 donec
1538 3507 1608 3552 se
1650 3488 1859 3571 ipsam
1902 3488 2130 3553 invitis
2174 3488 2359 3553 nobis
2393 3507 2544 3569 per-

643 3570 851 3638 ‘derit
928 3571 1200 3638 Certum
1245 3582 1347 3638 est
1379 3572 1802 3656 paucissimos
1837 3572 2126 3638 hostium
2161 3573 2358 3639 duces
2400 3593 2544 3639 esse

594 3658 1003 3741 superstites,
1045 3660 1345 3725 omnibus
1389 3659 1525 3724 fere
1566 3659 1932 3725 interfectis
1967 3661 2079 3742 qui
2121 3657 2444 3724 industria
2477 3665 2545 3723 et

595 3745 949 3809 autoritate
983 3743 1306 3823 valebant,
1352 3765 1553 3828 quum
1597 3752 1818 3810 tamen
1862 3765 2090 3810 omnes
2124 3744 2331 3811 nostri
2375 3743 2541 3810 salvi

596 3830 748 3895 sint.
836 3829 1071 3913 Itaque
1127 3830 1284 3913 quid
1337 3831 1629 3896 futurum
1683 3831 1769 3895 sit
1812 3830 2100 3914 ambigo:
2160 3830 2276 3896 sed
2319 3836 2543 3896 tamen

595 3935 823 3998 pacem
877 3935 1142 4000 sperare
1198 3914 1492 3982 nondum
1547 3914 1769 3982 audeo.
1865 3913 2241 3985 condamm
2281 3916 2402 3981 tibi
2445 3914 2543 3980 af-

597 4000 791 4066 firmo
853 4022 1192 4085 nunquam
1255 4002 1509 4068 fortiori
1572 4002 1791 4067 animo
1856 4003 2086 4068 fuisse:
2150 4002 2403 4067 utinam
2460 4000 2543 4067 ad

598 4094 969 4153 extremum
1006 4108 1212 4171 usque
1234 4087 1717 4172 perseveraret!
1751 4089 1806 4171 ⁸)
1862 4087 2110 4153 Parum
2147 4087 2358 4155 abfuit
2382 4086 2544 4170 quin

599 4171 985 4322 eliaiberetur,
1041 4173 1155 4240 sed
1209 4174 1283 4238 in
1334 4176 1479 4258 ipso
1533 4173 1809 4240 articulo
1852 4172 2177 4241 detectum
2222 4174 2347 4239 fuit
2390 4192 2546 4239 con-

599 4279 653 4323 si
707 4280 838 4324 um.

811 4545 873 4616 4)
903 4549 1097 4603 Alieno
1132 4555 1378 4621 tempore
1420 4548 1489 4606 G.

774 4614 866 4696 f)
901 4617 981 4671 sic
1024 4619 1254 4688 lem'mus
1296 4617 1672 4688 compendium
1721 4620 2043 4687 scripturae,
2091 4632 2194 4686 1)Γο
2228 4632 2335 4687 Μ
2384 4616 2549 4672 G‘W

605 4684 688 4738 ”a
721 4697 872 4818 nub)
896 4684 1298 4823 Ybaepuynatan
1340 4771 1395 4809 a.
1442 4756 1495 4810 ἀ.
1542 4756 1637 4811 VI.
1711 4754 1844 4809 Non
1890 4754 2149 4809 Martias.
2216 4751 2389 4818 (Hier.
2424 4756 2549 4811 eecl-

607 4821 682 4874 H'
717 4818 874 5012 ²⁶⁰3}
906 4886 997 4943 De
1029 4889 1321 4946 stanam·
1360 4890 1549 4946 Gnosis·
1580 4897 1748 4948 mom
1781 4889 1906 4945 vie«
1950 4890 2098 4946 fleat.
2137 4892 2257 4946 κει.
2292 4891 2325 4944 ι.
2364 4891 2400 4944 ι.
2441 4889 2547 4945 Re·

607 4958 781 5014 lation
854 4957 2552 5016 elammeetdezamortduducdeo.inmm.de

615 5024 798 5083 Concu
830 5026 929 5082 IV.
964 5024 1084 5081 240.
1165 5028 1348 5083 Lem-e
1380 5029 1447 5083 de
1479 5028 1595 5084 1³60.
1630 5029 1699 5084 de
1735 5028 1876 5084 Rieu
1905 5034 2196 5084 contenent
2230 5029 2306 5083 les
2338 5028 2551 5084 actious

608 5101 658 5150 et
687 5111 895 5166 propos
937 5095 1004 5179 ᾀσ
1041 5095 1124 5152 Μ.
1162 5096 1228 5150 de
1265 5096 1436 5152 Qum
1478 5098 1673 5167 depuis
1718 5113 1785 5153 so
1827 5098 2063 5153 olosma
2093 5097 2323 5168 jusque
2368 5100 2406 5153 ὰ
2450 5113 2551 5153 eon

609 5162 1379 5371 ‘T“2³>‘⁶'³r‘{·m1²⁴.}.,1³ff³¹2
1404 5172 1530 5302 332.
1541 5168 1724 5304 ἵε..
1751 5166 1913 5292 aa·
1944 5166 2107 5291 z...
2140 5236 2311 5291 ....
2344 5235 2550 5292 N...

607 5304 632 5367 (
696 5303 785 5358 ist.
820 5318 906 5358 ece
929 5344 942 5356 .
1034 5343 1046 5356 .
1213 5342 1226 5355 .

2112 375 2637 508 anstrum
2683 380 3108 445 3912-3914

4477 383 4593 447 664

2827 566 3001 632 Puto
3042 587 3150 632 me
3201 567 3380 633 intra
3422 567 3560 633 dies
3602 587 3843 651 paucos
3897 569 3966 634 in
4011 567 4326 652 Angliam
4367 568 4594 634 traiec-

2658 659 2897 718 turum.
2919 656 2976 729 θ)
3062 652 3271 720 Vides
3335 660 3652 737 quantum
3726 673 3891 719 onus
3967 652 4131 719 mihi
4207 654 4590 736 imponatur.

2657 737 2886 820 Itaque
2927 738 3093 804 mihi
3133 739 3437 822 precibus
3494 740 3733 805 vestris
3786 739 3998 805 multo
4039 740 4251 824 magis
4292 761 4456 822 opus
4496 748 4593 807 est

2656 844 2851 908 quam
2917 833 3124 891 antea.
3210 824 3409 909 Cogit
3470 844 3594 891 nos
3659 825 3946 891 hostium
4011 826 4224 891 rabies
4289 824 4373 891 ad
4437 826 4591 893 haec

2617 929 2625 944 ’
2655 910 2926 977 consilia
2948 909 3352 991 descendere,
3390 931 3555 995 quae
3590 920 3809 977 tamen
3845 931 4034 994 spero
4054 912 4305 994 patriae
4340 919 4409 976 et
4427 911 4593 996 Regi

2654 994 2871 1061 fraudi
2927 1017 3060 1063 non
3117 996 3351 1062 futura.
3436 995 3814 1063 Posidonius
3853 1017 4028 1063 nunc
4087 995 4351 1062 demum
4393 998 4587 1082 viget,

2655 1090 2723 1147 et
2800 1103 2959 1147 sane
3021 1083 3080 1148 si
3141 1088 3375 1166 pergat
3439 1081 3677 1166 dignus
3748 1083 3878 1148 erit
3952 1083 4309 1148 immortali
4383 1080 4588 1148 laude.

2655 1166 2878 1250 Quum
2930 1168 3030 1233 illi
3085 1168 3553 1253 significassem
3595 1190 3699 1235 me
3742 1168 3825 1234 ad
3868 1176 3937 1234 te
3980 1169 4278 1247 scribere,
4337 1170 4594 1253 rogavit

2654 1263 2727 1319 ut
2781 1275 2852 1320 se
2909 1254 3029 1320 tibi
3084 1274 3462 1321 excusarem
3510 1255 3682 1336 quod
3726 1276 3933 1338 neque
3987 1262 4183 1320 antea
4224 1263 4360 1319 tam
4403 1275 4593 1338 saepe

2654 1340 2985 1423 scripserit
3027 1360 3222 1423 quam
3259 1339 3535 1420 volebat,
3581 1361 3655 1407 ac
3697 1360 3784 1406 ne
3826 1361 4006 1407 nunc
4049 1340 4312 1424 quidem
4357 1341 4595 1407 scribat

2652 1424 2976 1491 immensa
3017 1427 3425 1510 negotiorum
3470 1426 3644 1491 mole
3687 1447 4051 1510 oppressus,
4108 1435 4176 1491 et
4229 1425 4479 1491 addidit
4521 1433 4595 1492 ut

2653 1511 2984 1578 communi
3027 1512 3291 1577 nomine
3337 1511 3417 1577 de
3460 1513 3653 1578 rebus
3696 1514 3939 1579 nostris
3982 1511 4063 1578 ad
4109 1522 4173 1578 te
4227 1513 4590 1579 scriberem.

2654 1595 2790 1663 Sed
2836 1597 2916 1663 de
2960 1597 3066 1662 his
3111 1598 3286 1664 satis.

2823 1684 2966 1749 Iam
3011 1683 3095 1749 ad
3152 1705 3258 1749 me
3309 1683 3528 1767 ipsum
3572 1685 3779 1751 venio.
3861 1683 4148 1768 Corpore
4205 1686 4365 1750 satis
4406 1685 4592 1750 valeo

2654 1768 2782 1834 Dei
2822 1770 3052 1852 gratia,
3100 1770 3321 1834 animo
3355 1770 3552 1854 paulo
3596 1770 3834 1836 melius
3867 1792 4063 1853 quam
4099 1781 4268 1835 ante.
4342 1768 4476 1836 Sed
4519 1778 4595 1836 ut

2655 1854 2949 1920 dicamus
2993 1854 3164 1939 quod
3219 1876 3327 1920 res
3371 1866 3496 1921 est:
3560 1856 3688 1922 nisi
3728 1878 3836 1922 me
3879 1856 4168 1922 viderem
4215 1876 4348 1922 non
4392 1857 4592 1922 inuti-

2650 1939 2782 2006 lem
2837 1940 2946 2006 hic
2999 1962 3161 2021 esse,
3227 1950 3302 2007 ut
3357 1963 3532 2008 nunc
3574 1941 3838 2027 quidem
3895 1963 4001 2008 res
4063 1950 4235 2021 sunt,
4299 1943 4595 2008 vinceret

2651 2026 3081 2109 impatientia,
3141 2049 3349 2111 neque
3403 2035 3845 2111 exspectarem
3890 2028 4048 2093 dum
4091 2049 4132 2092 a
4174 2029 4363 2095 vobis
4406 2048 4594 2093 revo-

2651 2132 2855 2188 carer,
2911 2123 3106 2197 atque
3164 2112 3324 2179 adeo
3379 2109 3722 2196 quibusvis
3820 2113 4083 2180 ericulis
4146 2135 4252 2179 me
4315 2114 4597 2180 libenter

2650 2198 3015 2277 obiicerem,
3053 2210 3126 2264 ut
3159 2200 3392 2266 saltem
3412 2219 3674 2282 possem
3695 2220 3779 2268 vo
3824 2201 4030 2266 iseum
4054 2200 4391 2284 respirare.
4458 2198 4594 2265 Sed

2650 2283 2910 2366 quando
2952 2286 3048 2349 ita
3082 2306 3246 2368 opus
3281 2294 3399 2364 est,
3444 2287 3725 2352 conabor
3761 2286 3959 2352 huius
3992 2285 4337 2369 legationis
4369 2285 4595 2352 labore

2650 2370 2936 2454 defungi,
2980 2372 3092 2454 qui
3114 2372 3368 2436 utinam
3403 2373 3490 2436 sit
3522 2394 3700 2439 nunc
3725 2371 3986 2456 quidem
4013 2372 4318 2437 ultimus!
4401 2370 4595 2454 Quod

2650 2457 2707 2521 si
2763 2458 2963 2521 etiam
3018 2457 3253 2537 licebit,
3318 2456 3471 2523 inde
3524 2461 3740 2540 potius
3795 2457 3879 2522 ad
3934 2479 4050 2524 vos
4088 2478 4285 2541 quam
4341 2457 4415 2521 in
4470 2457 4593 2521 has

2653 2551 3073 2625 tempestates
3115 2544 3355 2609 reverti
3401 2545 3730 2609 constitui.
3805 2542 3954 2624 Qua
3990 2542 4068 2608 de
4110 2564 4185 2608 re
4226 2542 4482 2626 plenius
4527 2549 4594 2607 et

2650 2629 2893 2694 certius
2949 2629 3033 2693 ad
3089 2637 3156 2694 te
3208 2629 3487 2696 scribam
3531 2651 3734 2714 quum
3776 2628 4156 2695 Londinum
4208 2649 4588 2712 pervenero.

2648 2711 2914 2779 Interea
2956 2734 3115 2799 rogo
3156 2722 3239 2794 te,
3287 2716 3377 2780 mi
3420 2724 3621 2798 pater,
3678 2737 3816 2781 una
3857 2736 4008 2782 cum
4052 2714 4354 2781 omnibus
4396 2714 4589 2780 eoll'e-

2648 2798 2751 2883 gis
2794 2808 2870 2864 ut
2910 2801 3042 2865 mei
3081 2801 3512 2867 memineritis
3556 2802 3731 2885 apud
3775 2810 4095 2880 senatum,
4154 2821 4239 2866 ne
4296 2801 4589 2886 longiore

2647 2905 2796 2950 mea
2836 2906 3021 2951 mora
3063 2886 3448 2953 offendatur.

2816 2972 2923 3037 De
2988 2992 3195 3038 uxore
3259 2972 3427 3037 nihil
3490 2973 3700 3052 audio,
3768 2994 3852 3039 ex
3917 2993 4044 3056 quo
4109 2981 4210 3037 est
4272 2973 4589 3039 coniicere

2646 3077 2841 3140 quam
2888 3076 3120 3140 pamm
3164 3065 3381 3124 tutum
3424 3060 3513 3125 sit
3553 3060 3777 3125 literas
3821 3060 4125 3143 cuiquam
4166 3061 4584 3126 committere.

2645 3142 2836 3228 Rogo
2877 3143 3346 3211 Normandium
3400 3154 3702 3211 nostrum
3760 3143 3954 3227 quod,
4011 3146 4070 3210 si
4125 3145 4286 3210 haec
4345 3143 4462 3208 tibi
4518 3144 4587 3208 in

2648 3237 2940 3312 tempore
2973 3228 3349 3310 reddantur,
3364 3234 3449 3308 ¹⁰)
3485 3229 3730 3315 aliquid
3772 3231 3873 3295 illi
3908 3231 3989 3297 de
4032 3250 4177 3296 mea
4213 3228 4588 3297 valetudine

2646 3336 2764 3399 per
2805 3322 3197 3383 mercatores
3250 3324 3507 3383 nostros
3561 3316 3821 3384 scribat.
3909 3317 4082 3382 Nam
4135 3324 4438 3400 suspecta
4490 3323 4589 3380 est

2645 3401 2812 3466 mihi
2874 3399 3082 3486 ipsius
3143 3403 3571 3488 impatientia,
3638 3424 3841 3486 quum
3905 3411 4127 3468 tamen
4193 3401 4442 3468 mederi
4505 3422 4588 3466 ne

2642 3486 2854 3554 literis
2909 3485 3175 3572 quidem
3228 3510 3510 3572 possum,
3567 3491 3949 3572 priusquam
4001 3489 4072 3554 in
4118 3486 4433 3573 Angliam
4474 3507 4584 3569 ap·

2643 3572 2891 3656 pulcro.
2962 3573 3147 3640 Bene
3211 3575 3389 3652 vale,
3455 3577 3546 3639 mi
3611 3585 3816 3658 pater,
3880 3575 4205 3640 Dominus
4269 3573 4460 3658 1esus
4523 3584 4583 3637 te

2643 3667 2985 3726 conservet
3025 3667 3094 3725 et
3136 3661 3443 3726 miseram
3499 3661 3836 3727 ecclesiam
3878 3661 4266 3727 consoletur.
4336 3660 4582 3724 Fratri-

2644 3745 2770 3810 bus
2834 3755 2900 3811 et
2964 3745 3187 3811 amicis
3267 3747 3569 3813 omnibus
3633 3747 3909 3812 multam
3987 3747 4266 3813 salutem
4344 3765 4581 3828 precor.

2646 3829 2931 3897 Cadcmc
2977 3837 3032 3896 5.
3080 3832 3324 3897 Martii.

3363 3970 3545 4036 Tuus
3587 3971 3772 4037 cuius
3815 3990 4085 4034 manum
4128 3969 4445 4054 agnoscis.

3524 4513 3723 4584 8⁹13.

3055 4666 3721 4736 BULLINGERUS
3758 4666 4193 4735 CALVINO.

2832 4836 3036 4905 Varia
3077 4838 3275 4905 tradit
3306 4857 3464 4920 quae
3503 4858 3663 4904 nova
3703 4838 3896 4919 habet,
3940 4840 4211 4906 maxime
4244 4838 4574 4914 eoeffaaia,

2647 4930 2776 4992 tam
2829 4929 2993 4992 ema
3049 4944 3240 5007 quam
3294 4924 3774 5006 moresplua
3825 4926 4287 4992 minusvanos.
4381 4922 4575 4991 Sama

2646 5012 2833 5077 mittit
2874 5031 3035 5094 quae
3075 5012 3437 5093 nuperwme’
3478 5010 3674 5077 edidit
3716 5013 3953 5094 sertpta'
3957 5063 3970 5078 .

2820 5233 2918 5372 133
2955 5232 3227 5359 {0⁰23ss
3255 5237 3698 5371 mma
3733 5300 3850 5358 σαι.
3887 5301 4029 5372 Apr.
