4850 6117
318 392 455 456 229

326 602 494 660 6666,
562 583 692 648 afin
756 581 992 648 d'estre
1054 582 1351 669 employa
1406 604 1491 649 au
1547 585 1795 651 service
1849 584 1928 650 de
1983 584 2271 669 l’Eglise.

320 666 433 734 Or
474 673 743 734 s’estant
784 675 1082 751 presente
1126 690 1211 736 en
1254 677 1478 736 nostre
1522 671 1907 755 compagnie
1951 670 1998 735 il
2041 691 2081 735 a
2122 670 2275 736 bien

324 759 621 838 protecte
683 753 837 837 qu’il
892 775 973 819 ne
1031 777 1100 823 66
1156 756 1404 821 vouloit
1456 756 1721 840 ingeret
1779 775 1864 820 au
1918 757 2273 836 miniatem,

324 841 521 907 sinon
563 839 720 923 qu'il
763 863 810 925 y
853 840 991 906 fust
1030 839 1348 907 introduit
1390 862 1510 925 par
1551 841 1679 908 bon
1722 841 1931 907 ordre.
2019 840 2275 907 Pareil-

325 927 579 993 lement
619 924 668 990 il
712 946 877 992 nous
923 949 962 993 a
1006 927 1258 994 declaro
1302 927 1458 1012 qu’il
1503 925 1877 994 s’accordoit
1921 947 2002 992 66
2045 928 2155 1011 foy
2209 935 2276 994 et

320 1033 418 1078 en
484 1011 775 1079 doctrine
839 1033 998 1081 avec
1064 1034 1248 1080 nous.
1338 1014 1429 1078 Et
1488 1012 1568 1079 de
1626 1021 1849 1079 nostre
1907 1021 2054 1097 part
2111 1033 2275 1080 nous

324 1095 684 1165 voudrions
750 1100 902 1165 bien
988 1122 1069 1166 ue
1111 1101 1251 1166 rien
1297 1100 1774 1184 n'empeschast
1815 1098 1975 1182 qu'il
2018 1121 2101 1165 ne
2144 1099 2276 1164 fust

323 1185 461 1250 mis
502 1203 586 1249 66
620 1204 878 1251 oeuvre.
1010 1207 1084 1251 ar
1119 1206 1282 1250 nous
1320 1204 1570 1268 povons
1606 1186 1910 1251 affermer
1945 1206 2028 1251 66
2063 1185 2276 1251 verite

322 1290 457 1354 que
502 1290 665 1336 nous
708 1270 1022 1350 l'aimons‚
1068 1279 1134 1336 et
1156 1269 1448 1337 desirons
1485 1292 1603 1337 son
1638 1272 1812 1337 salut
1847 1278 1915 1337 et
1949 1292 2065 1336 son
2103 1271 2274 1350 bien,

325 1376 614 1422 mesmes
675 1376 799 1439 que
864 1355 932 1422 la
996 1357 1306 1423 memoire
1372 1356 1486 1423 des
1551 1358 1829 1424 offences
1887 1378 2147 1441 passees
2191 1377 2275 1420 ne

328 1462 498 1508 nous
519 1442 835 1507 induiroit
877 1444 1061 1526 point
1105 1450 1146 1508 a
1188 1441 1250 1506 16
1287 1443 1554 1509 reculer.
1624 1443 1793 1508 Mais
1816 1444 2110 1509 d’autant
2146 1462 2274 1525 que

324 1549 498 1613 pour
555 1528 881 1595 s'excuser
937 1527 986 1593 il
1039 1549 1208 1593 nous
1267 1549 1307 1593 a
1345 1529 1454 1593 616
1509 1529 1821 1612 quelques
1879 1529 2108 1595 choses
2162 1530 2275 1612 qui

321 1632 496 1680 nous
553 1621 855 1698 estoyent
906 1635 1208 1699 cognues,
1269 1622 1334 1679 et
1389 1634 1476 1678 na
1533 1634 1651 1697 pas
1695 1614 2079 1680 rondement
2120 1634 2274 1680 oon-

322 1700 496 1766 fesse
540 1698 601 1765 le
646 1707 836 1778 reste,
874 1721 1040 1766 nous
1073 1705 1186 1784 n'y
1222 1721 1424 1765 avons
1457 1720 1575 1783 pas
1610 1708 1842 1765 trouve
1878 1708 2274 1785 repentance

320 1787 440 1870 qui
505 1805 665 1851 nous
709 1796 900 1869 peust
943 1808 1028 1851 ou
1076 1785 1265 1851 deust
1308 1793 1662 1852 contenter.
1754 1788 2063 1871 Porquoy
2109 1806 2275 1851 nous

320 1872 581 1937 serione
626 1871 1002 1956 hypocritas
1045 1881 1113 1937 et
1157 1880 1489 1938 menteurs
1533 1893 1616 1937 en
1659 1871 1774 1957 luy
1812 1871 2109 1938 donnant
2144 1881 2273 1937 tes-

321 1959 676 2040 moignage
741 1979 903 2041 pour
961 1959 1372 2042 l’approuver
1428 1979 1469 2023 a
1522 1969 1692 2023 estre
1736 1979 1930 2025 recen
1975 1959 2272 2025 ministre

314 2041 409 2107 de
450 2043 517 2107 la
561 2043 814 2123 Parole,
857 2044 1093 2127 iusqua
1134 2063 1207 2108 ce
1250 2044 1385 2126 quil
1430 2044 1523 2109 ait
1556 2045 1774 2126 appris
1810 2042 1891 2109 de
1924 2066 1994 2110 66
2028 2044 2270 2109 mienlx

320 2128 712 2212 cognoistre,
757 2141 823 2195 et
865 2139 1190 2195 monstret
1233 2150 1319 2195 en
1362 2129 1663 2196 sincerite
1708 2149 1833 2212 que
1878 2129 1939 2194 le
1983 2128 2112 2194 mal
2154 2127 2271 2212 luy

320 2213 623 2297 desplait,
667 2220 938 2301 n’ayant
981 2217 1164 2299 point
1210 2215 1411 2281 honte
1464 2214 1545 2279 ‹le
1588 2215 2072 2297 recongnoistre
2116 2217 2270 2279 sim-

320 2299 618 2386 plement
660 2323 740 2368 en
785 2323 959 2386 quoy
1002 2302 1050 2366 il
1094 2322 1133 2366 a
1174 2301 1335 2366 failli
1371 2321 1525 2367 sans
1561 2302 1703 2366 rien
1738 2301 2095 2385 desguiser.
2177 2297 2270 2363 Oe

370 2408 450 2453 ue
487 2410 653 2455 nous
688 2388 980 2454 desirons
1016 2385 1212 2454 d'une
1247 2388 1549 2454 affection
1584 2408 1743 2470 pure
1778 2399 1842 2452 et
1878 2383 2267 2452 fraternelle.

382 2496 462 2539 ur
496 2495 672 2559 quoy
694 2525 709 2539 .
737 2525 750 2539 .
779 2526 793 2539 .
817 2478 872 2548 ²)

1108 2768 1516 2779 ——-..—-—-.--·

1200 3019 1401 3090 3683.

801 3175 1309 3246 GRENEYUS
1356 3175 1789 3243 CALVINO.

498 3351 757 3435 Quaerit
799 3353 942 3433 quis
985 3356 1042 3415 et
1083 3349 1295 3433 qualis
1346 3349 1430 3414 sit
1473 3347 1811 3428 Hispanus
1852 3346 2111 3430 quidam
2155 3345 2265 3427 qui

306 3437 719 3522 Burdiyalae
761 3437 1074 3502 ecclesiam
1117 3456 1271 3501 suae
1309 3435 1507 3519 qenais
1552 3435 1818 3498 condere·
1846 3432 1990 3498 vult.

608 3611 719 3678 (Ex
755 3606 1091 3678 autographo
1128 3606 1256 3660 Cod.
1294 3605 1495 3660 Genev.
1536 3603 1649 3666 109,
1688 3605 1776 3658 fol.
1816 3602 1958 3666 148.)

492 3781 660 3847 Fido
696 3780 1001 3847 ecclesiae
1039 3777 1447 3843 Genevensis
1485 3776 1728 3859 pastori
1765 3776 1839 3928 g.
1880 3775 2175 3842 Calvino.

1832 3882 2090 3928 enevae.

493 4037 719 4120 Quum
779 4057 987 4118 nuper
1054 4034 1249 4099 huius
1314 4033 1613 4117 colloquii
1679 4034 1960 4098 ministri
2008 4031 2263 4097 Burde-

312 4125 507 4211 galae
572 4121 1041 4198 convenissent,
1108 4130 1295 4205 pater
1360 4121 1431 4184 in
1487 4120 1751 4185 Christo
1810 4116 2262 4184 observandis-

314 4213 502 4288 sime,
550 4208 784 4275 obtulit
827 4227 898 4271 se
933 4207 1270 4290 Hispanus
1307 4205 1569 4288 quidam
1608 4210 1652 4281 ¹)
1697 4207 1878 4270 cuius
1921 4205 2146 4269 literas
2182 4203 2265 4268 ad

318 4305 384 4362 te
429 4317 585 4362 curo
629 4292 1064 4377 perferendas.
1154 4291 1327 4374 Quia
1384 4301 1683 4375 suspecta
1740 4290 1925 4356 nobis
1981 4297 2081 4355 est
2124 4293 2264 4355 eius

316 4383 463 4447 vita
523 4390 588 4446 et
643 4380 919 4453 vocatio,
978 4400 1280 4461 cuperem
1328 4377 1406 4443 de
1451 4399 1527 4443 eo
1573 4400 1611 4442 a
1656 4386 1719 4442 te
1765 4376 2022 4459 aliquod
2078 4376 2264 4440 testi-

318 4468 616 4534 monium
658 4467 890 4532 elicere
935 4486 1016 4530 ne
1069 4464 1297 4529 fraudo
1340 4465 1480 4529 6166
1536 4464 1746 4545 aliqua
1791 4463 2264 4529 circumvenia-

320 4574 491 4618 mur.
564 4550 728 4617 Vult
784 4551 992 4627 enim‚'
1044 4559 1358 4633 quantum
1425 4550 1739 4615 coniicerc
1808 4569 2088 4631 possum,
2158 4547 2264 4613 hic

321 4638 605 4720 aliquam
672 4637 1118 4719 Hispanorum
1197 4635 1535 4702 ecclesiam
1615 4635 1882 4718 erigere.
1990 4634 2263 4700 Utinam

319 4744 552 4790 omnes
601 4722 1099 4807 prophetarent!
1163 4743 1280 4787 666
1325 4723 1500 4786 enim
1560 4728 1975 4803 praepostero
2019 4721 2262 4786 Josuae

314 4810 458 4876 zelo
502 4810 740 4876 laboro.
813 4807 948 4874 Sed
983 4809 1133 4891 quia
1177 4807 1281 4872 ille
1315 4806 1488 4890 apud
1528 4828 1643 4871 vos
1679 4806 2055 4888 aliquandiu
2089 4827 2259 4872 com-

320 4969 595 4978 ———---—-—
624 4967 727 4975 Μ.-

528 5046 592 5114 2)
625 5046 786 5101 Nous
817 5047 1053 5101 laiesons
1086 5051 1213 5102 cette
1246 5046 1395 5100 lettre
1440 5047 1478 5100 ὰ
1512 5047 1566 5099 la
1600 5046 1753 5113 place
1787 5061 1889 5115 que
1928 5044 2009 5099 M.
2048 5042 2263 5097 Bonmt

316 5118 404 5173 lai
454 5134 492 5170 a
536 5115 784 5186 asciando
829 5117 951 5170 bien
996 5132 1098 5186 que
1143 5129 1281 5170 noue
1315 5131 1383 5169 ne
1418 5115 1672 5170 §achion-3
1704 5129 1809 5183 pas
1860 5130 1917 5169 ce
1952 5115 2049 5182 qui
2103 5129 2139 5166 a
2181 5126 2260 5180 pu

316 5187 644 5241 diter-minev-
678 5198 777 5238 son
812 5187 1049 5265 opinion.

312 5254 507 5311 8688.
534 5253 591 5317 1)
631 5252 1005 5320 Suspictonem
1051 5254 1205 5308 nobis
1243 5265 1307 5305 su
1343 5253 1486 5318 qerit
1531 5268 1669 5320 quae
1715 5249 1848 5305 alibi
1895 5250 1960 5303 de
1998 5250 2125 5304 Ant.
2174 5249 2260 5303 del

320 5323 499 5381 com>
532 5324 755 5389 aqimus
791 5321 896 5385 (N.
931 5320 1070 5376 3182
1106 5327 1260 5388 not),
1331 5336 1438 5374 unc
1471 5321 1520 5373 h.
1559 5322 1590 5373 Ι.
1628 5323 1826 5375 notari.

2156 400 2311 462 1561
2357 418 2407 465 6.
2453 398 2514 464 d.

4201 404 4328 468 230

2377 592 2670 652 moratus
2727 593 2846 666 est,
2906 608 2989 651 ne
3043 585 3200 670 quid
3255 585 3628 654 detrimenti
3685 588 3972 672 patiatur
4026 587 4317 669 ecclesia,

2378 691 2545 738 neve
2597 671 2753 756 quid
2795 693 2835 738 a
2879 672 3062 739 nobis
3117 671 3485 739 inconsulto
3527 680 3745 739 actum
3789 672 4139 754 videretur,
4194 674 4320 742 hac

2376 756 2656 841 epistola
2709 757 2957 841 placuit
3013 758 3108 823 ire
3162 757 3437 824 obviam.
3532 758 3950 845 Quapropter
3992 780 4033 826 a
4085 766 4153 826 te
4204 760 4320 827 ob-

2377 844 2533 909 nixe
2578 843 2896 909 contendo
2937 851 3013 908 ut
3055 864 3159 909 me
3201 842 3471 910 consilio
3514 850 3627 910 tuo
3670 845 4006 913 suffulcias
4050 853 4117 912 et
4161 847 4317 912 hae-

2377 929 2603 995 sitanti
2646 930 2716 994 16
2761 929 2938 996 bivio
2981 948 3248 995 manum
3294 930 3607 1015 porrigas.
3692 931 4001 997 Proderit
4044 931 4165 998 hoc
4211 932 4318 998 vel

2377 1017 2662 1081 maxime
2726 1014 2878 1080 huic
2944 1013 3268 1093 ecclesiae,
3335 1015 3407 1080 16
3464 1035 3609 1099 qua,
3664 1016 3791 1083 Dei
3856 1018 4084 1101 gratia,
4151 1017 4318 1083 rima

2378 1100 2561 1165 nulla
2604 1100 2918 1166 hactenus
2960 1099 3392 1166 schismaticis
3436 1102 3667 1184 patuit,
3723 1124 3807 1168 ex
3850 1122 3976 1185 quo
4021 1122 4317 1186 peracer-

2376 1185 2533 1251 bum
2592 1186 2776 1252 nobis
2833 1196 3004 1251 esset
3059 1206 3176 1269 per
3234 1186 3554 1251 incuriam
3602 1187 3820 1253 hostes
3862 1188 3935 1251 in
3993 1189 4316 1272 gremium

2378 1281 2675 1336 nostrum
2737 1272 3072 1356 recepisse.
3161 1270 3305 1335 Iam
3365 1272 3679 1339 fatiscunt
3735 1272 3990 1338 humeri
4050 1273 4123 1339 in
4181 1282 4316 1339 tam

2376 1357 2564 1441 gravi
2621 1357 2957 1440 provincia
3007 1356 3371 1422 ministerii.
3453 1356 3602 1439 Quo
3644 1377 3751 1424 me
3796 1366 4049 1425 vertam
4103 1360 4317 1425 nescio

2378 1442 2503 1508 nisi
2549 1442 2631 1508 ad
2677 1452 2759 1522 te,
2805 1443 3080 1508 multum
3124 1443 3196 1507 in
3231 1441 3495 1509 Christo
3538 1443 3805 1510 colende
3847 1453 4051 1528 pater,
4095 1446 4205 1529 qui
4249 1457 4317 1510 et

2376 1528 2684 1594 tenellam
2728 1537 3009 1595 aetatem
3052 1528 3425 1612 proceribus
3470 1536 3538 1594 et
3581 1527 3785 1594 doctis
3839 1539 4206 1614 suspectam
4249 1536 4316 1596 et

2375 1624 2663 1699 spretam
2698 1616 2889 1691 nosti,
2933 1635 3136 1697 quum
3178 1615 3374 1679 etiam
3410 1614 3575 1679 mihi
3619 1614 3819 1697 probe
3862 1616 3988 1681 sim
4022 1615 4317 1683 conscius

2377 1721 2522 1764 mea
2564 1701 2879 1779 inscitiae,
2924 1721 3090 1784 quae
3134 1721 3338 1782 paene
3379 1701 3532 1767 facit
3576 1711 3649 1765 ut
3691 1701 3924 1785 pedem
3967 1704 4314 1770 reflectam.

2377 1784 2730 1869 Suppetias
2798 1806 2953 1871 ergo
3021 1786 3134 1863 fer,
3200 1786 3480 1865 obsecio,
3548 1785 3961 1853 consodalem
4026 1788 4313 1854 mittens.

2374 1872 2523 1936 Hoc
2584 1893 2705 1958 ego
2764 1892 2899 1937 non
2960 1872 3155 1938 verbo
3209 1871 3323 1937 sed
3379 1871 3612 1937 intimo
3667 1871 3859 1938 corde
3903 1894 3943 1938 a
3998 1883 4063 1939 te
4119 1893 4318 1956 quam

2377 1957 2948 2025 vehementissime
3003 1956 3241 2042 flagito.
3321 1957 3502 2023 Deus
3559 1959 3774 2041 gratia
3829 1979 3951 2024 sua
4007 1958 4318 2025 ecclesiae

2374 2044 2736 2128 gallicanae
2779 2053 2844 2109 te
2886 2053 3104 2110 servet
3147 2041 3512 2109 diutissime
3555 2043 3964 2110 incolumem.
4043 2044 4317 2111 Inhiant

2373 2129 2549 2195 enim
2609 2150 2835 2195 omnes
2890 2128 2971 2194 ad
3031 2137 3321 2196 vestrum
3384 2128 3755 2195 adventum.
3843 2128 3930 2194 D.
3992 2129 4197 2196 Vireto
4256 2129 4314 2196 si

2373 2214 2585 2297 placet
2641 2216 2923 2281 salutem
2979 2216 3240 2280 nomine
3282 2221 3506 2280 nostro
3550 2212 3727 2282 dices
3770 2233 3890 2280 nec
3944 2236 4073 2280 non
4116 2216 4313 2281 etiam

2373 2300 2640 2383 reliquis
2685 2301 2926 2366 nostris
2969 2302 3038 2364 in
3076 2299 3343 2366 Christo
3387 2301 3683 2383 patribus
3724 2299 3964 2383 quibus
4008 2320 4315 2385 prospera

2372 2406 2664 2468 quaeque
2708 2406 2950 2468 precor.
2975 2391 3030 2460 ²)

2544 2522 2728 2587 Tuus
2773 2521 2855 2588 ad
2899 2521 3119 2588 omnia
3162 2523 3232 2586 in
3276 2520 3539 2586 Christo
3583 2520 4060 2589 addictissimus

3408 2606 3815 2675 Philibertus
3857 2608 4224 2693 Greneyus.

3250 3153 3449 3223 3684.

2833 3307 3301 3375 CALVINUS
3346 3307 3858 3376 STANOARO.

2542 3480 2959 3563 Reprehendit
3022 3500 3162 3546 eum
3217 3479 3379 3563 quod
3433 3478 3800 3545 Arianis-mi
3855 3481 4311 3547 assimulaverit

2370 3566 2915 3633 Melanchthcmem.
2992 3566 3068 3630 Si
3100 3586 3240 3634 vero
3279 3567 3349 3630 in
3387 3563 3657 3632 Polom’a
3691 3565 3935 3631 Ariani
3967 3567 4310 3634 exstiterim

2364 3655 2625 3720 sentient
2668 3654 2875 3736 ipsum
2918 3652 3143 3718 hostem
3185 3652 3579 3719 acerrimum.

2513 3825 2624 3888 (Ex
2660 3824 2973 3893 apographo
3010 3824 3139 3880 Cod.
3176 3824 3348 3878 Paris.
3384 3822 3579 3893 Dupuy
3621 3823 3736 3878 Vol.
3778 3821 3889 3887 102,
3926 3822 4017 3877 fol.
4052 3820 4165 3887 72.)

2434 3995 2735 4061 Eximiae
2781 3996 3170 4148 cruditionsss1
3210 3997 3350 4061 viro
3396 3993 3479 4059 D.
3503 3994 3876 4144 SFrancisco
3921 3991 4239 4058 Stancaro

3170 4088 3459 4147 antuano
3558 4128 3573 4142 .

2540 4252 2616 4318 Si
2659 4253 2790 4319 iam
2835 4274 2953 4320 666
2989 4275 3166 4319 more
3194 4253 3402 4319 Satan
3441 4268 3678 4333 purum
3715 4246 4038 4330 evangelii
4081 4268 4305 4315 semen

2368 4339 2437 4403 in
2460 4337 2735 4405 Polonia
2776 4341 2985 4422 coepit
3019 4357 3433 4421 corrumpere
3475 4335 3610 4402 suis
3653 4332 3916 4397 zizaniis
3951 4354 4026 4398 ac
4051 4333 4303 4414 vitiare,

2369 4422 2557 4489 nobis
2605 4426 3026 4491 vehementer
3069 4424 3380 4506 displicet.
3464 4423 3569 4485 An
3617 4439 3768 4484 vero
3812 4419 3882 4482 in
3925 4417 4058 4485 illis
4103 4420 4304 4501 parti-

2368 4511 2491 4576 bus
2535 4511 2811 4594 pullulet
2855 4512 3138 4577 Arriana
3193 4507 3480 4573 haeresis
3533 4504 3722 4570 nobis
3766 4504 4056 4570 nondum
4114 4506 4302 4571 inno-

2368 4598 2512 4661 tuit.
2586 4596 2811 4681 Neque
2855 4599 3028 4662 enim
3073 4596 3268 4661 fidem
3313 4603 3422 4658 tuo
3480 4590 3852 4655 testimonio
3895 4590 4135 4657 habere
4179 4590 4302 4657 hu-

2367 4702 2633 4747 manum
2679 4690 2865 4762 esset,
2909 4679 3168 4765 quando
3213 4700 3341 4744 non
3385 4675 3697 4743 dubitasti
3736 4675 4116 4760 Philippum
4162 4676 4303 4744 Me-

2363 4767 2741 4834 lanctkomm
2806 4768 3054 4851 publice
3119 4785 3393 4850 gravare
3459 4763 3598 4828 6166
3662 4761 3955 4829 criminis
4015 4762 4299 4844 infamia,

2367 4874 2559 4935 quem
2604 4863 2670 4920 et
2714 4861 2887 4919 totus
2930 4852 3215 4917 mundus
3258 4847 3566 4935 cognovit
3608 4847 3690 4914 ab
3740 4849 4077 4932 impietate
4121 4849 4300 4914 Arrii

2363 4938 2564 5003 fuisse
2622 4937 3156 5015 remotissimum,
3219 4944 3285 5002 et
3338 4958 3455 5002 nos
3518 4933 3737 5001 idonei
3799 4954 4024 5001 sumus
4079 4942 4298 5001 testes.

2363 5024 2625 5088 Literas
2660 5024 2837 5090 enim
2872 5022 3186 5089 habemus
3222 5022 3362 5087 eius
3398 5042 3598 5086 manu
3631 5021 3922 5103 scriptas,
3968 5019 4076 5085 ubi
4113 5019 4298 5086 nobis

2366 5163 2478 5173 ..κ--ι
2515 5166 2598 5171 --.-
2615 5166 2672 5170 --

2568 5245 2626 5308 2)
2669 5245 2951 5317 Greneyus
2985 5261 3052 5298 m.
3086 5244 3216 5298 Dec.
3259 5243 3392 5298 1560
3420 5242 3782 5311 Bur-dioclem
3814 5242 3958 5297 mit
3988 5240 4093 5308 (N.
4112 5238 4297 5308 3286).

2366 5314 2518 5368 Haec
2553 5330 2679 5384 erqo
2715 5320 2840 5371 ante
2875 5332 2927 5370 α.
2969 5312 3094 5367 1561
3135 5316 3341 5382 εον-ι’ρια
3377 5329 3487 5368 non
3522 5318 3614 5366 est.
3785 5391 3890 5448 15·
