4850 6117
626 389 749 451 187

616 572 1083 641 'l'holosatibus
1124 569 1535 637 revocabitur
1578 568 1663 635 ad
1706 589 1815 635 eos
1849 567 2104 636 redibit.
2178 568 2562 637 Postremus

616 680 743 743 ego
784 658 1064 742 νεόφντος
1105 656 1364 724 accessi.
1383 658 1443 734 ²)
1515 654 1877 722 Admonuit
1909 655 2108 721 etiam
2142 676 2262 722 nos
2297 654 2564 740 quidam

622 744 812 811 nobis
870 743 1318 824 amicissimus,
1373 740 1806 808 Emanuelem
1871 741 2273 808 Tremellium
2315 741 2564 807 nemini

619 851 768 898 esse
826 828 1175 897 addictum.
1264 826 1457 908 Quod
1512 847 1697 910 spem
1738 827 1926 893 nobis
1968 827 2140 902 facit,
2184 828 2244 893 si
2286 825 2370 892 ad
2413 846 2565 892 eum

622 916 936 984 scriberes
977 913 1435 981 honestissima
1468 911 1794 996 stipendia
1827 912 1935 978 hic
1968 920 2339 992 nacturum,
2384 912 2566 978 urbis

624 1003 825 1069 situm
868 1001 1011 1087 (qui
1065 999 1556 1066 amoenissimae
1593 998 1853 1064 Galliae
1895 999 2392 1064 amoenissimus
2436 998 2565 1082 est)

623 1107 1006 1174 exponeres,
1048 1084 1235 1152 facile
1276 1084 1463 1149 inum
1505 1084 1637 1150 tuis
1680 1084 1951 1150 monitis
1993 1083 2393 1150 auditurum.

794 1174 980 1239 Haec
1044 1190 1166 1254 ego
1219 1168 1630 1253 paucioribus
1688 1169 1898 1237 scribo
1955 1170 2122 1252 quod
2179 1170 2382 1236 sciam
2447 1190 2567 1236 nec

623 1280 791 1344 opus
832 1279 974 1325 esse
1015 1255 1228 1341 longis
1261 1256 1563 1340 precibus
1598 1255 1680 1320 ad
1717 1255 2141 1335 exorandum,
2180 1275 2302 1321 nec
2336 1254 2569 1320 multis

624 1344 846 1411 verbis
897 1341 981 1410 ad
1024 1339 1566 1426 persuadendum,
1624 1342 1784 1424 quin
1835 1362 1955 1426 pro
1998 1362 2075 1407 eo
2117 1362 2244 1424 quo
2287 1339 2371 1407 ad
2412 1359 2566 1425 pro-

624 1429 995 1497 vehendam
1049 1426 1178 1493 Dei
1278 1427 1507 1492 loriam
1567 1426 1887 1493 desiderio
2240 1447 2319 1492 ea
2375 1426 2567 1492 nobis

623 1514 938 1584 concedas
981 1535 1147 1598 quae
1339 1512 1649 1579 ecclesiae
1703 1510 2212 1580 aedificationem
2267 1521 2334 1578 et
2386 1510 2567 1578 urbis

621 1608 1083 1668 ornamentum
1146 1598 1470 1682 pertinere
1528 1598 1876 1683 intelliges.
1964 1599 2146 1664 Deus
2202 1609 2329 1683 opt.
2390 1618 2565 1663 max.

622 1688 756 1753 tuis
814 1686 1060 1754 sanctis
1116 1683 1449 1751 laboribus
1538 1695 1722 1768 ergat
1766 1682 2160 1764 benedicere,
2214 1692 2410 1769 teque
2454 1683 2569 1749 diu

622 1772 1016 1839 incolumem
1049 1778 1119 1837 et
1151 1789 1481 1855 propagan
1529 1790 1568 1835 o
1601 1770 1721 1836 filii
1769 1771 1873 1836 sui
1909 1791 2113 1854 regno
2146 1769 2568 1836 insudantem

623 1865 858 1925 servet.
915 1854 1317 1925 Commendo
1347 1877 1454 1921 mc
1488 1857 1621 1922 tuis
1655 1856 1954 1939 precibus
1988 1855 2163 1940 apud
2186 1855 2569 1934 Dominum,

622 1945 737 2028 qui
778 1953 964 2009 tanto
1007 1943 1190 2010 oneri
1275 1941 1593 2021 subiaceo,
1652 1942 1777 2008 nisi
1824 1942 1997 2008 vires
2041 1941 2413 2026 suppeditat
2459 1940 2570 2025 qui

624 2050 729 2096 me
762 2031 833 2095 in
869 2030 1234 2095 maximum
1268 2035 1595 2095 certamen
1632 2026 1961 2112 produxit.
2032 2027 2218 2094 Vale.
2260 2027 2571 2094 Aureliae

630 2120 726 2182 18.
771 2115 1120 2183 Decembr.
1147 2113 1202 2198 ⁸)

1668 2251 1850 2317 Tuus
1893 2272 1976 2317 ex
2020 2250 2235 2320 anima

1508 2338 1712 2421 Hugo
1755 2336 2049 2404 Suraeus
2091 2337 2410 2403 Rosarius

1411 2423 1675 2489 nomine
1718 2433 1785 2489 et
1824 2421 2132 2489 mandato
2174 2421 2484 2488 omnium.

1382 2716 1791 2728 -ψ-

1503 2970 1707 3042 3659.

1241 3123 1483 3192 BEZA
1531 3124 1959 3193 OALVINO.

806 3296 1138 3366 Ccvalleffl'
1179 3300 1237 3362 et
1275 3295 1584 3364 Baduelli
1628 3317 2018 3365 successores.
2096 3296 2378 3365 Consilia
2407 3295 2575 3378 poli-

628 3383 755 3450 tica
815 3384 1163 3450 secretiora.
1245 3380 1525 3449 Libellus
1566 3384 1965 3451 Academiae.
2047 3384 2272 3467 Ipsius
2314 3382 2572 3450 reditus·

628 3553 1049 3624 (Autographon
1086 3553 1328 3623 reperies
1361 3555 1418 3607 in
1453 3553 1585 3608 Cod.
1610 3553 1816 3611 Genev.
1834 3552 1952 3624 117,
1985 3555 2076 3609 fol.
2111 3553 2195 3609 56.
2250 3554 2379 3609 Alia
2395 3569 2576 3608 exem·

629 3623 805 3693 plaria
856 3622 1212 3692 suppeditant
1245 3621 1375 3676 cod.
1412 3620 1529 3686 119,
1565 3622 1643 3676 fol
1676 3621 1762 3690 83,
1799 3623 1928 3679 God.
1950 3625 2113 3678 Bern.
2148 3624 2289 3694 Epp.
2324 3622 2420 3675 VI.
2455 3620 2575 3689 971,

744 3695 802 3746 et
835 3689 1053 3746 Simleri
1089 3691 1207 3746 Vol.
1246 3688 1365 3747 102.
1402 3719 1466 3729 -
1501 3690 1695 3745 Edidit
1729 3694 1901 3746 Banm
1937 3692 2006 3746 11.
2044 3697 2185 3762 App.
2222 3709 2276 3762 p.
2312 3689 2460 3759 146.)

800 3864 865 3930 A
909 3862 1156 3929 Monsr.
1202 3860 1453 3927 Monsr.
1501 3862 1906 3946 D’espeville

1855 3970 1896 4015 a
1937 3948 2400 4016 Villefranche.

803 4117 875 4185 S.
919 4117 1108 4199 Heri,
1150 4117 1246 4183 mi
1287 4128 1493 4202 pater,
1536 4118 1734 4184 simul
1775 4127 1972 4203 atque
2013 4118 2236 4186 literas
2278 4127 2426 4186 tuas
2469 4140 2574 4185 ao·

632 4202 797 4289 cepi,
833 4202 1188 4302 Meg-cerum
1220 4204 1499 4270 conveni
1535 4211 1611 4269 ut
1644 4225 1795 4271 cum
1830 4225 1906 4270 eo
1943 4226 2202 4290 agerem
2241 4204 2322 4271 de
2342 4204 2575 4271 idoneo

637 4287 962 4355 Gevalleriz
1003 4298 1070 4354 et
1110 4288 1415 4358 Boduelli
1455 4310 1841 4357 successore.
1925 4290 2294 4375 Utrumque
2337 4311 2407 4357 se
2450 4288 2577 4357 hac

839 4543 901 4613 2)
933 4544 1082 4599 Hist.
1115 4544 1235 4601 ecel.
1269 4546 1314 4599 Ι.
1348 4544 1480 4599 291:
1526 4547 1633 4601 Les
1668 4546 1806 4601 trois
1840 4546 2117 4601 ministres
2153 4548 2247 4617 qui
2363 4565 2429 4601 nr
2465 4547 2576 4601 lors

661 4610 824 4681 1560)
867 4612 1105 4667 estoient
1147 4613 1182 4667 a
1214 4612 1454 4680 Orleans,
1499 4614 1536 4670 a
1578 4616 1761 4670 savoir
1804 4614 1994 4670 Piorre
2028 4613 2239 4670 Gilbert
2324 4617 2364 4672 ‘t
2405 4616 2475 4670 de
2520 4618 2576 4671 la

634 4613 909 4751 fleu-gorio,
945 4681 1159 4736 Bobert
1191 4681 1244 4735 le
1277 4682 1498 4737 Messon
1532 4683 1616 4737 dit
1651 4684 1733 4737 La
1763 4684 2048 4748 Fonteius,
2083 4689 2142 4738 et
2164 4685 2404 4740 Antoine
2438 4683 2576 4739 Cha·

634 4750 855 4804 nonrier
887 4749 974 4803 dit
1006 4749 1413 4819 Desmeranges,
1447 4753 1829 4807 continuerent
1861 4752 2140 4808 l'exercioe
2175 4754 2368 4823 depuis
2400 4753 2455 4808 le
2491 4752 2575 4812 18.

633 4818 928 4873 d’Ootobre
960 4817 1184 4888 iusques
1217 4835 1288 4872 an
1322 4817 1409 4874 14.
1445 4820 1584 4876 Nov.
1623 4836 1729 4890 qne
1763 4820 1983 4892 l’Eglise
2017 4822 2101 4876 fut
2133 4828 2287 4877 tonte
2320 4823 2454 4877 dissi
2494 4838 2575 4891 ee,

633 4886 772 4943 mais
796 4891 979 4942 estant
999 4886 1239 4941 advertis
1262 4903 1367 4955 que
1385 4887 1648 4958 Francois
1665 4889 1733 4944 H.
1754 4890 1918 4945 estoit
1943 4891 2126 4946 tombe'
2142 4891 2352 4946 malade
2369 4894 2424 4945 la
2492 4908 2576 4946 er-

1334 4961 1733 5013 retonrnerent.
1785 4957 1925 5015 lbid.
1949 4958 2080 5014 73οε
2116 4959 2324 5015 Gilbert
2359 4967 2577 5016 mourut

655 5040 687 5079 e
722 5022 805 5077 18.
838 5023 1044 5079 sevrier
1076 5021 1229 5077 1561.
1281 5024 1524 5094 Quelqne
1558 5031 1736 5096 temps
1841 5044 1929 5082 res
1962 5034 2187 5099 pascant
2219 5046 2321 5100 par
2346 5028 2576 5085 Orleans

633 5110 707 5148 nn
742 5093 957 5148 nomme
991 5092 1212 5148 Nicolas
1242 5091 1438 5147 Folion
1471 5094 1556 5148 dit
1586 5095 1657 5148 de
1690 5096 1746 5148 la
1761 5043 1965 5163 ¹vngues,
2002 5114 2109 5166 qne
2142 5099 2199 5153 la
2232 5098 2574 5169 persecution

633 5161 785 5215 avoit
817 5161 1006 5216 chasse'
1039 5162 1108 5215 de
1142 5161 1429 5228 Toulouze,
1464 5180 1502 5234 y
1536 5163 1620 5216 snt
1653 5164 1880 5233 appelle'.

839 5229 874 5284 3
933 5229 2582 5352 Annamelicieseaeiieqwcdevauwodiciaetde

644 5297 829 5354 Virdo
1042 5301 1053 5313 ’
1174 5297 1419 5355 οοοαηᾱο
1454 5298 1547 5367 (Ν.
1579 5297 1650 5354 35
1683 5296 1763 5366 6).

704 4956 784 5010 rie
819 4960 877 5009 et
910 4955 1106 5010 Desme

2124 378 2650 450 EPISTOLAE
2695 383 3122 447 3658—3660

4484 371 4589 445 108

2666 588 2825 721 &a
2851 567 4237 739 issfflfflfflffimqmmoefflffiiiriffl
4242 587 4461 731 ”femi
4461 587 4592 738 ⁹1⁸3

2669 750 2781 806 tur
2801 741 2932 820 fiet,
2969 739 3237 807 favente
3261 742 3422 821 Deo,
3458 749 3533 806 ut
3566 742 3920 825 pristinum
3956 759 4246 805 errorem
4266 741 4590 826 corrigam.

2668 825 2869 892 Oerte
2921 847 3054 892 non
3110 825 3335 892 dubito
3392 828 3552 911 quin
3597 827 3716 893 tibi
3756 826 4162 911 persuaseris
4217 846 4345 905 me,
4408 823 4593 911 quu'm

2669 910 2790 976 tibi
2831 911 2991 978 olim
3033 910 3115 977 de
3162 911 3503 979 Gevallerio
3520 915 3579 989 2)
3623 913 3940 997 loquerer,
3987 911 4158 977 nihil
4200 911 4378 978 alind
4419 933 4595 996 quae-

2669 997 2902 1064 sivisse
2935 1019 3131 1081 quam
3167 998 3427 1064 scholae
3462 998 3887 1065 commodum.
3944 998 4136 1064 Nosti
4168 999 4368 1065 etiam
4399 998 4595 1065 locum

2668 1081 2855 1149 illum
2890 1083 3084 1149 Pauli
3119 1082 3203 1150 ad
3237 1085 3691 1151 Timotheum:
3732 1084 4142 1168 quorundam
4183 1093 4450 1169 peccata
4485 1093 4592 1150 etc.

2671 1167 2785 1235 Sic
2828 1190 2984 1254 ergo
3029 1190 3149 1236 nos
3213 1171 3504 1236 exerceri
3570 1178 3840 1254 oportet,
3909 1191 4307 1255 quamquam
4360 1172 4596 1237 utinam

2668 1254 2789 1320 tibi
2834 1255 2960 1338 ipsi
3003 1258 3237 1339 potius,
3274 1277 3471 1341 quam
3507 1256 3671 1322 mihi
3707 1255 4108 1336 credidisses,
4145 1276 4337 1339 quem
4375 1266 4443 1321 et
4472 1277 4597 1322 cre·

2672 1338 2901 1406 dulum
2967 1350 3035 1406 et
3077 1341 3303 1407 multis
3346 1341 3419 1406 in
3462 1342 3657 1408 rebus
3699 1341 4004 1409 obtusum
4048 1363 4191 1409 esse
4233 1350 4310 1407 tu
4352 1341 4600 1426 quidem

2671 1426 2865 1492 toties
2919 1428 3054 1492 iam
3109 1448 3181 1493 es
3237 1437 3567 1511 expertus,
3630 1437 3698 1493 et
3752 1448 3875 1513 ego
3934 1428 4338 1512 experientia
4396 1427 4599 1495 doctus

2671 1532 2970 1597 agnosco.
3043 1513 3180 1581 Nec
3215 1525 3438 1579 tamen
3473 1535 3733 1597 possum
3772 1513 3936 1579 vitia
3970 1524 4292 1581 excutere.
4353 1514 4599 1597 Impru-

2671 1597 2933 1664 dentem
2978 1608 3047 1663 et
3086 1599 3527 1683 impetuosum
3571 1621 3712 1666 esse
3755 1621 4209 1684 cognoveram,
4250 1601 4601 1683 improbum

2669 1692 2736 1752 et
2768 1684 3312 1751 contumeliosum
3346 1705 3509 1762 esse,
3546 1686 3653 1752 vel
3689 1686 4001 1764 futurum,
4036 1705 4377 1770 nunquam
4409 1705 4602 1752 essem

2671 1770 3042 1837 arbitratus.
3138 1769 3271 1836 Sed
3338 1771 3556 1836 valeat
3622 1772 3735 1838 ille
3797 1781 3865 1838 et
3922 1772 4006 1838 ad
4062 1793 4213 1839 suos
4269 1771 4602 1838 Cretenses

2671 1855 2916 1936 redeat,
2964 1877 3124 1940 quos
3166 1866 3387 1922 tamen
3431 1856 3783 1942 diligenter
3821 1858 4273 1941 praemonebo.

2844 1940 3037 2023 Quod
3081 1941 3161 2008 de
3207 1938 3413 2007 Rheni
3460 1941 3688 2008 Gemite
3709 1947 3763 2019 ³)
3808 1943 4127 2027 scripsisti
4169 1950 4439 2028 gratum
4491 1943 4606 2009 fuit

2673 2029 2916 2093 nostris
2957 2027 3341 2112 intelligere,
3399 2027 3517 2093 sed
3570 2050 3691 2113 pro
3749 2030 3978 2095 innato
4033 2029 4163 2096 illis
4215 2039 4485 2113 stupore
4535 2049 4607 2093 ne

2675 2114 2783 2180 isti
2838 2112 3099 2198 quidem
3155 2115 3437 2196 sapiunt.
3528 2114 3702 2180 Puto
3759 2124 3980 2182 tamen
4022 2115 4194 2183 clam
4235 2115 4607 2200 comparari,

2673 2220 2842 2285 quae
2895 2220 3097 2282 quum
3148 2219 3313 2284 opus
3370 2200 3496 2265 erit
3537 2199 3836 2267 hostibus
3878 2208 4311 2286 opponentur,
4329 2204 4390 2279 ⁴)
4476 2201 4606 2285 Ego

2674 2306 2831 2352 vero
2895 2284 3102 2350 multo
3166 2285 3366 2350 etiam
3421 2283 3752 2366 libentius,
3813 2307 4009 2371 quam
4068 2294 4281 2368 antea,
4336 2286 4423 2352 ab
4478 2287 4609 2353 istis

2675 2369 3257 2437 consultationibus
3294 2370 3606 2450 abstineo,
3639 2373 3885 2457 partim
3921 2383 3997 2438 ut
4030 2374 4113 2439 iis
4136 2393 4479 2440 occurram
4509 2372 4609 2456 qui

2674 2457 2809 2523 iam
2851 2457 3204 2522 mussitant
3245 2477 3352 2522 me
3393 2459 3611 2524 nescio
3654 2457 3812 2543 quid
3853 2480 3894 2523 a
3938 2461 4183 2526 nostris
4217 2458 4610 2545 principibus

2676 2549 2955 2628 captare,
3012 2543 3255 2627 partim
3314 2543 3512 2609 etiam
3568 2544 3740 2628 quod
3796 2544 4025 2611 malim
4077 2544 4159 2611 de
4199 2544 4282 2611 iis
4325 2544 4612 2611 laborare

2675 2648 2843 2712 quae
2906 2637 3061 2695 sunt
3123 2637 3384 2694 nostrae
3447 2630 3801 2696 functionis
3864 2633 4149 2715 propria,
4227 2650 4611 2715 quamquam

2676 2713 2880 2865 nihilb
2924 2735 3152 2780 eorum
3230 2714 3562 2800 negligam
3627 2736 3903 2800 quornm
3966 2716 4116 2784 illos
4179 2714 4611 2804 admonendos

2723 2810 2837 2866 uta
2881 2821 2936 2865 o.

2675 2823 2721 2886 p
2847 2886 2954 2953 De
2996 2884 3321 2952 Balduino
3363 2886 3578 2970 placet
3617 2887 3786 2954 mihi
3828 2888 4173 2955 consilium
4217 2890 4503 2973 tuum,⁵)
4556 2895 4615 2954 et

2676 2992 2799 3058 ego
2863 2991 3122 3055 quoque
3198 2972 3500 3037 nonnihil
3576 2974 3872 3040 scribam.
3983 2974 4435 3042 Meldensibus
4511 2973 4612 3040 ab·

2678 3079 2831 3125 sens
2884 3057 3195 3141 prospexi
3251 3065 3570 3142 quantum
3626 3060 3925 3143 permisit
3980 3081 4206 3126 eorum
4269 3060 4508 3128 levitas
4556 3067 4614 3126 et

2676 3144 3030 3210 temeritas.
3112 3140 3249 3209 Sed
3299 3143 3493 3228 plane
3547 3144 3729 3230 digni
3786 3154 3946 3212 sunt
4000 3148 4113 3230 qui
4156 3167 4384 3214 severe
4429 3146 4615 3213 corri-

2674 3229 2963 3315 piantur.

2846 3315 2953 3381 De
2986 3314 3209 3382 libello
3232 3315 3624 3384 Academiae
3638 3319 3696 3398 ⁶)
3733 3317 4028 3403 ignosces
4048 3338 4232 3385 meae
4252 3319 4617 3396 memoriae,

2673 3420 2842 3486 quae
2895 3401 3053 3467 facit
3105 3408 3182 3466 ut
3239 3400 3408 3467 nihil
3461 3404 3624 3470 certi
3681 3404 3964 3471 scribam
4021 3405 4148 3470 nisi
4200 3404 4324 3471 hoc
4386 3425 4614 3471 unum:

2675 3495 2975 3571 oportere
3030 3486 3298 3552 omnino
3352 3495 3430 3553 ut
3485 3490 3598 3556 vel
3652 3489 3822 3555 adsit
3878 3491 3951 3556 in
4008 3512 4156 3557 mea
4213 3490 4617 3570 bibliotheca,

2674 3572 2782 3640 vel
2838 3594 2923 3639 ex
2966 3571 3277 3639 mandato
3329 3594 3478 3640 meo
3536 3576 3625 3642 sit
3675 3576 3958 3660 cuipiam
4014 3577 4291 3643 fratrum
4342 3575 4617 3643 traditus

2674 3658 2756 3724 ab
2799 3678 3025 3725 uxore.
3114 3658 3321 3726 Liber
3362 3668 3464 3727 est
3505 3661 3908 3743 chartaceus,
3952 3662 4091 3728 folii
4136 3664 4402 3749 integri,
4461 3683 4617 3729 mar-

2724 3743 2830 3810 ‘ne
2874 3744 3091 3823 rubro,
3156 3744 3329 3811 corio
3383 3753 3613 3826 tectus,
3657 3748 3827 3813 foliis
3885 3747 4080 3814 viridi
4123 3748 4337 3815 colore
4382 3748 4616 3816 tinctis.

2730 3830 2756 3894 i
2799 3828 3098 3896 discessit
3153 3852 3336 3910 uxor,
3395 3831 3675 3900 traditae
3718 3842 3877 3899 sunt
3919 3834 4038 3900 tibi
4083 3834 4344 3901 aedium
4387 3835 4615 3913 claves,

2676 3917 2733 3981 si
2777 3913 2970 3981 modo
3010 3914 3342 3983 mandatis
3384 3919 3548 3985 meis
3590 3922 3828 4003 paruit.
3916 3919 4019 3986 Ibi
4058 3920 4263 4006 igitur
4304 3941 4613 4005 quaeren-

2675 4205 2943 4275 asaal)
2979 4205 3531 4278 SequentiaaBeza
3572 4210 3872 4267 molleta
3917 4225 4088 4281 usque
4130 4211 4211 4267 ad
4255 4212 4453 4268 verbm
4502 4210 4615 4266 dili·

2674 4282 2867 4347 genter
2937 4277 3280 4331 raemonebo.

2975 4343 3068 4400 Sic
3110 4348 3228 4413 ipse
3259 4344 3378 4400 Ba
3478 4343 3643 4414 lapsu
3686 4347 3899 4403 calami.
3973 4347 4083 4403 Sed
4115 4362 4312 4405 nomen
4343 4348 4541 4405 delevit
4570 4352 4615 4402 a

2675 4412 2834 4469 aliud
2865 4415 3252 4482 superscripsit
3462 4415 3745 4471 medeare
3774 4432 3887 4472 non
3907 4419 4202 4487 peninar.
4257 4417 4424 4475 Patet
4442 4419 4613 4474 eino-

2674 4482 3181 4608 wwatqw
3326 4484 3339 4498 ⁸
3379 4485 3593 4553 optino
3637 4500 3880 4555 quaeque
3928 4487 4276 4555 promiserat,
4326 4486 4425 4542 ced
4474 4499 4615 4542 nm

2868 4568 2891 4604 8
3082 4592 3095 4605 .

2878 4618 2939 4685 3)
2975 4619 3181 4675 Nom
3221 4620 3284 4675 in
3333 4620 3676 4691 aqurapho
3725 4621 3969 4692 Momm,
4019 4624 4390 4693 mascrime
4438 4622 4518 4680 N.
4551 4650 4613 4662 —

2677 4687 2766 4743 De
2806 4688 2971 4743 haina
3012 4688 3171 4744 ducis
3212 4688 3369 4743 tricis
3409 4704 3470 4744 eo
3505 4705 3656 4744 anno
3689 4692 3752 4744 in
3790 4690 4095 4747 Germania
4126 4694 4350 4748 tentat&
4383 4710 4434 4747 v.
4472 4691 4614 4748 Bar·

2824 4798 2841 4826 ⁹
2872 4758 2938 4894 Ξ)
2957 4755 3149 4881 3193?
3150 4865 3162 4878 .
3181 4755 3263 4811 m
3276 4866 3290 4881 .
3325 4759 3683 4896 oppohii’entnr,
3718 4758 4171 4899 squamam·
4196 4831 4357 4886 uncie
4387 4830 4613 4888 indm

2878 4893 2942 4961 5)
2974 4910 3171 4963 nempe
3205 4899 3267 4947 nt
3281 4893 3338 4950 C.
3360 4896 3479 4965 ipse
3513 4899 3748 4965 primum
3781 4899 4124 4967 respondeat.
4155 4898 4427 4968 (Sinala.)
4486 4897 4614 4955 an-

2673 4968 2846 5019 terum
2879 4963 2970 5019 hie
3001 4962 3080 5017 ad
3111 4978 3192 5031 ep.
3227 4962 3564 5031 deperditam
3596 4964 3841 5021 euadere
3872 4966 4101 5023 videtvr.

2972 5031 3049 5085 Le
3102 5031 3240 5085 livre
3291 5032 3364 5085 du
3412 5033 3668 5102 Beoteur,
3719 5034 4013 5106 Gatalogne
4063 5036 4159 5090 des
4206 5035 4498 5091 Etudiants
4545 5035 4611 5088 dc

2672 5099 2999 5155 l¹Academie
3050 5099 3148 5154 des
3194 5099 3427 5158 Geneve.
3497 5102 3631 5158 Gen.
3672 5102 3826 5157 1860.
3866 5130 3929 5144 —
3965 5104 4124 5161 Haec
4172 5120 4383 5176 quoque
4431 5104 4612 5160 onnia

2673 5170 2972 5225 casanata
3022 5173 3152 5223 sunt
3200 5184 3372 5240 usque
3419 5171 3498 5228 aa
3545 5173 3743 5228 verba.-
3797 5171 4015 5229 favente
4067 5173 4184 5228 Deo
4236 5174 4610 5243 comprobabo.

2675 5235 3109 5361 ἒέἰιζιὛοόῗα
3175 5307 3186 5320 ·
3303 5240 4185 5367 orama-ogmmffiaem
4216 5249 4269 5299 ⁶²
4303 5242 4455 5300 Bm
4484 5257 4613 5312 Ψ*
