4850 6117
255 426 374 489 457

257 611 759 678 clarissimorum
860 615 1147 680 virorum
1243 615 1633 682 testimoniis
1716 614 2191 683 convincatur?

257 695 569 780 Superest
624 719 804 765 nunc
855 709 952 781 ut,
1007 702 1313 784 quoniam
1359 723 1522 785 quae
1574 710 1731 768 sunt
1768 723 1810 767 a
1856 702 2035 768 vobis
2077 723 2196 786 per

256 784 443 849 hosce
489 805 696 850 annos
751 786 988 869 ubique
1037 799 1439 871 praeparata,
1476 789 1547 854 in
1589 786 1713 854 hoc
1753 794 2013 872 tempus
2055 808 2193 853 om-

256 871 362 934 nia
413 880 794 953 eruperunt,
843 882 920 936 ut
969 873 1251 957 amplius
1294 873 1374 938 de
1415 874 1720 952 consiliis,
1763 894 2036 956 quorum
2078 894 2192 939 ex-

256 956 412 1020 itum
467 954 891 1040 furoremque
944 959 1465 1043 pertimescimus
1483 1012 1498 1038 ,
1555 960 1838 1025 dubitari
1896 956 2031 1046 [fol.
2076 956 2188 1046 22]

255 1061 396 1140 non·
423 1043 645 1124 possit,
683 1052 1013 1126 postremo
1055 1044 1136 1109 de
1179 1065 1393 1119 causa,
1438 1067 1633 1129 quam
1669 1045 2010 1111 defectioni
2054 1055 2191 1110 tur-

253 1147 567 1210 pissimae,
613 1136 928 1212 tanquam
969 1130 1191 1197 fucum
1235 1133 1631 1214 praetexitis,
1675 1151 1882 1215 pauca
1923 1153 2192 1214 respon-

257 1211 532 1278 deamus.
633 1213 1028 1299 Quanquam
1084 1238 1252 1301 quae
1308 1219 1476 1283 ratio
1540 1219 1805 1284 subesse
1859 1227 2072 1300 queat,
2117 1224 2194 1281 ut

255 1319 361 1364 vos
411 1298 483 1363 in
537 1309 870 1366 certamen
919 1322 1067 1367 cum
1111 1303 1295 1387 Rege
1338 1301 1790 1370 descendatis?
1825 1312 1903 1366 ut
1937 1305 2010 1366 in
2051 1303 2191 1368 eius

254 1383 435 1451 urbes
478 1405 792 1469 arcesque
834 1386 1138 1454 hostilem
1192 1389 1264 1453 in
1307 1389 1573 1455 modum
1616 1388 1925 1455 irruatis?
1961 1398 2034 1452 ut
2077 1388 2188 1453 ad-

252 1471 438 1536 motis
494 1472 818 1538 machinis
884 1472 1176 1539 eiusdem
1242 1476 1597 1558 praefectos
1656 1475 1739 1541 ad
1792 1474 2188 1540 deditionem

251 1556 684 1639 compellatis?
730 1568 805 1622 ut
836 1558 1116 1643 denique
1158 1559 1444 1626 hostium
1490 1582 1766 1628 numero
1810 1581 1920 1626 eos
1963 1581 2189 1626 omnes

248 1642 555 1741 habeatis,
625 1645 734 1727 qui
788 1655 1033 1711 sartam
1077 1654 1316 1712 tectam
1360 1647 1557 1731 Regii
1584 1644 1985 1735 'diadematis
2049 1666 2187 1710 ma-

250 1736 534 1793 iestatem
606 1730 960 1795 tueantur?
1048 1730 1490 1812 Quamobrem
1570 1733 1753 1801 nulla
1811 1730 2189 1798 offensionis

251 1833 434 1914 causa
474 1817 766 1901 confingi
810 1817 1063 1900 potuit:
1110 1838 1187 1884 ac
1230 1833 1303 1883 ut
1345 1819 1627 1901 aliquam
1671 1819 1965 1903 potuisse
2046 1826 2187 1882 uta-

249 1912 413 1979 retis,
472 1908 697 1966 tamen
761 1901 905 1968 iure
962 1902 1342 1987 disceptare,
1412 1927 1543 1971 non
1600 1906 1800 1971 armis
1855 1904 1970 1969 vin
2016 1905 2188 1969 icare

252 1985 578 2052 deberetis.
669 1986 847 2068 Quid
905 1990 1079 2054 enim
1139 1998 1276 2054 tam
1334 1989 1622 2056 alienum
1681 1991 1762 2056 ab
1818 1991 1998 2056 omni
2051 2010 2185 2054 non

250 2071 425 2136 modo
489 2073 828 2157 religione,
900 2075 1015 2141 sed
1080 2076 1278 2141 etiam
1350 2076 1767 2143 simulatione
1831 2075 2186 2160 religionis,

252 2177 433 2240 quam
487 2157 637 2223 vis?
695 2179 890 2242 quam
945 2159 1232 2226 bellum?
1319 2160 1513 2243 Quod
1564 2183 1762 2247 porro
1803 2170 1940 2227 tam
1983 2161 2185 2227 inius-

251 2250 378 2307 tum
439 2244 704 2323 bellum,
761 2267 955 2328 quam
1022 2247 1196 2330 quod
1251 2269 1292 2313 a
1348 2249 1560 2314 servis
1615 2251 1683 2314 in
1740 2247 2093 2326 dominum,
2148 2267 2189 2312 a

252 2328 601 2430 clientibus·
624 2332 695 2395 in
738 2328 1010 2417 Regem,
1055 2333 1237 2398 nulla
1280 2335 1668 2420 praesertim
1704 2335 1943 2399 iniuria
1984 2334 2187 2399 laces-

252 2425 396 2492 sitis,
461 2415 922 2500 indignissime
1002 2418 1440 2503 suscipiatur?
1549 2418 1685 2487 Sed
1758 2418 1954 2486 audio
2029 2419 2186 2505 quid

253 2499 413 2565 Besa
456 2513 796 2569 causetur:
854 2504 1006 2570 Non
1068 2505 1139 2569 in
1185 2506 1389 2590 Regis
1453 2514 1666 2589 caput,
1725 2508 1840 2572 sed
1894 2515 2188 2571 tantum-

254 2585 427 2651 modo
481 2587 554 2652 in
601 2588 931 2673 Principis
972 2590 1281 2656 Guisiani
1344 2601 1413 2656 et
1467 2591 1966 2669 Oonnestabilis‚
2024 2612 2186 2675 quos

255 2691 400 2772 cane
441 2683 509 2738 et
551 2694 770 2759 angue
812 2677 998 2759 peius
1031 2676 1260 2756 oderit,
1304 2678 1682 2761 perniciem,
1725 2678 2017 2743 furorum
2051 2678 2187 2743 tela

254 2760 565 2824 intentari.
655 2759 797 2827 Gur
850 2769 1076 2826 autem
1128 2762 1275 2828 illos
1327 2770 1668 2847 tantopere
1708 2772 2043 2847 suspectos
2084 2771 2185 2829 at-

257 2863 367 2926 que
419 2845 669 2912 invisos
725 2846 850 2913 sibi
901 2847 1254 2928 existimet,
1307 2850 1366 2914 si
1410 2850 1652 2915 Bezam
1711 2853 1974 2935 rogetis,
2010 2848 2182 2915 idem

254 2929 545 2996 nimirum
615 2930 788 3015 quod
850 2932 1004 2999 olim
1061 2933 1359 3001 Fimbria
1428 2936 1626 3001 homo
1689 2935 2181 3013 furiosissimae,

252 3016 669 3115 respondebit,
731 3019 839 3102 qui
900 3017 1256 3086 Scaevolae
1316 3022 1730 3088 ornatissimo
1784 3021 1934 3100 civi,
1990 3041 2184 3106 quem

253 3121 315 3165 in
359 3102 556 3168 Marii
634 3105 864 3170 funere
934 3104 1272 3171 vulnerari
1335 3116 1699 3187 curaverat,
1763 3117 2184 3192 posteaquam

255 3190 551 3270 comperit
594 3209 744 3255 eum
801 3211 991 3274 posse
1049 3193 1290 3270 vivere,
1355 3193 1598 3260 idcirco
1652 3193 1972 3260 actionem
2024 3192 2183 3259 dici-

255 3279 352 3371 tur
383 3273 760 3355 intendisse,
803 3276 973 3359 quod
1017 3299 1148 3343 non
1192 3288 1404 3343 totum
1447 3279 1653 3344 telum
1696 3300 1965 3363 corpore
2006 3299 2183 3345 rece-

253 3370 453 3441 pisset.
540 3363 655 3427 An
710 3382 841 3427 non
890 3372 991 3428 est
1044 3362 1140 3428 illi
1186 3363 1357 3431 dicto
1401 3373 1595 3447 atque
1635 3365 1806 3432 facto
1849 3364 2184 3431 Fimbriae

255 3450 424 3509 tuum
464 3446 926 3513 simillimum?
988 3451 1275 3516 Accusas
1310 3450 1700 3517 clarissimos
1736 3451 1929 3518 huius
1964 3451 2185 3535 Regni

255 3528 582 3613 Proceres3
640 3532 796 3617 quid
852 3533 993 3599 ita?
1055 3537 1209 3619 quia
1265 3536 1346 3602 de
1401 3537 1707 3603 manibus
1761 3539 1894 3603 tuis
1944 3538 2185 3621 effuge-

256 3624 422 3681 runt:
490 3618 644 3701 quia
682 3619 936 3705 Regem
1003 3623 1299 3705 opprimi,
1343 3623 1652 3707 Regnum
1696 3625 1944 3690 vastari
2009 3623 2183 3707 passi

258 3721 372 3766 non
391 3715 594 3802 'suntt
639 3705 791 3788 quia
835 3706 916 3771 de
951 3707 1290 3791 utriusque
1323 3708 1533 3775 salute
1568 3730 1644 3776 ac
1679 3709 1999 3794 dignitate
2033 3730 2185 3776 con-

258 3792 349 3850 tra
388 3801 793 3873 importunos
849 3793 1270 3859 factiosorum
1326 3805 1596 3862 conatus
1654 3796 1833 3861 omni
1893 3806 2186 3877 tempore

260 3891 374 3937 non
435 3877 674 3957 minus,
733 3897 932 3960 quam
998 3879 1080 3943 de
1139 3881 1273 3945 vita
1332 3879 1744 3947 dimicarunt.
1843 3879 2187 3947 Attendite

260 3957 501 4027 obsecro
544 3962 686 4045 (hic
729 3984 847 4046 ego
891 3964 1095 4030 bonos
1152 3985 1378 4031 omnes
1421 3968 1705 4052 appello)
1750 3988 1877 4052 quo
1923 3967 2185 4032 tandem

258 4062 580 4144 progressa
620 4049 725 4128 sit,
773 4059 887 4114 aut
930 4050 1013 4114 ad
1056 4072 1215 4134 quos
1259 4063 1329 4116 et
1369 4052 1593 4135 quales
1647 4055 1825 4119 viros
1868 4053 2190 4118 effrenata

259 4140 427 4197 istius
472 4131 746 4200 audacia
798 4137 1169 4219 permearit.
1259 4137 1587 4222 Principis
1635 4139 1940 4205 Guisiani
1995 4139 2185 4216 facta,

260 4212 401 4318 hoc·
437 4228 535 4284 est
602 4220 880 4287 Achillis
947 4223 1272 4302 Francici,
1351 4225 1535 4290 cuius
1600 4224 1929 4307 trophaeis
1994 4223 2186 4289 hodie

259 4301 406 4367 salvi
446 4314 715 4404 stamus,
771 4308 1203 4392 florentesque
1245 4309 1545 4388 vivimus,
1588 4310 1782 4375 homo
1825 4311 2184 4393 transfuga,

262 4394 317 4449 ct
367 4387 531 4491 hui-c·
571 4391 808 4476 Regno
863 4393 1159 4478 Regique
1213 4396 1516 4462 inimicus
1570 4396 1971 4463 criminatur.
2060 4394 2176 4461 Oo-

260 4475 589 4555 nestabilis‚
654 4478 722 4542 id
771 4488 870 4544 est
911 4480 1216 4547 Francici
1261 4481 1555 4549 Nestoris
1609 4480 2025 4565 prudentiam
2082 4483 2186 4546 in-

262 4567 542 4656 sectatur,
578 4584 743 4645 quae
786 4587 856 4631 se
899 4567 1095 4633 toties
1137 4568 1206 4632 in
1250 4577 1532 4650 quatuor
1574 4568 1834 4652 Regum
1879 4566 2184 4633 difficilli-

261 4661 372 4708 mis
422 4649 821 4745 temporibus
877 4653 1410 4736 gravissimisque
1466 4653 1755 4738 negociis
1809 4653 2183 4719 ostentavit.

265 4724 317 4792 Ο
357 4752 652 4799 miseram
695 4736 1127 4803 conditionem
1175 4760 1309 4804 non
1353 4740 1563 4805 solum
1610 4739 2183 4816 administrandae,

265 4834 469 4911 verum
522 4822 723 4886 etiam
789 4825 1273 4890 conservandae
1329 4825 1517 4908 Reip.
1585 4828 1640 4891 si
1696 4825 1961 4910 quidem
2020 4823 2184 4889 illud

265 4919 507 5000 impune
561 4908 952 4987 conceditur,
999 4920 1076 4975 ut
1116 4910 1390 4976 heroum
1436 4928 1810 4978 nostrorum
1851 4909 2185 4994 praeclara

352 5010 557 5085 incra,
637 4995 986 5061 cuiuslibet
1040 4996 1302 5079 fugitivi
1368 4996 1979 5063 maledicentissimo
2033 5005 2181 5079 gut-

267 5077 382 5137 turi
452 5090 749 5160 pateant:
815 5089 892 5146 ut
968 5102 1241 5164 quorum
1317 5082 1619 5148 victorias
1684 5104 1759 5150 ac
1815 5080 2183 5164 triumphos

271 5152 386 5242 [fol.
427 5160 553 5263 23]
582 5168 790 5232 nostri
833 5166 1259 5247 admirantur,
1306 5169 1464 5234 socii
1506 5167 1989 5253 obstupescunt,
2038 5167 2182 5233 hos-

269 5250 352 5308 tes
398 5263 874 5345 pertimescunt,
940 5253 1020 5318 ab
1085 5255 1171 5319 iis
1229 5262 1564 5320 anteactae
1630 5255 1804 5319 vitae
1859 5254 2183 5319 rationem

270 5346 461 5398 nescio
513 5338 657 5419 quis
699 5340 1046 5423 quaesitor,
1103 5340 1309 5404 veluti
1355 5339 1765 5424 Virgilianus
1808 5340 2027 5405 Minos
2069 5348 2185 5405 aut

2078 432 2240 492 1562
2278 427 2457 495 IUN.

4103 430 4231 494 468

2290 615 2871 696 Rhadamanthus,
2939 615 3346 684 severissime
3410 617 3649 701 exigat.
3762 613 4015 682 Omitto
4067 614 4233 682 illud

2293 702 2484 786 quod,
2527 705 2712 786 quasi
2747 704 3045 788 Reginae
3088 701 3501 768 consiliorum
3544 713 3614 766 et
3651 721 4036 768 arcanorum
4077 722 4231 768 con-

2290 789 2464 855 scius
2519 789 2969 874 particepsque
3022 789 3235 865 fuerit,
3302 797 3370 851 et
3416 789 3679 852 intimos
3734 787 3937 852 animi
4001 807 4234 854 sensus

2291 876 2728 959 perspexerit,
2792 875 2873 940 de
2937 876 3080 940 eius
3142 875 3210 938 in
3276 872 3640 957 Principem
3707 872 4101 938 Guisianum
4168 882 4236 938 et

2291 958 2770 1026 Oonestabilem
2820 960 3176 1036 voluntate,
3223 959 3304 1024 de
3356 961 3599 1024 mutuis
3640 958 3993 1023 eorundem
4037 958 4234 1025 collo-

2291 1047 2477 1130 quiis,
2520 1044 2602 1111 de
2644 1047 3099 1126 simultatibus,
3158 1066 3323 1128 quae
3366 1063 3699 1127 nunquam
3742 1044 4025 1121 fuerunt,
4067 1064 4264 1127 quae.

2291 1153 2629 1215 nunquam
2678 1152 2820 1198 esse
2875 1140 3248 1216 potuerunt,
3306 1130 3612 1195 nonnihil
3670 1150 3791 1196 suo
3830 1150 4010 1194 more
4064 1130 4231 1195 ario-

2290 1218 2483 1283 latur.
2592 1215 2943 1283 Caeterum
2999 1218 3173 1283 Beza
3247 1216 3490 1281 bellum
3567 1216 3885 1281 nefarium
3954 1214 4232 1293 Galliae,

2291 1324 2459 1387 quae
2516 1303 2843 1386 quondam
2890 1305 3030 1369 eius
3085 1303 3212 1367 fuit
3265 1304 3493 1385 patria,
3540 1301 3785 1367 inferre
3844 1298 4228 1366 meditatur:

2289 1389 2600 1455 honestas
2673 1390 2850 1473 pacis
2919 1388 3323 1456 conditiones
3386 1386 3716 1471 repudiat:
3781 1386 4020 1469 placari
4099 1407 4232 1451 non

2292 1475 2460 1543 vult:
2516 1495 2595 1541 ea
2649 1482 2910 1540 tantum
2964 1476 3221 1540 ratione
3276 1475 3448 1540 flecti
3514 1494 3584 1539 se
3640 1494 3829 1556 posse
3873 1476 4234 1557 profitetur,

2288 1583 2418 1646 qua
2451 1582 2608 1628 oves
2652 1563 2947 1645 Aesopus
2988 1562 3057 1625 in
3093 1560 3370 1646 gratiam
3415 1580 3563 1624 cum
3606 1558 3761 1642 lupo
3804 1558 4071 1624 rediisse
4104 1557 4233 1623 fes-

2289 1648 2422 1713 tive
2464 1647 2812 1723 fabulatur,
2850 1650 2903 1713 si
2949 1646 3291 1730 Principes
3324 1645 3575 1728 Regiae
3608 1644 3836 1710 salutis
3870 1645 4234 1729 sceptrique

2289 1733 2606 1811 custodes,
2661 1732 2887 1818 procul
2938 1733 3341 1816 ablegentur,
3409 1732 3462 1797 si
3521 1727 3825 1814 deinceps
3880 1730 4019 1814 ipse
4064 1729 4235 1814 Regi

2287 1819 2648 1904 Regnoque
2701 1819 3008 1884 universo
3051 1816 3314 1885 vivendi
3361 1817 3654 1901 regulam
3745 1815 4110 1894 raescribat‚
4178 1816 4233 1881 si

2288 1906 2465 1990 Regi
2515 1926 2635 1988 pro
2690 1926 2806 1970 suo
2862 1903 3183 1970 arbitratu
3227 1903 3509 1986 imperet
3553 1903 3663 1985 qui
3751 1901 3937 1966 illum
3981 1901 4234 1967 consilii

2286 1992 2359 2056 in
2416 2000 2750 2075 posterum
2816 2012 3067 2073 capere,
3126 1988 3282 2072 quid
3338 1989 3641 2072 cogitare,
3686 1988 3839 2071 quid
3885 1987 4234 2070 suscipere,

2287 2098 2450 2161 quos
2484 2078 2800 2143 Proceres
2833 2085 2902 2141 et
2935 2077 3204 2141 clientes
3239 2095 3456 2141 secum
3491 2074 3751 2151 habere,
3787 2093 3949 2157 quos
3982 2073 4233 2150 eiicere,

2289 2185 2453 2247 quos
2515 2162 2872 2246 complecti,
2937 2181 3100 2244 quos
3164 2160 3377 2226 odisse
3441 2159 3618 2237 velit,
3685 2159 3965 2243 denique
4028 2161 4082 2223 si
4147 2178 4232 2222 ex

2287 2251 2487 2315 unius
2523 2249 2734 2314 Bezae
2768 2256 2934 2313 nutu
2968 2247 3258 2313 omnium
3303 2265 3452 2331 spes
3487 2246 4035 2330 cogitationesque
4077 2263 4234 2326 pen-

2287 2334 2516 2401 deant:
2560 2334 2731 2419 quod
2767 2353 2917 2398 cum
2951 2332 3338 2418 impetrarit,
3384 2340 3452 2396 et
3483 2332 3725 2397 sensim
3768 2351 3956 2397 suam
4001 2328 4232 2395 autho-

2287 2423 2551 2487 ritatem
2639 2422 2941 2503 viresque
3005 2418 3443 2494 confirmarit,
3510 2428 3651 2482 tum
3718 2416 4000 2492 demum,
4062 2413 4234 2498 quod

2288 2507 2517 2573 tandiu
2561 2513 2915 2590 exspectat,
2974 2525 3045 2570 se
3089 2504 3271 2570 brevi
3313 2513 3813 2570 consecuturum
3860 2502 4234 2579 arbitratur,

2287 2602 2363 2658 ut
2419 2590 2501 2658 de
2551 2592 2767 2658 medio
2821 2590 3099 2658 sublatis
3141 2590 3443 2655 omnibus
3516 2609 3676 2672 quos
3715 2588 3819 2653 Re
3870 2587 3907 2602 '⁸
3954 2587 4238 2653 nominis

2285 2678 2697 2745 fidelissimos
2740 2686 2808 2743 et
2852 2678 3198 2744 acerrimos
3245 2674 3534 2741 vindices
3576 2685 3768 2740 antea
3881 2675 4011 2739 isse
4065 2693 4234 2739 sem-

2286 2785 2531 2848 perque
2586 2765 2841 2829 futuros
2894 2762 3223 2847 intelligit,
3272 2763 3413 2845 ipse
3457 2759 3743 2826 Galliam
3803 2768 4110 2843 tanquam
4158 2759 4231 2822 in

2287 2849 2488 2916 dotali
2531 2849 2947 2915 matrimonio
2988 2850 3109 2915 sibi
3157 2854 3552 2913 testamento
3600 2845 3883 2930 legatam
3925 2843 4231 2910 obtineat.

2287 2936 2390 3001 'ru
2449 2956 2608 3001 vero
2666 2945 2746 3001 ut
2800 2934 2870 3001 id
2930 2933 3281 3019 aliquando
3331 2933 3592 3011 efficias,
3640 2940 3717 2995 ut
3771 2932 4231 2996 suavissimum

2286 3022 2608 3088 libertatis
2650 3022 2934 3087 fructum
2980 3020 3301 3086 Francico
3333 3018 3573 3102 populo
3613 3038 3902 3100 unquam
3945 3012 4231 3100 eripias?

2286 3116 2365 3174 ut
2405 3107 2489 3174 ad
2531 3108 2913 3173 servitutem
2949 3105 3234 3172 adducas
3276 3103 3637 3188 transfuga,
3678 3102 3969 3187 proditor
4010 3122 4232 3185 spera-

2288 3193 2436 3260 bis?
2483 3213 2559 3260 ac
2600 3214 2734 3259 non
2776 3193 2992 3276 potius
3037 3190 3289 3258 Christi
3323 3189 3753 3256 iustissimum
3798 3209 4064 3268 numen,
4098 3187 4234 3252 Re-

2287 3282 2388 3367 gis
2442 3278 2926 3346 sanctissimum
2985 3298 3243 3356 nomen,
3454 3276 3469 3289 “
3523 3295 3600 3340 ae
3654 3275 3886 3340 matris
3939 3273 4234 3339 divinum

2284 3365 2619 3442 iudicium,
2653 3365 2859 3449 Regis
2880 3363 3217 3429 Navarrae
3253 3360 3700 3445 admirabilem
3734 3358 4233 3444 providentiam,

2284 3451 2695 3536 optimatum
2761 3449 3042 3535 vigilias,
3103 3448 3364 3515 Galliae
3411 3448 3638 3514 florem
3693 3447 4022 3531 roburque
4132 3465 4234 3511 er-

2284 3537 2621 3605 horresces
2634 3536 2666 3601 ⁶?
2754 3536 2868 3602 Sic
2929 3535 3109 3601 enim
3178 3533 3420 3600 habeto
3435 3584 3450 3612 ,
3508 3531 3724 3598 Deum
3781 3534 4020 3598 immor
4109 3552 4234 3607 em,

2330 3624 2636 3705 raecipua
2708 3622 2988 3705 quadam
3031 3620 3488 3687 benevolentia
3550 3639 3707 3703 erga
3768 3618 4232 3684 Francicorum

2283 3646 2549 3794 {legum
2604 3710 2915 3791 pietatem
2961 3708 3276 3784 extitisse,
3323 3705 3567 3772 indicia
3609 3725 3765 3771 suae
3810 3701 4234 3787 benignitatis

2286 3796 2629 3880 perspicua
2686 3802 2754 3858 et
2816 3793 3025 3858 multa
3078 3793 3149 3857 in
3195 3791 3298 3858 his
3342 3790 3604 3857 sedibus
3648 3789 3730 3854 ab
3770 3797 4066 3854 extremo
4109 3788 4232 3852 im-

2286 3892 2444 3967 petu
2484 3878 2894 3948 vindicandis
2928 3878 3226 3956 edidisse,
3266 3879 3514 3943 maiora
3541 3876 3736 3940 etiam
3782 3885 3848 3938 et
3881 3873 4237 3938 illustriora

2286 3970 2358 4033 in
2427 3966 2942 4051 flagitiosissima
3020 3965 3505 4031 coniuratorum
3579 3980 3783 4026 manu
3859 3958 4089 4044 procul
4152 3958 4233 4023 ab

2288 4055 2418 4119 aris
2482 4050 3035 4133 sanctissimisque
3100 4049 3379 4133 templis,
3444 4057 3510 4113 et
3564 4068 3605 4112 a
3667 4045 3908 4111 finibus
3964 4044 4234 4127 Imperii

2287 4137 2754 4215 florentissimi,
2814 4137 3223 4219 fortunisque
3265 4135 3507 4200 civium
3550 4130 4234 4198 innocentissimorum

2289 4223 2586 4301 arcenda,
2627 4221 2811 4287 brevi
2853 4233 3144 4305 tempore
3186 4219 3531 4285 editurum.
3620 4218 3774 4284 Huc
3818 4216 4061 4283 accedit
4105 4216 4235 4281 Re-

2288 4313 2481 4394 ginae
2535 4311 2769 4374 matris
2827 4316 2894 4373 et
2949 4306 3152 4390 Regis
3207 4306 3543 4372 Navarrae
3606 4303 4109 4370 concordissima
4163 4303 4232 4366 in

2285 4397 2503 4480 Regni
2561 4394 3123 4461 administratione
3176 4391 3495 4468 voluntas,
3542 4387 3673 4477 [fol.
3721 4386 3834 4476 24]
3881 4388 4232 4471 singularis

2287 4483 2626 4566 sapientia,
2649 4478 3046 4545 incredibilis
3091 4477 3447 4562 vigilantia,
3483 4482 4013 4556 caeterorumque
4034 4473 4231 4537 Prin·

2286 4572 2501 4651 cipum
2556 4578 2623 4633 et
2657 4564 3067 4649 Optimatum
3120 4569 3192 4642 (a
3234 4582 3508 4646 quorum
3567 4561 4046 4626 existimatione
4095 4570 4229 4623 tam

2284 4653 2713 4720 vehementer
2758 4649 3096 4725 abhorres)
3160 4646 3448 4713 studium
3502 4656 3584 4711 ‘et
3636 4665 4007 4725 consensus,
4069 4665 4229 4728 quo-

2286 4760 2433 4804 rum
2489 4740 2786 4803 omnium
2851 4733 3190 4818 praesidiis
3252 4732 3697 4800 circunclusus
3714 4784 3728 4810 ,
3792 4741 3859 4797 et
3922 4730 4230 4798 custodiis

2283 4824 2687 4902 constrictus,
2754 4828 3052 4886 aeternas
3115 4821 3213 4886 tui
3276 4819 3517 4885 furoris
3575 4818 4024 4900 amentiaeque
4076 4838 4227 4901 poe—

2282 4931 2418 4987 nas,
2485 4909 2615 4973 Dei
2695 4906 3162 4988 hominumque
3214 4904 3471 4983 iudicio,
3546 4906 3744 4973 vivus
3807 4912 4229 4986 mortuusque

2282 4995 2652 5062 sustinebis.

3067 5218 3467 5228 ——--—
