4850 6117
587 422 712 486 307

585 610 645 675 si
684 608 937 675 faciunt
975 607 1194 673 animo
1236 605 1492 673 sineere
1551 602 1973 689 congratulor
2034 603 2148 669 eis.
2236 606 2338 671 Ae
2401 604 2534 671 nisi

585 689 2533 775 existimavissemsimilemadtequoquemismmeam

583 779 767 846 illam
810 777 1462 845 eommunioavissem
1504 784 1743 845 teeum.

757 862 837 931 Si
891 864 1049 949 quid
1104 864 1249 930 sive
1303 864 1505 929 fausti
1563 862 1705 929 sive
1742 860 2013 927 infausti
2054 859 2415 927 nunciatur
2449 882 2533 927 ex

583 949 822 1028 Gallia,
865 970 981 1017 oro
1023 951 1247 1016 mittas
1290 947 1377 1015 ad
1416 969 1559 1016 nos.
1637 948 1954 1015 Metuant
1993 946 2149 1013 boni
2193 945 2367 1030 apud
2410 968 2533 1014 nos

583 1057 671 1102 ne
730 1037 1071 1104 Novamae
1123 1056 1195 1102 se
1252 1055 1404 1102 oum
1461 1054 1669 1120 regno
1721 1031 2024 1100 subiiciat
2065 1032 2338 1099 eonoilio
2381 1032 2531 1100 ‘tri-

584 1120 875 1188 dentino.
984 1119 1299 1188 Salutant
1360 1129 1428 1186 te
1498 1121 1751 1187 fratres·
1846 1117 2082 1185 Saluta
2145 1120 2379 1185 iratres
2465 1125 2533 1184 et

583 1209 847 1275 amieos.
934 1206 1105 1274 Vale
1160 1214 1519 1274 aeternum.
1598 1204 1930 1272 Dominus
1973 1213 2195 1271 servet
2238 1214 2307 1271 te
2341 1205 2532 1272 nobis

584 1293 698 1359 diu
741 1294 1156 1360 ineolumem.

753 1379 953 1446 Mitto
986 1387 1140 1445 tuae
1161 1376 1557 1445 humanitati
1578 1378 2068 1462 responsionem
2089 1397 2308 1443 meam
2331 1397 2531 1462 oppo-

584 1465 784 1533 sitam
826 1464 1191 1532 sententiae
1247 1462 1519 1529 Brattia.
1607 1459 1746 1529 Oro
1791 1472 1866 1528 ut
1904 1464 2111 1529 libere
2152 1463 2317 1528 mihi
2358 1462 2532 1528 indi-

582 1572 710 1632 888,
753 1549 884 1617 nisi
925 1549 1272 1617 molestum
1330 1548 1455 1614 1188
1500 1548 1621 1614 tibi
1664 1550 1771 1627 sit,
1824 1549 1981 1632 quid
2027 1549 2151 1616 tibi
2193 1547 2274 1614 de
2317 1549 2534 1632 opella

581 1636 710 1703 hae
746 1657 894 1703 mea
934 1634 1254 1702 videatur.
1333 1634 1588 1700 Iterum
1629 1635 2002 1719 iterumque
2037 1636 2201 1702 vale.
2280 1635 2534 1702 Ultima

582 1722 931 1789 Februarii
974 1741 1145 1787 8888
1195 1723 1376 1785 1562.

1708 1856 2139 1942 Bullingerus
2187 1866 2359 1924 tuus.

1450 2402 1649 2478 8727.

634 2557 989 2625 GALVIN
1033 2561 1098 2625 A
1136 2558 1269 2627 LA
1309 2557 1807 2626 DUOHESSE
1846 2560 1975 2626 DE
2018 2562 2486 2629 FERRARE.

747 2729 907 2797 Gette
941 2729 1113 2796 lettre
1147 2735 1236 2795 est
1267 2730 1514 2815 νὲἅίρὲε
1547 2751 1698 2798 sous
1730 2732 2079 2812 l'influenoe
2110 2733 2220 2799 des
2252 2736 2528 2801 oraintes

575 2816 2528 2900 mquesrdativmmazamzraedeaeneveaecalvin

569 2902 939 3071 {mam
962 2902 1466 3055 mm&
1506 2924 1596 3055 1232
1609 2903 2524 3074 fflssa‘ffzahfffloe

577 3156 787 3226 (Copie.
822 3157 964 3212 Bibl.
1000 3158 1303 3284 imao&
1335 3159 1552 3283 Ἢ.
1568 3161 1715 3300 ,Σεὲ
1733 3159 1852 3286 ΙῙᾜ,
1872 3161 2087 3299 2fffiossss
2120 3180 2171 3216 v.
2210 3192 2274 3204 —
2307 3162 2525 3219 Bonnet

747 3396 1073 3478 Madame,
1131 3401 1273 3485 j’ay
1338 3407 1477 3466 este
1541 3400 1783 3488 ioyeux
1838 3401 2090 3467 d'avoir
2143 3424 2383 3488 moyen
2444 3402 2525 3471 de

574 3505 740 3551 vous
783 3482 1025 3551 esorire
1068 3494 1444 3551 seurement
1484 3507 1609 3571 par
1645 3508 1721 3554 88
1754 3497 2038 3570 porteur,
2074 3508 2207 3554 non
2239 3509 2361 3573 pas
2396 3510 2524 3574 que

572 3571 745 3655 i'aye
800 3570 1049 3656 grande
1099 3571 1373 3636 matiere
1427 3593 1595 3657 pour
1649 3585 1825 3639 oeste
1877 3573 2103 3653 heure,
2167 3576 2335 3640 mais
2389 3577 2525 3641 afin

569 3655 650 3721 de
684 3657 1095 3740 m'aoquitter
1128 3654 1210 3722 de
1244 3677 1398 3723 mon
1431 3656 1675 3739 devoir,
1711 3667 1779 3725 et
1811 3659 1989 3725 aussi
2023 3680 2267 3744 pouroe
2303 3682 2429 3745 que
2463 3663 2525 3727 ie

564 3762 768 3826 pense
790 3763 917 3826 que
950 3762 1090 3808 mes
1125 3740 1354 3809 lettres
1388 3752 1540 3809 sont
1573 3745 1901 3811 tonsiours
1929 3744 2083 3812 bien
2105 3766 2351 3813 venues
2373 3766 2526 3814 vers

563 3848 731 3894 vous
766 3826 848 3894 de
882 3835 1105 3895 vostre
1148 3848 1362 3913 graee.
1434 3826 1679 3910 Quand
1713 3830 1872 3897 elles
1905 3852 2075 3898 vous
2118 3844 2535 3918 pourroyent,

564 3922 876 3998 apportet
934 3913 1212 3998 quelque
1271 3916 1521 3998 proflat,
1587 3936 1823 3983 eneore
1878 3924 2119 3983 mettre
2220 3918 2285 3984 ie
2331 3919 2525 4002 peine

569 3996 652 4064 de
702 4019 871 4066 vous
914 4021 1001 4064 en
1065 3999 1228 4065 faire
1282 4000 1461 4066 tenir
1522 4002 1673 4085 plus
1716 4011 2015 4070 souvent.
2194 4003 2292 4070 ais
2357 4025 2525 4071 vous

570 4105 746 4164 avez,
797 4083 976 4151 Dieu
1019 4086 1243 4166 merei,
1307 4107 1394 4152 en
1436 4095 1657 4153 vostre
1698 4090 1972 4167 maison,
2030 4088 2294 4156 homme
2336 4090 2524 4156 suffi-

567 4180 735 4251 sant,
780 4192 945 4253 pour
987 4192 1153 4238 vous
1196 4171 1507 4238 exhorter
1549 4181 1616 4239 et
1656 4174 2023 4240 eonfermer
2062 4196 2146 4241 en
2180 4183 2331 4240 tant
2364 4176 2524 4260 qu'il

571 4277 656 4323 en
720 4265 822 4322 est
876 4256 958 4322 de
1023 4258 1269 4323 besoin.
1299 4262 1350 4337 ι)
1456 4258 1543 4326 Je
1607 4263 1763 4344 n’ay
1828 4260 2012 4343 point
2077 4260 2417 4329 nouvelles
2482 4268 2525 4327 a

569 4360 736 4407 vous
787 4341 1063 4409 mander
1118 4364 1247 4427 que
1301 4364 1464 4410 vous
1516 4365 1603 4410 ne
1660 4344 1913 4410 saehiez
1969 4344 2302 4412 d'ailleurs
2317 4398 2334 4425 ,
2408 4368 2526 4413 sur

573 4433 718 4491 tout
758 4424 1106 4511 lesquelles
1147 4450 1316 4496 vous
1354 4431 1659 4514 puissent
1700 4431 1996 4510 resiouir,
2072 4438 2137 4497 et
2179 4431 2243 4497 ie
2284 4433 2524 4498 n’aime

574 4717 785 4786 synodo
831 4715 991 4786 pauci
1035 4733 1103 4771 ex
1138 4720 1385 4787 patronis
1430 4725 1489 4774 et
1531 4720 1798 4774 ministris
1841 4726 2229 4776 oonveuerunt.

575 4786 659 4854 (p.
696 4782 800 4837 129
833 4803 853 4836 .-
894 4784 1116 4838 tandem
1158 4802 1269 4841 uno
1314 4788 1495 4843 animo
1536 4790 1863 4857 conclusum,
1899 4789 2203 4844 Blandrata
2234 4791 2525 4847 confessio-

574 4868 701 4907 nem
747 4853 786 4906 fl
824 4851 877 4907 ei
920 4869 1050 4906 8888
1097 4855 1403 4909 consol-ibat
1446 4862 1505 4911 et
1537 4874 1688 4912 suam
1739 4859 2106 4913 innooeutiam
2138 4865 2364 4914 asserat.
2436 4862 2523 4915 Ex

572 4921 678 4976 hae
711 4920 923 4991 synodo
957 4921 1118 4975 datae
1151 4922 1222 4975 de
1255 4921 1359 4976 hoo
1391 4926 1610 5007 negotio
1643 4926 2021 5008 adssalvinum
2056 4933 2116 4982 et
2135 4929 2526 5011 ⁸Bullingsmm

574 4992 771 5046 literae
817 5005 952 5060 quas
998 4988 1085 5044 23.
1122 4990 1285 5044 Febr.
1327 4989 1466 5045 1562
1494 4994 1838 5049 Lismamnus
1885 4995 2231 5052 anebovitio
2278 5005 2526 5061 miserat,

572 5058 1369 5182 fflfflffgbffglizlldugm
1386 5062 1481 5197 qnti
1507 5061 1860 5187 &gg-{¹1:⁸2
1879 5066 2299 5205 gastim
2332 5067 2526 5192 3³1„ss

566 5203 669 5403 Ξῖ
712 5213 1293 5402 &flammans-iva
1325 5265 1365 5319 ᾰ
1401 5262 1717 5336 Menturnis
1748 5283 1870 5324 vers
1912 5271 1971 5326 la
2012 5272 2092 5339 βο
2125 5272 2195 5328 de
2233 5270 2353 5330 1²th
2386 5272 2525 5329 1561

2096 411 2621 483 EPIBOEOLAB
2666 413 3093 479 3726-3‘128

4452 417 4576 483 308

2631 601 2821 752 32³¹OE
2852 600 2936 667 de
2966 622 3139 670 vous
3169 602 3446 684 fasoher,
3479 604 3775 671 eombien
3809 624 3937 689 que
3966 606 4029 671 ie
4061 605 4200 672 suis
4215 606 4574 675 00an

2756 685 2910 754 deso
3201 709 3361 755 mon
3403 709 3616 770 eoeur,
3671 711 3806 757 non
3858 711 3978 775 pas
4028 712 4185 758 sans
4221 691 4434 777 grand
4473 714 4574 760 re-

2632 781 2799 858 gret,
2856 773 3053 840 d’une
3105 775 3402 842 tristasse
3455 775 3734 861 laquelle
3784 786 3888 843 est
3940 797 4285 844 eommune
4337 798 4379 843 a
4432 789 4577 846 tous

2632 860 2867 925 enfans
2926 860 3009 926 de
3069 859 3262 928 Dieu.
3373 862 3552 929 Vous
3604 882 3856 942 suaves,
4227 914 4245 942 ,
4309 884 4388 931 88
4447 885 4573 948 que

2632 945 2937 1012 brassent
2993 945 3089 1013 les
3142 948 3441 1014 ennemis
3504 947 3588 1014 de
3646 950 3878 1028 verite,
3943 950 4226 1016 tesmoin
4289 950 4359 1016 18
4398 949 4572 1036 ligus

2632 1029 2722 1096 du
2779 1031 2963 1116 Pape
3015 1052 3179 1100 aveo
3232 1033 3297 1099 le
3338 1034 3492 1120 Roy
3529 1034 3927 1120 d’Espagne,
3979 1035 4079 1101 les
4118 1035 4469 1104 Venitiens
4506 1045 4574 1104 et

2629 1116 2979 1184 Potentats
3013 1118 3277 1185 d'Italie
3309 1141 3395 1185 en
3437 1121 3718 1204 laquelle
3755 1129 3979 1187 nostre
4020 1121 4236 1187 voisin
4269 1129 4374 1189 est
4403 1143 4572 1190 oom-

2629 1203 2789 1352 3118.
2871 1203 2934 1269 Il
2966 1204 3114 1270 leur
3154 1206 3401 1273 semble
3443 1206 3594 1272 bien
3637 1207 3829 1291 qu’ils
3868 1206 4135 1274 doivent
4175 1209 4574 1276 exterminet

2676 1311 2721 1353 u
2775 1288 3023 1357 Mende
3079 1300 3265 1357 toute
3321 1291 3761 1359 Chrestiente.
3848 1291 3950 1359 Or
4002 1293 4369 1378 oependant
4428 1296 4573 1361 Ma-

2631 1374 2824 1441 dame
2868 1375 2949 1442 de
2985 1376 3194 1444 Guise
3210 1379 3266 1457 ²)
3310 1379 3446 1444 suit
3479 1399 3571 1444 un
3614 1379 3791 1444 train
3832 1381 3943 1464 qui
3982 1401 4070 1446 ne
4110 1390 4269 1464 peut
4313 1382 4575 1448 revenit

2630 1460 2784 1543 qu’a
2846 1483 2921 1527 sa
2980 1464 3343 1544 eonfusion,
3406 1466 3464 1531 si
3523 1465 3650 1531 elle
3703 1467 4030 1532 eontinue.
4119 1466 4255 1531 Gar
4308 1485 4573 1535 eneores

2673 1546 2868 1614 u’elle
2909 1570 2993 1615 ne
3049 1548 3114 1614 le
3169 1570 3371 1633 pense
3426 1552 3631 1635 point,
3684 1553 3742 1618 si
3783 1552 4063 1618 eherohe
4105 1552 4234 1617 elle
4275 1552 4343 1618 la
4385 1554 4573 1620 ruine

2678 1655 2749 1698 es
2812 1654 3094 1717 pauvres
3155 1636 3419 1721 Eglises
3484 1637 3564 1702 de
3630 1638 3904 1715 Franoe,
3975 1637 4341 1722 desquelles
4401 1637 4576 1706 Dieu

2631 1738 2780 1784 sera
2842 1728 3222 1804 proteoteur
3285 1744 3450 1806 pour
3506 1724 3604 1789 les
3665 1725 4039 1790 maintenir.
4139 1724 4189 1792 J
4190 1744 4229 1789 8
4289 1734 4575 1810 proteste

2634 1803 2715 1869 de
2756 1805 2997 1887 reehef,
3040 1806 3368 1889 Madame,
3408 1831 3535 1892 que
3558 1812 3631 1894 ¹je
3661 1809 4186 1877 m'abstiendrois
4220 1812 4575 1879 volontiers

2635 1888 2718 1956 de
2770 1911 2935 1958 vous
2993 1914 3310 1979 ennuyer,
3375 1897 3545 1961 mais
3602 1894 3882 1961 d’aultre
3923 1905 4098 1964 eoste
4137 1898 4200 1963 ie
4242 1897 4575 1965 vouldrois

2636 1974 2786 2041 bien
2830 1978 3066 2060 qu'elle
3108 1988 3301 2063 peust
3342 1990 3514 2047 estre
3557 1981 3812 2048 induite
3855 2003 3975 2067 par
4017 1992 4234 2050 vostre
4262 1985 4575 2051 auctorite

2636 2068 2679 2127 a
2740 2063 3042 2130 mederer
3105 2087 3210 2132 888
3270 2068 3585 2150 passione,
3654 2067 4029 2152 ausquelles
4080 2069 4207 2135 elle
4270 2090 4358 2134 88
4419 2077 4575 2155 peut

2633 2149 2833 2229 ebeir,
2910 2169 3164 2217 somme
3227 2152 3353 2218 elle
3417 2153 3592 2234 faint,
3670 2153 3861 2239 qu’en
3927 2154 4171 2221 faisant
4232 2176 4470 2240 guerre
4530 2164 4575 2222 a

2631 2232 2825 2299 Dieu.
2910 2237 2961 2303 J
2962 2257 2999 2302 e
3041 2258 3204 2303 vous
3247 2238 3350 2304 dis
3391 2239 3860 2318 franohement,
3939 2240 4265 2320 Madame,
4330 2264 4404 2309 88
4445 2263 4574 2327 que

2633 2320 2975 2404 ohasquun
3038 2324 3353 2408 eognoist‚
3426 2326 3560 2391 afin
3626 2346 3753 2411 que
3815 2347 3983 2393 vous
4044 2327 4330 2394 advisiez
4392 2330 4574 2395 88188

2635 2415 2853 2472 vostre
2931 2408 3262 2491 prudenee
3326 2411 3478 2495 quel
3542 2411 3672 2478 bon
3735 2412 3955 2478 moien
4019 2413 4068 2477 il
4129 2434 4178 2500 y
4242 2434 4400 2479 aura
4463 2413 4575 2500 d'y

2617 2495 2963 2575 pourvoir,
3034 2497 3170 2561 afin
3212 2495 3295 2562 de
3334 2498 3403 2563 18
3445 2497 3835 2565 destourner
3876 2499 4109 2583 qu'elle
4152 2519 4239 2564 ne
4279 2502 4576 2583 eonspire

2635 2579 2819 2661 point
2860 2600 3021 2648 aveo
3075 2601 3245 2647 eeux
3302 2585 3414 2667 qui
3469 2604 3554 2650 ne
3596 2582 3991 2651 demandent
4032 2605 4160 2669 que
4202 2584 4472 2652 d’abolir
4508 2586 4577 2652 18

2630 2685 2797 2749 pure
2853 2665 3150 2751 religion,
3216 2677 3284 2734 et
3344 2669 3582 2752 qu'elle
3644 2690 3734 2736 ne
3796 2670 4212 2755 s'enveloppe
4263 2673 4448 2757 point
4489 2693 4576 2739 88

2632 2749 2748 2816 des
2804 2753 3141 2836 pratiques
3194 2751 3353 2819 dont
3403 2755 3629 2822 l’issue
3688 2778 3770 2822 ne
3827 2767 3987 2840 peut
4028 2767 4202 2824 estre
4285 2780 4369 2823 88
4411 2758 4575 2824 1881-

2628 2835 2970 2918 heureuse,
3016 2837 3340 2906 d'aultant
3378 2842 3615 2925 qu'elle
3655 2850 3758 2908 est
3797 2843 4125 2910 eontmire
4166 2865 4208 2909 8
4320 2844 4441 2910 ’eu.

2799 2923 3128 3004 Madame,
3171 2945 3362 3010 apres
3402 2931 3668 2993 m’estre
3709 2927 4296 2997 treshumblement
4336 2949 4577 2997 reeom-

2627 3008 2867 3074 1888ἀὲ
2909 3018 2954 3076 a
2995 3020 3215 3078 vostre
3256 3012 3471 3079 bonne
3515 3035 3726 3099 grase,
3785 3018 3856 3101 je
3897 3015 4241 3102 suppliray
4303 3017 4366 3083 le
4407 3016 4576 3085 Pere

2627 3093 2866 3161 celeste
2909 3118 3076 3165 vous
3117 3098 3290 3164 tenir
3332 3100 3660 3166 tousiours
3698 3122 3782 3166 en
3839 3122 3915 3167 sa
3955 3102 4339 3186 preteetion,
4414 3124 4577 3171 vous

2625 3179 2903 3247 fortifier
2944 3182 3027 3250 de
3070 3204 3146 3249 sa
3184 3190 3397 3265 verta,
3456 3194 3524 3250 et
3565 3195 3958 3271 augmentet
3999 3209 4085 3254 en
4129 3196 4275 3255 tout
4316 3188 4468 3256 bien
4507 3197 4576 3255 et

2624 3269 3005 3352 prosperita.
3092 3269 3200 3336 De
3243 3270 3534 3339 Geneve.
3560 3275 3614 3350 ⁸)

3407 3561 3816 3573 01——

3509 3816 3704 3887 8728.

3120 3970 3548 4039 DESPREZ
3602 3972 3663 4037 A
3709 3970 4076 4039 OALVIN.

2799 4140 3056 4226 Lonyue
3129 4142 3388 4210 histoire
3458 4143 3504 4208 ὰ
3552 4163 3793 4227 propos
3853 4142 4008 4209 ἄκη
4067 4145 4351 4228 mariam
4411 4149 4579 4211 me

2625 4225 2981 4309 beau-frbre
3041 4233 3098 4294 et
3158 4228 3529 4310 belle-soem,
3612 4229 4040 4311 quez’aeaeeur
4102 4250 4146 4296 a
4209 4228 4352 4296 bem·
4414 4235 4472 4296 d
4531 4231 4576 4296 ἄ

2625 4331 2812 4379 cause
2843 4314 3071 4396 auquel
3112 4334 3194 4381 ou
3234 4315 3331 4381 lui
3371 4314 3619 4382 chacho
3650 4314 3928 4397 querella.

2623 4483 3004 4555 (Autographe
3038 4485 3107 4539 de
3141 4487 3197 4540 18
3230 4484 3612 4555 Bibliotheque
3645 4485 3716 4540 de
3750 4485 3985 4541 Geueve.
4021 4486 4136 4542 MS.
4160 4485 4273 4554 196,
4308 4487 4400 4542 fol.
4434 4485 4579 4553 103.)

2831 4723 2893 4792 2)
2927 4726 3091 4780 Anne
3123 4724 3325 4792 d’Rste,
3373 4725 3487 4779 fille
3520 4726 3591 4780 de
3623 4726 3809 4781 Renes
3842 4725 3913 4781 de
3945 4725 4171 4794 Franee,
4214 4733 4271 4781 et
4309 4725 4572 4780 (1118118888

2625 4793 2696 4847 de
2729 4791 2913 4848 Guise.
2980 4779 3183 4849 lillevee
3224 4794 3259 4847 a
3305 4794 3359 4848 la
3402 4811 3533 4849 oour
3576 4794 3646 4849 de
3682 4795 3932 4859 Ferrare5
3975 4794 4113 4850 dans
4155 4796 4237 4851 les
4279 4809 4570 4865 oeoyaneoe

2624 4862 2695 4916 de
2727 4862 2783 4915 18
2815 4861 3088 4930 Beforme,
3132 4863 3237 4917 elle
3279 4863 3381 4917 dut
3424 4864 3505 4918 les
3538 4864 3773 4934 de‘poser
3805 4880 3875 4919 en
3919 4862 4154 4920 s'alliaut
4195 4863 4235 4920 ὶ
4273 4865 4329 4918 18
4361 4863 4572 4918 maison

2623 4931 2695 4985 de
2727 4930 2994 4985 Lorraine
3023 4930 3311 5000 (Bonna).

2831 4998 4572 5071 3)Ilestdiffiessed'assiyaormdatodcdtekun.

2632 5064 2845 5126 Gonane
2890 5069 3099 5124 elleost
3141 5067 3559 5140 dou-aequaque
3603 5072 3970 5141 temptem-er
4012 5068 4576 5126 lamudam

2625 5136 3020 5207 &Montes-qis
3062 5143 3214 5193 aton
3259 5144 3513 5194 toutcas
3553 5139 4224 5196 avantlemsacrede
4266 5139 4575 5211 Vsum-s
