4850 6117
645 396 771 460 523

645 583 833 649 nobis
897 600 1029 646 non
1088 599 1507 646 concessuros
1573 579 1866 663 putabas,
1932 580 2244 646 nimirum
2309 580 2389 646 de
2454 579 2583 645 fide

645 676 866 734 nostra
927 676 994 731 et
1055 665 1509 732 coniunctione
1573 687 1726 731 cum
1789 665 1933 732 aliis
1991 667 2233 731 nostris
2293 666 2582 733 ecclesiis

646 774 903 837 semper
965 752 1186 817 testati
1249 772 1492 817 sumus.
1587 752 1849 818 Testem
1906 752 2033 818 cito
2088 752 2173 817 D.
2217 751 2584 817 Arnoldum

644 840 954 917 Baracum,
1011 838 1229 903 virum
1285 836 1780 920 integerrimum
1833 837 2076 919 tibique
2131 844 2198 902 et
2250 856 2473 902 carum
2517 844 2584 903 et

645 933 891 991 notum.
957 922 1029 988 Is
1073 924 1242 987 enim
1283 922 1484 988 huius
1540 922 1907 1006 tragoediae
1964 943 2115 1005 pars
2158 944 2292 987 una
2348 923 2475 988 fuit
2516 934 2584 988 et

645 1011 781 1077 suis
824 1008 1174 1092 diligenter
1230 1010 1452 1087 suasit,
1509 1029 1591 1074 ne
1647 1008 2029 1074 lutheranae
2072 1008 2379 1074 ecclesiae
2423 1006 2581 1092 bap-

644 1097 914 1161 tismum
956 1103 1465 1172 contemnerent,
1525 1115 1723 1177 quum
1779 1094 1911 1159 iam
1961 1095 2288 1177 peregrini
2330 1093 2410 1158 de
2454 1094 2582 1159 fide

645 1202 768 1247 sua
808 1187 876 1246 et
917 1179 1430 1261 corruptelarum
1475 1178 1944 1262 improbatione
1982 1201 2199 1245 coram
2242 1189 2471 1245 senatu
2515 1184 2582 1245 et

645 1265 1201 1332 concionatoribus
1237 1267 1396 1330 satis
1429 1267 1648 1329 testati
1684 1274 1919 1331 essent.
1991 1267 2085 1330 At
2120 1265 2224 1330 his
2259 1285 2389 1329 non
2426 1285 2580 1330 con-

645 1352 811 1416 tenti
867 1351 1128 1434 aliquot,
1184 1372 1459 1433 quorum
1511 1351 2025 1417 inconsideratus
2076 1350 2256 1415 zelus
2311 1351 2583 1416 scientia

644 1447 712 1503 et
752 1437 993 1503 iudicio
1036 1457 1162 1520 quo
1219 1436 1464 1519 pollent
1506 1438 1711 1501 maior
1766 1446 1886 1514 est,
1946 1457 2234 1501 asserere
2286 1458 2420 1501 non
2465 1457 2581 1501 ve-

645 1533 893 1599 rentur,
937 1524 1112 1605 ipsos
1133 1522 1552 1587 Lutheranos
1586 1544 1716 1586 non
1752 1522 2076 1605 pertinere
2121 1520 2204 1587 ad
2244 1520 2584 1587 ecclesiam

644 1608 931 1675 Christi:
1008 1609 1165 1672 item
1232 1608 1557 1671 hominem
1635 1609 1817 1689 pium
1893 1608 2154 1672 illorum
2219 1608 2581 1673 ministerio

645 1694 1093 1761 contaminari.
1157 1692 1222 1757 N
1224 1713 1308 1757 on
1362 1691 1768 1758 obstantibus
1820 1692 2391 1776 protestationibus
2445 1714 2582 1758 om-

645 1780 838 1845 nibus
881 1778 961 1844 ad
1005 1779 1480 1861 separationem
1524 1778 2033 1861 progrediuntur
2074 1786 2215 1856 etc„
2272 1778 2580 1862 quemad-

644 1864 910 1929 modum
954 1885 1038 1927 ex
1082 1863 1330 1929 duobus
1373 1864 1631 1946 scriptis
1673 1884 1836 1947 quae
1880 1865 2003 1931 1188
2045 1863 2125 1929 de
2167 1885 2240 1929 re
2283 1874 2583 1947 acceptu·

644 1971 757 2015 rus
821 1970 889 2014 es
954 1948 1206 2014 abunde
1269 1949 1613 2033 intelliges.
1695 1950 1954 2016 Liceret
2016 1958 2189 2016 certe
2251 1950 2398 2016 istis
2455 1949 2582 2015 alio

642 2036 1069 2118 commigrare
1133 2055 1209 2101 88
1275 2056 1433 2101 8888
1496 2036 1926 2101 888881881188
1980 2036 2380 2102 satisfacere:
2447 2036 2581 2100 iam

643 2141 802 2186 vero
836 2130 902 2186 et
935 2120 1098 2185 alios
1132 2120 1450 2186 damnant
1484 2140 1558 2186 ac
1592 2123 1875 2199 turbant,
1920 2127 1988 2186 et
2027 2122 2155 2204 ipsi
2198 2122 2412 2187 locum
2447 2141 2580 2186 non

641 2212 924 2272 mutant.
1012 2205 1266 2286 Quare,
1326 2215 1403 2271 ut
1457 2207 1785 2290 paulisper
1843 2216 2292 2290 compescatur
2349 2206 2581 2272 horum

641 2292 995 2369 temeritas,
1055 2304 1121 2355 te
1177 2312 1294 2373 per
1339 2291 1677 2358 Christum
1737 2293 1902 2358 serio
1960 2292 2245 2358 obtestor
2301 2292 2458 2376 quid
2502 2292 2581 2358 de

645 2378 1000 2459 propositis
1023 2377 1508 2459 quaestionibus
1551 2376 1965 2443 sentiendum
2008 2380 2111 2457 sit,
2156 2378 2338 2444 nobis
2369 2378 2581 2462 primo

645 2481 896 2544 quoque
931 2468 1220 2544 tempore
1255 2462 1620 2546 significare
1653 2483 1739 2528 ne
1773 2466 2084 2547 graveris.
2154 2465 2583 2549 Exaggerant

646 2546 758 2612 alii
801 2547 1326 2613 concionatorum
1368 2548 1549 2627 vitia,
1608 2570 1741 2614 non
1782 2551 1853 2614 111
1897 2549 2101 2615 alium
2142 2552 2343 2615 finem
2385 2572 2581 2633 quam

645 2641 718 2698 ut
780 2633 1084 2699 evincant
1154 2653 1264 2699 eos
1326 2653 1595 2716 peccare
1657 2635 1766 2716 qui
1843 2636 2071 2701 talium
2135 2636 2582 2701 ministrorum

642 2738 839 2799 opera
893 2718 964 2783 in
1022 2717 1431 2802 baptizandis
1486 2720 1847 2786 infantibus
1911 2727 2202 2787 utuntur.
2283 2722 2383 2786 An
2446 2741 2584 2787 non

643 2803 817 2869 idem
846 2824 1112 2887 prorsus
1134 2805 1434 2870 Donatus
1470 2806 1790 2871 asseruit?
1849 2806 2123 2872 Fratres
2157 2806 2373 2890 gallici
2413 2807 2581 2872 idio-

642 2890 838 2954 matis
881 2890 1004 2956 hac
1047 2889 1127 2956 de
1169 2911 1242 2956 re
1284 2890 1453 2955 nihil
1510 2890 1773 2958 omnino
1829 2892 2202 2978 ambigunt:
2263 2893 2386 2958 soli
2427 2914 2582 2959 nos-

642 2980 849 3041 trates
864 2978 925 3055 ⁴)
967 2975 1213 3060 aliquot
1253 2976 1477 3043 turbas
1512 2977 1634 3042 1188
1654 2986 1949 3043 movent:
1996 2999 2195 3062 quare
2227 2978 2581 3045 necessitas

643 3061 949 3143 postulat,
994 3082 1077 3127 ne
1109 3061 1308 3128 latius
1342 3063 1465 3129 hoc
1498 3063 1745 3128 malum
1779 3071 2018 3147 serpat,
2053 3071 2130 3130 ut
2169 3065 2581 3147 quaestiones

642 3147 1013 3230 propositae
1054 3147 1461 3230 explicentur
1503 3148 1898 3233 diligentius.
1981 3150 2168 3231 Quae
2211 3150 2380 3216 duae
2437 3157 2582 3215 tan-

643 3242 788 3295 tum
830 3238 1004 3309 sunt,
1058 3233 1391 3313 nimirum,
1448 3256 1608 3299 num
1651 3245 1872 3300 coetus
1913 3236 2041 3316 hic,
2098 3237 2168 3301 in
2211 3256 2337 3320 quo
2380 3257 2579 3302 evan-

643 3315 888 3400 gelium
933 3325 1121 3383 sonat
1163 3326 1230 3382 et
1272 3327 1824 3386 sacramentorum
1859 3342 2062 3404 purus
2096 3343 2252 3387 usus
2286 3328 2403 3399 est,
2448 3342 2578 3387 non

642 3401 1053 3468 obstantibus
1139 3406 1681 3471 sacramentariae
1766 3406 2095 3473 doctrinae
2182 3414 2249 3473 et
2323 3428 2583 3472 morum

640 3488 886 3565 naevis,
947 3487 1036 3553 sit
1090 3509 1243 3571 pars
1297 3489 1607 3557 ecclesiae
1663 3491 1914 3558 Christi
1969 3513 2091 3559 nec
2144 3514 2245 3558 ne.
2325 3492 2582 3558 Deinde

646 3593 807 3637 num
850 3574 993 3639 viro
1034 3574 1143 3657 pio
1187 3573 1293 3640 hic
1336 3574 1601 3661 degenti
1652 3584 1720 3641 et
1760 3577 1936 3643 aliud
1973 3578 2407 3644 ministerium
2452 3600 2582 3643 non

647 3657 929 3737 habenti,
976 3678 1052 3723 ac
1093 3658 1293 3724 fidem
1344 3682 1531 3726 suam
1572 3670 1794 3745 aperte
1835 3684 2037 3746 quum
2079 3664 2419 3729 christiani
2461 3664 2581 3730 ho-

645 3744 847 3808 minis
887 3745 1172 3811 officium
1203 3746 1493 3829 postulat
1531 3749 1864 3830 profitenti
1897 3749 2419 3833 corruptelaeque
2459 3751 2583 3815 im-

647 3829 970 3912 probanti,
1026 3830 1217 3897 liceat
1266 3831 1528 3901 illorum
1570 3834 2012 3901 ministrorum
2056 3855 2255 3918 opera
2308 3837 2380 3900 18
2423 3836 2581 3918 bap-

646 3915 841 3980 tismo
898 3916 1017 3993 uti,
1074 3918 1187 3999 qui
1239 3919 1556 4001 templum
1611 3920 1797 3985 nobis
1849 3919 2060 3986 claudi
2114 3933 2180 3985 et
2220 3920 2583 3987 ministerio

646 3999 944 4066 interdici
1006 4013 1335 4068 curarunt.
1426 4003 1607 4070 Satis
1664 4005 1818 4089 quid
1875 4006 1983 4072 hic
2026 4006 2274 4071 homini
2317 4008 2423 4089 pio
2481 4028 2583 4072 se-

649 4086 976 4168 quendum
1029 4088 1116 4152 sit
1169 4087 1405 4154 docent
1452 4088 1861 4157 doctissimae
1902 4090 2354 4158 Institutiones
2397 4100 2581 4158 tuae:

648 4171 759 4236 sed
798 4170 990 4238 debet
1008 4172 1133 4240 hoc
1155 4176 1361 4257 repeti
1395 4183 1462 4240 et
1494 4185 1719 4242 nostro
1753 4178 2055 4242 instituto
2090 4177 2581 4244 accommodari.

648 4255 857 4339 Spero
899 4258 1076 4323 enim
1120 4261 1469 4325 autoritate
1503 4270 1722 4328 vestra
1752 4262 1825 4327 in
1859 4261 2034 4327 viam
2069 4263 2394 4329 redituros
2436 4263 2583 4329 illos

646 4342 759 4423 qui
792 4343 861 4406 in
885 4341 1269 4410 damnandis
1293 4345 1594 4427 ecclesiis,
1630 4354 1745 4412 aut
1777 4354 2042 4430 propter
2062 4368 2306 4414 naevos
2329 4349 2581 4432 aliquos

648 4433 764 4491 aut
783 4430 1149 4510 personalia
1163 4431 1341 4510 vitia,
1365 4433 1560 4497 nimis
1581 4440 1738 4497 sunt
1757 4433 1976 4498 faciles
1998 4440 2067 4499 et
2087 4434 2404 4500 audaculi.
2431 4433 2584 4501 Scio

647 4520 715 4575 te
770 4514 1173 4596 gravissimis
1231 4518 1509 4602 nogotiis
1566 4519 1700 4582 iam
1753 4539 1949 4601 supra
1991 4520 2169 4585 vires
2221 4519 2576 4604 implicari:

646 4605 868 4663 tamen
903 4619 986 4664 ne
1020 4603 1227 4666 nostri
1262 4603 1458 4668 etiam
1493 4602 1898 4670 obliviscaris
1938 4605 2178 4669 iterum
2223 4611 2416 4688 atque
2458 4606 2580 4671 ite-

647 4702 793 4745 rum
836 4682 1145 4750 obtestor.
1212 4686 1454 4754 Valeas
1496 4689 1882 4770 felicissime,
1924 4691 2017 4754 mi
2050 4701 2238 4774 pater
2279 4702 2347 4756 et
2386 4711 2578 4775 prae-

645 4774 866 4866 ceptor
903 4767 1502 4852 observandissime,
1550 4796 1624 4841 ac
1659 4774 2059 4841 Dathaenum
2093 4781 2280 4841 tuum
2314 4783 2390 4842 ut
2432 4796 2578 4844 coe-

644 4858 804 4936 pisti
859 4873 1078 4921 amare
1133 4878 1385 4941 pergas.
1466 4860 1738 4943 Raptim
1791 4860 2206 4928 Francofurti
2271 4865 2364 4928 18.
2411 4862 2578 4948 Sep-

645 4936 917 5005 tembris
963 4944 1124 5005 1562
1167 4962 1366 5025 quum
1409 4945 1492 5015 ad
1533 4953 1892 5013 mercatum
1934 4948 2276 5014 venissem.

1356 5080 1537 5145 Tuus
1577 5101 1713 5147 nou
1753 5082 1970 5149 minus
2010 5104 2207 5167 quam
2247 5106 2407 5153 suus

1559 5166 1797 5234 Petrus
1829 5169 2237 5237 Dathaenus.

841 5300 906 5369 4)
945 5297 1232 5370 Wauom,
1264 5300 1334 5367 af.
1369 5299 1753 5371 menam.

2297 387 2759 458 EPISTOLA
2803 390 2969 455 3852
4496 394 4609 458 524

2744 577 2917 644 Huic
2962 576 3253 661 epistolae
3292 578 3684 643 subiunctum
3723 581 3814 642 est
3852 578 3922 643 in
3967 576 4182 646 Codice
4229 577 4562 649 Genevmsi

3076 661 3466 729 schediasma
3505 683 3763 745 sequens
3805 664 4242 747 autoyraphon.

2852 834 3142 901 Senatus
3186 834 3741 899 Francofurtanus
3784 836 4147 918 peregrinis
4190 834 4317 901 Bel
4372 837 4465 902 'co
4506 859 4612 903 ex-

2683 920 2890 1007 pulsis
2943 920 3261 1004 templum
3317 931 3384 984 et
3439 919 3874 985 ministerium
3931 921 4122 987 annis
4165 857 4455 1006 881ρῇ188
4506 943 4611 989 sex

2683 1008 3040 1074 clementer
3094 1020 3520 1073 concesserat.
3611 1005 3705 1070 At
3768 1027 3939 1072 anno
3995 1011 4070 1070 61
4128 1028 4361 1073 mense
4412 1009 4613 1091 Aprili

2683 1093 3165 1159 concionatores
3210 1091 3388 1156 urbis
3431 1091 3685 1156 senatui
3726 1091 3994 1158 fuerunt
4034 1093 4382 1175 supplices,
4426 1095 4613 1175 petie-

2682 1188 2963 1262 runtque
3006 1186 3123 1243 aut
3157 1189 3232 1242 ut
3265 1177 3591 1260 peregrini
3634 1186 3899 1243 senatus
3939 1178 4293 1244 autoritate
4329 1178 4415 1243 ad
4458 1180 4613 1245 eius-

2682 1264 2832 1330 dem
2888 1283 3037 1329 cum
3092 1263 3253 1347 ipsis
3309 1261 3641 1328 doctrinae
3697 1264 4179 1345 professionem,
4235 1265 4614 1346 praesertim

2683 1351 2756 1414 in
2778 1350 3053 1415 articulo
3093 1368 3349 1425 coenae,
3395 1355 3463 1414 et
3505 1348 3783 1413 eundem
3828 1350 4391 1415 caeremoniarum
4435 1371 4613 1415 usum

2684 1436 3123 1518 adigerentur,
3181 1444 3295 1500 aut
3350 1442 3426 1500 ut
3477 1434 3793 1517 templum
3845 1434 4003 1517 ipsis
4046 1435 4283 1517 alioqui
4330 1435 4613 1501 occlude-

2683 1530 2881 1587 retur.
2901 1523 2958 1596 ⁵)
3050 1519 3336 1586 Senatus
3401 1518 3689 1585 decrevit
3749 1527 3827 1585 ut
3905 1521 4221 1604 tantisper
4300 1521 4613 1602 templum

2685 1605 3026 1672 claudatur
3047 1627 3121 1672 ac
3155 1605 3514 1670 ministerio
3538 1606 3900 1689 peregrinis
3939 1605 4390 1683 interdicatur,
4428 1608 4615 1672 donec

2683 1692 2841 1775 ipsis
2885 1713 3037 1759 cum
3079 1690 3641 1758 concionatoribus
3683 1692 3865 1757 urbis
3917 1693 3987 1756 in
4030 1693 4332 1758 doctrina
4376 1702 4443 1757 et
4485 1693 4615 1757 riti-

2685 1776 2805 1844 bus
2848 1779 3209 1844 conveniat.
3281 1776 3511 1842 Postea
3552 1798 3710 1842 vero
3753 1779 4126 1860 frequenter
4167 1778 4615 1861 supplicarunt

2682 1864 3014 1947 peregrini
3058 1884 3178 1944 pro
3221 1862 3567 1928 ministerii
3624 1863 3726 1929 sui
3768 1863 4196 1942 restitutione,
4259 1885 4387 1930 nec
4432 1863 4614 1929 desti·

2682 1957 2909 2014 terunt
2948 1949 3249 2015 undecim
3293 1969 3548 2013 menses
3591 1949 3882 2032 integros
3926 1949 4294 2027 sollicitare,
4356 1949 4472 2015 sed
4513 1950 4615 2015 ob·

2683 2035 3009 2102 stantibus
3081 2035 3639 2102 concionatoribus
3716 2035 3882 2098 nihil
3957 2036 4420 2116 impetrarunt.
4514 2035 4613 2099 [n-

2682 2122 2877 2185 terim
2921 2119 3251 2186 mensibus
3308 2121 3488 2186 hisce
3542 2119 3847 2185 undecim
3899 2120 4227 2203 pendente
4278 2142 4483 2187 causa
4522 2142 4613 2186 co·

2682 2226 2824 2271 ram
2869 2213 3103 2272 senatu
3145 2207 3284 2271 nati
3338 2214 3495 2272 suut
3538 2207 3898 2289 peregrinis
3951 2207 4235 2272 infantes
4279 2215 4349 2271 et
4393 2207 4613 2271 confir-

2682 2291 2920 2357 manda
2995 2292 3264 2358 fuerunt
3326 2291 3580 2374 publico
3656 2293 3790 2357 ritu
3856 2299 4013 2359 vota
4083 2291 4610 2357 matrimonialia:

2683 2398 2883 2461 quare
2947 2378 3291 2461 peregrini,
3357 2376 3536 2442 aliud
3591 2378 4027 2443 ministerium
4087 2400 4221 2443 non
4285 2377 4610 2453 habentes,

2684 2463 2979 2529 exhibita
3020 2466 3205 2546 prius
3247 2464 3503 2529 senatui
3544 2463 4228 2546 concionatoribusque
4271 2463 4431 2529 fidei
4472 2484 4612 2528 8888

2686 2550 3087 2615 confessione
3131 2557 3355 2632 aperta
3398 2547 3482 2614 ad
3524 2548 3709 2614 cuius
3760 2549 4285 2614 retractationem
4335 2558 4454 2614 aut
4494 2549 4611 2613 dis-

2684 2635 3161 2701 simulationem
3227 2656 3308 2701 ne
3373 2636 3502 2699 iam
3567 2633 3826 2717 quidem
3891 2634 4244 2719 adiguntur
4260 2685 4275 2712 ‚
4343 2635 4611 2700 infantes

2683 2742 2835 2787 suos
2893 2720 3246 2786 Germanis
3310 2719 3676 2804 pastoribus
3742 2719 4162 2803 baptizandos
4227 2719 4609 2795 detulerunt,

2684 2806 2856 2888 apud
2898 2826 3059 2889 quos
3101 2806 3297 2871 etiam
3340 2817 3491 2872 vota
3532 2806 4037 2872 matrimonialia
4079 2806 4340 2890 publice
4390 2807 4609 2872 confir-

2682 2893 2849 2957 mari
2894 2899 3227 2958 curarunt.
3291 2892 3486 2968 Hinc,
3531 2892 3650 2956 lite
3684 2891 3898 2958 adhuc
3931 2912 4151 2958 coram
4188 2901 4432 2958 senatu
4463 2912 4607 2976 pen-

2684 2977 2897 3056 dente,
2941 2976 3287 3059 disceptari
3328 2985 3627 3060 coeptum
3671 2984 3786 3058 est,
3832 2977 4163 3044 nonnullis
4195 2977 4309 3061 qui
4345 2977 4607 3044 Germa-

2682 3084 2920 3128 norum
2974 3064 3297 3146 baptismo
3349 3066 3450 3129 usi
3506 3085 3638 3128 non
3701 3065 3962 3129 fuerant
4021 3063 4169 3129 illos
4224 3065 4341 3146 qui
4394 3083 4473 3129 eo
4522 3061 4608 3127 811

2683 3149 3046 3215 debuerant
3102 3147 3556 3216 accusantibus
3571 3199 3586 3227 ,
3649 3155 3956 3232 tanquam
4013 3152 4067 3215 si
4125 3169 4268 3214 rem
4324 3149 4608 3216 illicitam

2684 3233 3149 3320 designassent.
3234 3234 3348 3299 Illi
3403 3242 3628 3300 contra
3682 3255 3754 3300 se
3814 3243 4185 3319 purgarunt
4247 3256 4375 3320 pro
4427 3233 4604 3310 virili,

2682 3319 3115 3405 dixeruntque
3154 3320 3227 3386 in
3261 3320 3384 3386 hoc
3424 3322 3594 3386 facto
3637 3340 3755 3385 suo
3788 3319 4043 3386 nullum
4078 3341 4221 3386 esse
4253 3328 4603 3404 peccatum,

2679 3407 3068 3490 praesertim
3124 3428 3329 3490 quum
3392 3406 3565 3471 edita
3628 3407 3810 3489 prius
3873 3406 4025 3472 fidei
4088 3406 4493 3473 confessione
4538 3424 4603 3469 88

2680 3493 3195 3575 corruptelarum
3244 3491 3712 3576 improbatione
3754 3492 4150 3575 baptismum
4192 3512 4362 3575 pure
4402 3493 4475 3557 in
4513 3510 4603 3555 ec-

2681 3578 2878 3649 818818
2933 3579 3182 3644 Christi
3245 3599 3434 3661 perce
3516 3580 3667 3643 rint.
3753 3580 3848 3643 At
3901 3598 4252 3661 progressu
4304 3575 4602 3660 temporis

2680 3663 2761 3729 lis
2818 3664 3000 3729 litem
3058 3663 3327 3748 peperit.
3482 3684 3637 3729 uare
3701 3662 3967 3729 tandem
4019 3664 4363 3746 utriusque
4414 3660 4600 3747 partis

2681 3770 2953 3816 assensu
3016 3749 3444 3816 constitutum
3506 3756 3610 3814 est
3671 3759 3745 3814 ut
3809 3771 4002 3833 super
4064 3750 4168 3816 his
4231 3749 4601 3815 audirentur

2683 3834 3018 3900 doctorum
3061 3836 3355 3900 virorum
3397 3833 3650 3913 iudicia,
3696 3835 4040 3900 nimirum:

2851 3921 2904 3985 1.
2948 3921 3124 3986 Num
3167 3920 3436 3987 ecclesia
3469 3920 4005 4001 Francofurtana,
4049 3920 4233 3986 cuius
4275 3919 4597 3987 conciona-

2682 4012 2855 4072 tores
2913 4006 3274 4091 peregrinis
3333 4007 3643 4089 templum
3704 4004 3953 4073 occludi
3997 4014 4066 4071 et
4105 4004 4466 4071 ministerio
4506 4001 4597 4069 sui

2680 4092 3009 4158 idiomatis
3059 4092 3358 4158 interdici
3411 4099 3739 4171 curarunt,
3798 4092 4037 4175 quique
4090 4112 4323 4174 puram
4381 4107 4596 4157 coenae

2682 4177 3045 4244 doctrinam
3075 4176 3449 4257 traducunt,
3495 4199 3571 4243 ac
3602 4185 3892 4260 receptos
3926 4198 4178 4243 errores
4213 4185 4497 4253 tuentur,
4536 4174 4593 4237 in

2682 4283 2808 4346 qua
2850 4262 3127 4347 denique
3169 4264 3378 4329 maior
3420 4271 3684 4329 senatus
3725 4283 3878 4347 pars
3919 4262 4330 4347 iniquitatem
4374 4259 4597 4328 concio-

2681 4356 2987 4415 natorum
3027 4350 3260 4432 probat
3302 4356 3371 4415 et
3412 4348 3619 4415 vincit
3661 4349 4013 4429 meliorem,
4058 4349 4145 4415 sit
4185 4367 4316 4413 non
4363 4347 4594 4413 obstan·

2680 4433 2855 4500 tibus
2932 4435 3111 4500 hisce
3180 4433 3514 4502 doctrinae
3578 4455 3964 4518 morumque
4041 4434 4268 4499 naevis
4344 4430 4594 4500 ecclesia

2679 4520 2928 4586 Christi
2970 4541 3091 4586 nec
3133 4521 3263 4587 ne?

2847 4605 2938 4672 H.
3003 4606 3181 4671 Num
3234 4606 3360 4690 piis
3419 4605 3551 4671 illis
3606 4605 3818 4671 adhuc
3881 4605 3972 4669 ibi
4036 4603 4478 4671 habitantibus
4529 4618 4592 4665 ac

2678 4691 2857 4757 aliud
2914 4691 3350 4758 ministerium
3401 4712 3533 4757 non
3585 4691 3992 4769 habentibus,
4048 4690 4396 4757 veritatem
4448 4696 4588 4753 tem-

2878 4962 2939 5030 5)
2968 4962 3096 5018 Hoc
3123 4963 3332 5029 factum
3364 4968 3443 5018 est
3474 4963 3527 5017 d.
3562 4962 3648 5016 22.
3668 4963 3908 5033 Aprilis.-
3943 4962 4293 5017 Beschlossen
4326 4961 4450 5017 dass
4479 4973 4583 5012 mnu

2674 5035 2781 5087 den
2826 5033 3093 5086 welschen
3129 5032 3487 5086 Predicanten
3532 5038 3856 5103 vutersagen
3889 5032 3992 5086 soll
4034 5032 4151 5088 sich
4182 5030 4449 5086 furtel-hin
4479 5028 4584 5081 deu

2674 5100 3013 5156 Predicirens
3055 5100 3322 5169 gentzlich
3369 5119 3436 5154 zu
3469 5100 3746 5155 enthalten
3783 5103 3891 5156 bisz
3926 5116 3987 5155 so
4031 5101 4159 5170 lang
4191 5101 4267 5154 sie
4300 5099 4415 5153 81811
4444 5107 4585 5151 zuvot

2676 5172 2777 5225 mit
2817 5170 2924 5223 den
2966 5169 3104 5222 hiesi
3140 5186 3208 5223 en
3244 5170 3604 5224 Predicauteu
3648 5170 3841 5225 allerdi
3991 5168 4259 5237 gentzlich
4306 5165 4583 5238 verglichen

2677 5236 2786 5292 vnd
2821 5238 3090 5308 vereinigt
3159 5240 3313 5293 aben.
3380 5238 3536 5307 (Rs.
3571 5236 3690 5294 Bel.
3724 5186 3941 5294 How
3971 5238 4025 5293 Ι.
4061 5237 4202 5293 ΒειἸ.
4231 5252 4288 5308 p.
4322 5235 4404 5291 59.
4471 5232 4582 5288 ffl-

2677 5306 2819 5362 sem‘i
2852 5305 2984 5362 KG.
3022 5323 3071 5362 v.
3108 5306 3166 5365 d.
3199 5306 3324 5375 Bef-
3358 5308 3422 5362 in
3459 5307 3559 5363 Fr.
3586 5322 3651 5376 p.
3687 5307 3790 5363 142
3818 5305 3975 5379 Md.)
