4850 6117
617 399 753 463 439

617 604 755 670 que
806 581 1201 668 praesidium
1259 580 1340 647 ad
1385 580 1810 648 declinandas
1863 580 2271 646 inimicorum
2315 579 2576 662 petitio·

627 692 745 737 nes
797 669 998 735 fuisse
1050 667 1516 735 recordabitur.
1620 668 1782 751 Ego¹
1811 667 2032 750 itaque
2089 666 2200 749 qui
2243 665 2450 750 Regis
2511 671 2578 730 et

621 755 960 840 religionis
1012 775 1268 836 semper
1325 753 1939 820 observantissimus
1993 751 2106 831 fui,
2164 757 2233 817 et
2289 750 2371 816 ab
2426 750 2574 832 ista,

619 861 818 925 qnam
860 841 1078 907 nescio
1121 839 1235 923 qui
1282 838 1686 904 meditantur
1719 837 2153 914 introducere,
2197 857 2415 902 rerum
2456 837 2574 902 ho-

621 927 1011 1010 minumque
1087 925 1466 991 confusione
1541 923 2006 1009 propemodum
2085 922 2357 1002 alienus,
2423 942 2574 987 cum

625 1012 911 1097 aliquam
954 1011 1267 1078 adversus
1313 1010 1460 1077 illos
1494 1009 1978 1076 contentionem
2022 1008 2188 1073 mihi
2232 1028 2317 1073 ex
2360 1008 2573 1074 officio

623 1095 1099 1182 suscipiendam
1134 1097 1553 1182 putavissem,
1590 1101 1656 1161 et
1689 1095 2034 1161 historiam
2069 1092 2573 1160 nefandissimae

619 1191 769 1267 post
811 1183 1034 1250 orbem
1077 1182 1410 1249 conditum
1469 1181 1979 1264 conspirationis,
2047 1188 2405 1264 cunctaque
2448 1180 2574 1244 im-

620 1270 728 1352 pie
772 1277 839 1336 et
882 1266 1229 1334 crudeliter
1318 1268 1512 1335 assim
1549 1275 1684 1333 toto
1726 1267 2004 1350 imperio
2041 1265 2299 1333 Gallico
2344 1286 2571 1349 perpe·

620 1361 796 1421 trata
851 1354 1189 1438 sigillatim
1259 1290 1623 1420 describere
1680 1351 1927 1437 aliquot
1984 1352 2382 1417 orationibus
2438 1359 2569 1417 sta·

622 1441 916 1518 tuissem,
975 1440 1143 1506 hanc
1202 1439 1645 1523 prolusionem
1699 1446 1766 1504 et
1809 1437 2012 1504 veluti
2051 1439 2261 1504 iustae
2305 1436 2571 1504 dimica-

620 1527 818 1593 tionis
874 1526 1278 1609 prooemium
1335 1524 1708 1591 existimavi
1773 1525 2117 1608 praecipue
2176 1524 2256 1589 iis
2319 1521 2571 1589 civibus

622 1632 765 1679 esse
810 1611 1116 1691 debitum,
1161 1611 1289 1694 qui,
1332 1611 1504 1676 sicut
1545 1611 1675 1676 iam
1711 1608 1869 1690 dixi,
1912 1609 1977 1675 in
2006 1610 2210 1694 Regis
2297 1617 2572 1692 erpetua

622 1698 1052 1775 observantia,
1088 1707 1153 1762 et
1174 1695 1538 1780 Religionis
1574 1697 1783 1761 veteri
1818 1694 2163 1779 disciplina
2195 1696 2241 1760 fi
2289 1695 2571 1761 elissime

619 1783 1150 1868 permansissent.

619 1954 754 2040 [fol.
802 1951 871 2041 3]
939 1952 1309 2037 Religionis
1354 1962 1422 2018 et
1455 1953 1663 2038 Regis
1707 1950 2024 2018 adversus
2067 1953 2377 2019 exitiosas
2413 1952 2567 2020 Cal-

939 2039 1099 2119 vini,
1145 2038 1378 2118 Bezae,
1421 2047 1489 2105 et
1523 2037 1863 2105 Ottomani
1909 2041 2393 2104 coniuratorum
2438 2040 2567 2105 fac-

939 2125 1155 2191 tiones
1212 2123 1503 2191 defensio
1561 2124 1794 2209 prima,
1839 2125 1949 2190 Ad
1991 2123 2314 2191 Senatum
2360 2146 2567 2210 popu-

1362 2210 1629 2295 lumque
1670 2210 2127 2278 Parisiensem.

783 2347 1281 2430 Rempublicam
1343 2347 1687 2425 Gallicam,
1760 2367 1925 2430 qnae
1981 2348 2169 2414 bellis
2235 2348 2567 2414 diuturnis

612 2435 918 2499 defuncta
980 2433 1052 2497 in
1120 2453 1376 2498 summa
1432 2435 1607 2516 pacis
1663 2442 1859 2516 atque
1915 2436 2028 2498 otii
2087 2432 2565 2516 tranquillitate

611 2521 746 2585 iam
800 2527 972 2584 totos
1001 2529 1162 2585 ,tres
1220 2539 1428 2585 annos
1447 2522 1501 2600 ¹)
1547 2522 2025 2601 conquieverat,
2073 2519 2268 2586 hodie
2312 2519 2565 2585 domes-

612 2607 760 2671 ticis
811 2603 1237 2671 seditionibus
1299 2605 1739 2687 intestinoque
1801 2605 2093 2687 periculo
2156 2605 2562 2671 laborantem

611 2691 908 2775 plerique
963 2691 1331 2755 intuemur:
1387 2688 1504 2757 sed
1547 2697 1769 2756 tamen
1809 2691 1940 2756 nisi
1983 2690 2178 2757 altius
2221 2713 2327 2757 res
2369 2693 2562 2774 ipsas,

611 2787 679 2844 et
720 2776 970 2843 scelera
1008 2776 1425 2843 consiliorum
1468 2778 1856 2860 cogitatione
1898 2797 2297 2853 revocamus,
2342 2786 2566 2842 tantae

609 2863 1120 2948 perturbationis
1195 2882 1462 2927 causam
1520 2863 1713 2946 pauci
1770 2863 2036 2927 omnino
2101 2861 2565 2929 animadverti-

610 2971 778 3015 mus.
868 2947 975 3012 Ita
1028 2950 1106 3012 fit
1148 2959 1239 3027 ut,
1295 2949 1353 3013 si
1410 2949 1556 3032 quis
1613 2955 1731 3012 aut
1784 2960 2049 3031 propter
2091 2948 2311 3014 iudicii
2354 2948 2563 3014 imbe-

611 3034 968 3112 cillitatem,
1025 3044 1144 3099 aut
1198 3034 1536 3103 literarum
1591 3043 1784 3116 atque
1842 3035 2254 3118 antiquitatis
2296 3035 2563 3118 imperi-

612 3122 792 3196 tiam,
836 3117 918 3184 de
960 3130 1326 3202 temporum
1365 3141 1440 3186 ac
1479 3141 1701 3185 rerum
1744 3127 1944 3198 statu,
1990 3142 2073 3185 ex
2109 3122 2380 3196 eventis,
2426 3140 2564 3184 non

613 3227 699 3271 ex
741 3205 1038 3283 veritate,
1097 3205 1260 3270 velit
1312 3205 1674 3281 aestimare,
1730 3206 1788 3270 is
1840 3207 2114 3271 fortasse
2170 3209 2561 3283 coniuratos,

609 3291 847 3376 quibus
889 3292 1108 3357 omnia
1166 3293 1326 3357 satis
1365 3291 1677 3358 foeliciter
1724 3292 2039 3358 hactenus
2083 3299 2560 3376 processerunt,

611 3377 898 3444 multum
953 3376 1336 3460 providisse,
1402 3379 1620 3458 bonos,
1686 3398 1969 3462 quorum
2011 3385 2283 3445 conatus
2348 3378 2566 3461 frangi

613 3484 690 3530 ac
751 3461 1078 3529 debilitari
1132 3461 1497 3544 videantur,
1553 3464 1726 3529 nihil
1780 3465 2076 3543 sensisse,
2138 3471 2251 3529 aut
2308 3465 2363 3529 si
2408 3461 2566 3548 quid

611 3550 780 3617 bene
822 3549 1166 3629 senserint,
1201 3569 1334 3614 non
1379 3550 1688 3629 effecisse,
1755 3547 2084 3615 interdum
2128 3558 2395 3635 cogatur
2431 3570 2569 3615 sus-

610 3635 834 3722 picari.
923 3634 1069 3718 Ego
1114 3643 1286 3700 certe
1341 3647 1415 3700 ut
1468 3634 1616 3701 illos
1667 3634 1879 3701 fatear
1923 3635 2135 3701 studio
2179 3635 2566 3719 assequendi

614 3745 690 3789 ac
733 3720 1067 3786 obtinendi
1113 3719 1281 3803 quod
1327 3721 1778 3798 moliebantur,
1824 3721 2195 3806 vigilantes,
2241 3720 2565 3798 ardentes,

613 3818 1163 3893 praeparatosque
1184 3807 1403 3885 fuisse,
1430 3808 1615 3873 nobis
1650 3816 1871 3872 autem
1917 3828 2111 3891 saepe
2132 3807 2567 3885 concordiam,

615 3912 1085 3976 nonnunquam
1148 3894 1461 3969 animum,
1532 3914 1790 3976 semper
1853 3892 2192 3960 audaciam
2253 3894 2565 3958 defuisse:

616 3992 837 4044 tamen
883 3998 1015 4042 non
1059 3987 1400 4062 propterea
1449 3979 1599 4045 ullis
1640 3981 2000 4046 rationibus
2043 3978 2274 4046 adduci
2321 3992 2565 4062 potero,

616 4076 696 4131 ut
727 4065 1011 4148 Regiam
1046 4084 1309 4129 causam
1345 4066 1830 4130 coniuratorum
1872 4066 2264 4132 factionibus
2299 4074 2416 4130 aut
2451 4067 2569 4129 im-

616 4150 1014 4217 becilliorem
1056 4150 1270 4215 adhuc
1322 4151 1541 4226 fuisse,
1586 4163 1703 4216 aut
1743 4153 1813 4215 in
1858 4166 2188 4234 posterum
2233 4170 2564 4216 cessuram

575 4278 582 4283 ψ
617 4257 777 4313 esse,
823 4246 938 4300 aut
981 4234 1332 4318 aliquando
1367 4238 1539 4302 vinci
1585 4257 1773 4320 posse
1818 4237 2185 4304 concedam.
2261 4235 2569 4301 Vidimus

617 4325 787 4388 enim
836 4331 899 4386 et
935 4321 1061 4404 ipsi
1104 4321 1264 4387 alias
1308 4322 1737 4404 petulantiam
1783 4343 1933 4389 eum
1976 4323 2240 4404 pudore,
2284 4323 2569 4403 turpitu-

622 4409 839 4472 dinem
896 4428 1047 4473 cum
1103 4407 1458 4486 honestate,
1518 4407 1998 4473 fraudationem
2052 4428 2203 4473 eum
2251 4407 2399 4484 fide,
2446 4408 2570 4471 ini-

619 4496 933 4575 quitatem
978 4513 1125 4557 cum
1148 4494 1415 4570 iustitia,
1461 4493 1982 4576 desperationem
2029 4513 2176 4558 cum
2220 4495 2391 4560 bona
2435 4513 2569 4576 spe,

623 4580 973 4645 amentiam
1019 4597 1166 4642 cum
1212 4579 1535 4661 sapientia
1580 4586 1845 4657 certare,
1889 4579 2218 4662 improbos
2261 4598 2412 4644 cum
2457 4579 2572 4645 bo-

621 4667 747 4742 nis,
791 4674 1061 4747 egentes
1117 4684 1265 4728 cum
1310 4664 1835 4748 locupletioribus
1880 4666 2248 4749 confligere,
2290 4664 2572 4747 denique

625 4750 1052 4833 magistratus
1096 4767 1137 4811 a
1182 4752 1500 4815 concitata
1558 4751 1958 4834 plebeiorum
2002 4772 2222 4829 manu,
2268 4751 2490 4837 Reges
2535 4771 2574 4815 a

623 4834 983 4918 transfugis
1072 4844 1138 4898 et
1209 4836 1646 4917 proditoribus
1726 4838 2103 4921 frequenter
2173 4838 2570 4923 oppugnari:

624 4941 950 5005 nusquam
1006 4927 1224 4986 tamen
1285 4923 1646 5007 expugnari
1695 4922 1997 5004 vidimus,
2042 4923 2340 5009 legimus,
2387 4921 2573 4988 audi-

627 5247 813 5302 8505.
838 5245 894 5311 1)
941 5244 1071 5299 inde
1116 5261 1152 5298 a
1195 5259 1332 5314 paco
1375 5259 1443 5297 w.
1501 5243 1664 5301 Febr.
1709 5244 1844 5301 1559
1906 5248 1968 5300 in
2014 5244 2574 5304 catena-Cambrom'o

622 5318 859 5371 sancita.
895 5313 990 5384 (de
1033 5312 1188 5369 Thou
1221 5314 1290 5369 11.
1322 5311 1462 5377 660.)

2293 388 2755 458 EPISTULA
2798 391 2963 455 3805

4488 392 4596 456 440

2681 578 2909 644 vimus.
3009 576 3109 643 Ex
3166 598 3293 662 quo
3347 577 3637 643 maxima
3693 597 3840 660 spes
3885 576 4267 660 iampridem
4322 577 4480 642 mihi
4517 581 4597 645 af·

2678 662 2876 743 fulsit,
2944 664 3137 730 istam
3206 663 3696 730 coniuratorum
3764 663 4108 741 sentinam,
4174 664 4426 730 tametsi
4486 664 4600 729 alte

2676 748 3178 816 fundamentum
3219 756 3288 815 et
3327 748 3577 816 radices
3613 749 3836 833 egerit,
3884 747 3986 813 dei
4023 747 4174 833 Opt.
4212 749 4390 814 Max.
4434 761 4599 830 nutu,

2677 843 2745 900 et
2784 836 3159 901 firmissimo
3203 835 3379 921 regis
3422 834 3986 913 Christianissimi,
4032 835 4329 920 Reginae
4373 837 4599 916 matris,

2675 929 2743 986 et
2793 922 2969 1006 regis
3011 921 3347 987 Navarrae
3400 920 3725 1004 praesidio
3778 920 3883 987 vel
3937 921 4204 1005 penitus
4246 941 4603 1006 oppressam

2676 1027 2751 1073 ac
2806 1015 3168 1091 protratam
3220 1006 3322 1087 iri,
3390 1006 3488 1073 vel
3548 1013 3723 1072 certe
3780 1007 3853 1071 in
3897 1028 4091 1072 suum
4136 1007 4412 1092 asylum,
4438 1010 4463 1048 ²
4530 1028 4603 1074 ex

2674 1114 2801 1176 quo
2847 1101 3163 1178 tanquam
3206 1113 3291 1158 ex
3333 1093 3672 1159 teterrimo
3714 1112 3911 1177 specu
3940 1091 4202 1176 prodiit,
4246 1112 4368 1176 pro
4494 1094 4604 1159 ‘em

2674 1199 2793 1245 sua
2851 1188 3078 1263 sponte
3135 1178 3513 1245 redituram.
3599 1178 3745 1244 Iam
3804 1178 3977 1243 enim
4037 1198 4155 1244 sua
4208 1186 4434 1262 patere
4474 1200 4605 1246 con-

2673 1264 2823 1331 silia
2877 1266 3187 1344 sentiunt,
3246 1265 3378 1330 iam
3434 1264 3716 1330 nefarios
3763 1284 3917 1330 suos
3971 1272 4241 1330 conatus
4283 1263 4604 1344 illustrari,

2671 1351 2806 1415 iam
2871 1350 3271 1435 deprehendi
3319 1349 3838 1418 coniurationem
3888 1349 4297 1434 intelligunt:
4344 1360 4412 1416 et
4452 1351 4605 1434 quod

2675 1433 2809 1522 [fol.
2853 1442 2923 1517 4]
2970 1436 3271 1503 homines
3323 1436 3559 1520 impios
3602 1436 3814 1521 magis
3857 1444 4080 1512 terret,
4125 1457 4448 1502 summam
4490 1437 4606 1503 Re-

2672 1522 2776 1607 gis
2819 1534 2888 1588 et
2928 1521 3302 1606 principum
3360 1543 3435 1589 ac
3478 1523 3722 1588 civium
3777 1523 4173 1605 optimorum
4214 1520 4607 1588 concordiam

2672 1606 2962 1691 quotidie
3018 1629 3084 1672 m
3178 1609 3230 1674 's
3286 1627 3362 1673 ac
3403 1609 3617 1692 magis
3661 1606 4208 1687 exardescentem,
4261 1616 4331 1673 et
4372 1607 4606 1692 cupidi·

2671 1701 2809 1759 tate
2876 1695 3046 1759 tanti
3154 1693 3367 1760 uroris
3432 1693 3771 1759 coercendi
3837 1694 4311 1759 inflammatam
4377 1694 4606 1760 vident.

2672 1779 2831 1845 Fuit
2885 1787 3159 1862 tempus,
3227 1799 3375 1845 cum
3439 1780 3656 1863 specie
3714 1780 3931 1846 nescio
3984 1800 4116 1862 qua
4156 1779 4511 1864 religionis,
4551 1790 4609 1845 et

2672 1865 3109 1950 simplicitatis
3167 1865 3601 1940 simulatione,
3662 1887 3803 1931 sese
3861 1866 3932 1929 in
3987 1865 4329 1931 hominum
4373 1867 4608 1932 animos

2670 1971 2746 2018 ac
2803 1951 3326 2017 benevolentiam
3382 1952 3478 2015 ita
3534 1948 3766 2017 callide
3807 1953 4240 2031 insinuarent,
4286 1960 4364 2017 ut
4406 1972 4609 2017 errore

2671 2057 2783 2103 eos
2827 2038 3058 2115 teneri,
3104 2056 3238 2102 non
3281 2038 3502 2102 furore
3538 2037 3773 2120 agitari
3816 2044 4228 2121 putaremus:
4272 2044 4352 2102 ut
4395 2058 4607 2102 eorum

2671 2124 2882 2190 vicem
2928 2124 3144 2206 potius
3199 2121 3436 2203 dolere,
3481 2143 3675 2206 quam
3719 2122 4035 2188 factiones
4081 2123 4306 2190 ulcisci
4350 2144 4607 2206 cupere-

2669 2230 2848 2275 mus:
2911 2221 2986 2274 ut
3042 2208 3319 2292 denique
3373 2229 3507 2273 non
3563 2207 3758 2274 modo
3801 2229 3911 2274 eos
3954 2209 4196 2287 vivere,
4242 2208 4359 2274 sed
4405 2207 4607 2274 nobis-

2669 2316 2821 2362 cum
2901 2295 3171 2373 versari,
3239 2293 3353 2360 sed
3419 2302 3674 2360 nostros
3742 2314 4159 2378 corrumpere
4221 2303 4606 2376 pateremur.

2670 2380 2864 2461 Quod
2919 2402 3069 2447 cum
3127 2389 3352 2445 nostra
3406 2381 3676 2463 ignavia
3730 2399 3805 2445 ac
3846 2379 4308 2464 imprudentia,
4357 2394 4495 2446 tum
4536 2383 4609 2446 is-

2670 2476 2885 2532 torum
2953 2465 3210 2532 technis
3277 2477 3345 2531 et
3407 2465 3693 2532 mirabili
3758 2467 4051 2543 artificio,
4116 2465 4289 2550 quod
4354 2466 4478 2532 sibi
4538 2465 4612 2532 ad

2669 2553 2911 2635 vulgus
2970 2549 3425 2634 decipiendum
3479 2553 3774 2635 apposite
3831 2554 4266 2631 confixerunt,
4312 2551 4611 2619 accidisse

2671 2638 2983 2704 debemus
3025 2637 3322 2703 ominari.
3387 2637 3558 2702 Nam
3602 2636 3714 2703 nbi
3752 2638 4037 2722 primum
4083 2636 4405 2704 Calvinus
4439 2659 4610 2705 suam

2667 2724 2851 2791 illam
2895 2724 3338 2806 impudentiae
3382 2744 3457 2790 ac
3512 2724 3863 2806 impietatis
3907 2723 4193 2790 scholam
4239 2726 4611 2807 operuisset.

2671 2820 2741 2875 et
2797 2810 2879 2877 ad
2938 2808 3230 2875 eiusdem
3288 2809 3549 2876 sceleris
3608 2810 3982 2875 societatem
4039 2811 4410 2886 nonnullos,
4465 2830 4613 2894 quos

2670 2899 2807 2962 fore
2862 2896 3060 2962 utiles
3111 2893 3236 2960 sibi
3290 2916 3367 2961 ac
3422 2894 3689 2961 idoneos
3751 2894 4208 2975 arbitrabatur,
4269 2897 4609 2963 verborum

2668 2982 3018 3060 blanditiis,
3064 2981 3562 3065 magnificisque
3615 2980 4186 3064 pollicitationibus
4230 2980 4614 3064 pellexisset,

2669 3077 2832 3135 tunc
2885 3067 3081 3133 homo
3126 3067 3307 3133 vafer
3349 3076 3418 3132 et
3461 3076 3736 3146 astutus,
3779 3068 3894 3150 qui
3935 3065 4327 3141 nobilitandi
4371 3069 4476 3134 sni
4510 3090 4615 3133 no·

2668 3155 2869 3219 minis
2911 3162 2979 3218 et
3011 3152 3470 3237 propagandae
3512 3153 3812 3218 factionis
3855 3152 4087 3218 ardore
4129 3153 4614 3231 incendebatur,

2667 3238 2935 3322 laqueos
2969 3239 3335 3326 complures
3368 3240 3630 3317 struxit,
3675 3237 3909 3321 quibus
3950 3239 4220 3318 incauti,
4265 3240 4613 3315 semidocti,

2670 3339 2736 3391 et
2797 3324 2922 3391 sibi
3000 3325 3223 3392 minus
3289 3333 3599 3391 caventes
3659 3324 3848 3390 facile
3911 3326 4146 3390 irretiti
4215 3336 4611 3409 caperentur.

2669 3412 3036 3479 Audiverat
3079 3409 3454 3479 Lntherum
3509 3410 3955 3493 superioribus
3989 3412 4183 3475 annis
4227 3413 4299 3475 in
4345 3411 4614 3478 Germa-

2669 3499 2784 3563 nia
2855 3505 3083 3564 contra
3146 3496 3484 3565 Pontificis
3563 3508 3629 3561 et
3690 3496 4163 3579 Episcoporum
4230 3496 4613 3581 depravatos

2671 3603 2884 3648 mores
2915 3584 3237 3649 -acerbius
3294 3581 3784 3660 debacchatum,
3841 3580 4033 3665 idque
4083 3603 4217 3647 non
4261 3583 4461 3648 modo
4503 3584 4613 3647 im-

2668 3690 2863 3753 pune,
2922 3666 3037 3734 sed
3091 3671 3286 3735 etiam
3341 3688 3488 3733 cum
3533 3667 3814 3750 quadam
3856 3666 4083 3750 gloria,
4130 3679 4196 3731 et
4239 3690 4469 3734 eorum
4514 3690 4616 3751 ap-

2669 3755 3063 3838 probatione,
3108 3757 3220 3838 qui
3264 3753 3522 3819 fastidio
3569 3756 3810 3819 veteris
3846 3752 4247 3835 disciplinae,
4292 3775 4372 3821 ac
4417 3776 4616 3820 novae

2670 3841 2886 3907 studio
2941 3842 3355 3907 tenebantur.
3446 3839 3728 3904 Videbat
3793 3839 3990 3904 etiam
4057 3846 4213 3905 tunc
4269 3860 4421 3905 eam
4487 3861 4617 3906 esse

2670 3927 2877 4012 plebis
2919 3947 3162 4011 magna
3202 3948 3285 3992 ex
3321 3934 3508 4010 parte
3549 3934 3822 4008 propter
3863 3923 4272 3991 sacerdotum
4317 3926 4487 3991 vitia
4529 3925 4615 3991 of·

2669 4013 3045 4089 fensionem,
3106 4033 3252 4078 eam
3310 4011 3665 4076 multorum
3723 4013 3792 4075 in
3848 4012 4120 4076 veritate
4164 4012 4614 4096 oppugnanda,

2671 4112 2740 4162 et
2774 4098 3050 4180 Reipub.
3090 4107 3265 4163 statu
3302 4096 3734 4181 pervertendo
3769 4098 3908 4161 fore
3945 4100 4451 4175 contentionem,
4488 4118 4619 4162 eam

2672 4184 2952 4267 denique
3010 4205 3230 4249 rerum
3287 4205 3430 4250 esse
3490 4181 3700 4249 solere
3760 4182 4277 4249 vicissitudinem
4335 4203 4411 4249 ac
4460 4202 4616 4251 com·

2671 4269 3124 4347 mutationem,
3187 4280 3260 4335 ut
3317 4291 3450 4334 non
3496 4269 3755 4335 difficile
3798 4269 4091 4333 futurum
4129 4268 4448 4353 cogitaret
4492 4282 4616 4334 tan·

2672 4356 2819 4420 dem
2880 4357 3131 4436 assequi
3182 4353 3353 4439 quod
3408 4355 3807 4433 instituebat,
3862 4360 3979 4445 aut
4033 4353 4264 4419 saltem
4309 4355 4614 4421 obsistere

2672 4463 2757 4507 ne
2800 4442 2999 4526 Resp.
3037 4442 3420 4506 Christiana
3464 4454 3598 4505 tam
3634 4440 3837 4506 libera
3880 4461 3954 4506 ao
4000 4442 4216 4524 quieta
4250 4461 4411 4522 pace
4454 4441 4615 4506 frue-

2674 4534 2872 4592 retur.
2984 4527 3214 4611 Itaque
3284 4527 3450 4592 urbe
3505 4526 3782 4592 Geneva
3845 4534 4174 4609 occupata,
4241 4545 4613 4610 summaque

2673 4612 3019 4681 sacerdotii
3073 4620 3394 4698 potestate
3448 4631 3488 4675 a
3529 4612 3668 4678 suis
3711 4612 4078 4695 impetrata,
4123 4631 4374 4676 memor
4417 4613 4611 4678 consi-

2673 4700 2907 4765 liorum
2964 4700 3199 4782 quibus
3261 4697 3553 4763 seditiosi
3605 4699 3677 4762 in
3721 4698 4233 4765 Atheniensium
4278 4705 4343 4761 et
4386 4698 4613 4763 Roma·

2674 4806 2907 4851 norum
2943 4786 3236 4868 imperiis
3272 4785 3449 4850 cives
3486 4785 3848 4867 viguerant,
3893 4786 4198 4851 continuo
4234 4782 4610 4853 exclamare.

2671 4872 2981 4955 profiteri,
3042 4871 3441 4943 denunciare
3495 4870 3722 4953 coepit,
3770 4890 3991 4935 veram
4048 4870 4355 4952 pietatem
4405 4870 4611 4934 hacte-

2674 4980 2798 5022 nns
2876 4957 3266 5040 ignoratam,
3335 4954 3461 5021 sibi
3524 4956 3938 5039 patefactam,
4007 4963 4260 5021 nostros
4330 4955 4609 5020 homines

2673 5063 2862 5109 caeco
2907 5063 3128 5107 errore
3172 5041 3584 5126 tenebrisque
3638 5041 3905 5117 involvi,
3952 5060 4022 5105 se
4065 5040 4236 5107 hanc
4280 5039 4609 5124 caliginem

2674 5127 2844 5195 velle
2887 5128 2968 5192 ab
3012 5127 3275 5193 illorum
3319 5127 3522 5196 oculis
3568 5126 3912 5206 discutere,
3959 5147 4028 5191 se
4076 5147 4282 5192 unum
4323 5146 4468 5191 esse
4508 5125 4607 5209 qui

2879 5314 2939 5383 2)
2977 5314 3265 5371 Generum.
