4850 6117
643 379 767 440 647

817 560 1141 642 Madame,
1199 584 1388 647 apres
1440 581 1605 630 vous
1659 562 1843 630 avoir
1894 569 2194 645 presente
2247 581 2387 627 mes
2445 569 2580 628 tres

643 647 951 714 humbles
990 648 1621 715 recommendatione
1665 670 1705 715 a
1748 657 1968 715 vostre
2011 648 2227 714 bonne
2263 666 2475 732 grace,
2518 648 2581 713 ie

649 753 775 816 sup
821 732 1029 816 lieray
1075 733 1135 798 le
1175 734 1344 800 Pers
1386 733 1626 801 celeste
1668 755 1833 801 vous
1874 734 2049 800 tenir
2090 754 2175 798 en
2217 754 2292 799 sa
2333 734 2580 800 sain'cte

647 838 766 968 gar
811 839 866 898 e,
909 838 1076 885 vous
1118 839 1483 903 gouverner
1525 841 1643 904 par
1685 841 1802 887 son
1823 818 2053 903 Esprit
2092 839 2177 884 en
2212 827 2390 884 toute
2420 838 2580 901 pru-

692 922 864 981 ence,
910 924 1073 970 vous
1114 904 1390 972 fortifier
1446 925 1531 971 en
1585 913 1774 972 vertu
1831 913 1897 972 et
1952 912 2314 985 constance,
2367 911 2435 969 et
2475 924 2581 969 ac·

645 988 914 1056 croistre
968 999 1191 1057 vostre
1248 992 1525 1059 Maieste
1578 1012 1662 1058 en
1727 1001 1872 1058 tout
1923 991 2089 1059 bien.
2178 989 2274 1057 Oe
2328 1013 2439 1057 xx.
2501 988 2581 1056 de

633 1074 897 1158 janvier
946 1079 1126 1142 1563.

1512 1590 1707 1660 39⁰5.

1252 1745 1491 1811 BEZA
1536 1742 1969 1812 OALVINO.

815 1914 1262 1987 Recentisssna
1301 1937 1379 1981 ex
1428 1915 1650 1983 Gallia
1682 1923 1738 1983 et
1780 1915 2045 1998 quidem,
2101 1915 2164 1979 si
2195 1914 2406 1980 omnia
2428 1934 2578 1996 per·

628 2000 950 2081 pende-is,
993 2001 1248 2068 minim
1288 2003 1588 2084 infausta.

639 2170 748 2236 (Ex
784 2172 1096 2241 apographo
1131 2171 1261 2227 Ood.
1298 2172 1777 2310 Rhodiffr.4‘gfflt.
1812 2171 1878 2225 11.
1919 2169 2034 2225 179.
2071 2200 2138 2210 —-
2175 2170 2359 2238 Gillet,
2394 2170 2573 2225 Grato.

810 2411 892 2476 In
949 2412 1151 2478 tantis
1203 2412 1534 2492 molestiis,
1594 2419 1868 2495 quantas
1925 2410 2029 2477 his
2081 2411 2289 2477 tribus
2332 2412 2574 2476 mensi-

636 2497 759 2563 bus
803 2499 1248 2576 sustinuimus,
1315 2498 1430 2562 vix
1473 2497 1827 2581 quidquam
1881 2498 2044 2562 mihi
2096 2497 2221 2562 fuit
2273 2496 2395 2562 hoc
2439 2517 2574 2562 uno

635 2584 948 2660 acerbius,
995 2582 1164 2666 quod
1206 2582 1547 2650 itineribus
1587 2584 1961 2670 interclusis
2002 2603 2212 2665 neque
2254 2589 2322 2647 te
2357 2580 2437 2646 de
2470 2602 2572 2647 re-

634 2668 758 2735 bus
822 2670 1067 2734 nostris
1130 2670 1472 2734 certiorem
1537 2670 1747 2735 facere
1809 2691 1929 2736 nec
1991 2667 2071 2734 de
2114 2679 2179 2734 te
2221 2666 2572 2751 quidquam

633 2754 859 2820 audire
902 2754 1242 2837 potuerim.
1330 2753 1466 2820 Sed
1527 2754 1866 2821 ferendum
1921 2755 2045 2819 fuit
2100 2753 2271 2837 quod
2314 2763 2572 2819 mutare

631 2840 813 2906 nullo
855 2837 1044 2905 modo
1087 2839 1275 2907 licuit
1317 2861 1392 2906 ac
1436 2862 1517 2906 ne
1560 2862 1736 2907 nunc
1777 2838 2040 2925 quidem
2084 2840 2254 2917 licet,
2307 2847 2374 2902 et
2416 2860 2568 2908 con-

630 2924 761 2992 fido
804 2933 870 2990 te
914 2926 995 2992 de
1037 2947 1184 2991 mea
1237 2933 1382 2991 tum
1437 2926 1773 2992 voluntate
1829 2936 1971 2991 tum
2017 2925 2355 3012 diligentia
2399 2923 2568 2988 nihil

632 3010 949 3077 dubitare.
1017 3010 1272 3094 Quinas
1314 3021 1534 3077 tamen
1570 3010 1654 3077 ad
1696 3020 1764 3077 te
1806 3011 1955 3078 dedi
1998 3033 2081 3077 ex
2124 3033 2250 3095 quo
2291 3010 2396 3076 die
2431 3030 2569 3076 cer-

629 3105 839 3162 tatum
884 3107 983 3162 est
1007 3101 1059 3175 ι)
1102 3105 1169 3162 et
1209 3118 1427 3164 rerum
1472 3098 1766 3164 omnium
1810 3097 2133 3182 duplicem
2172 3104 2569 3163 commenta-

627 3184 800 3248 rium
846 3181 929 3247 ad
970 3191 1039 3248 te
1081 3183 1248 3248 misi.
1336 3181 1470 3250 Sed
1512 3184 1666 3267 quia
1708 3190 1888 3251 certo
1930 3185 2063 3250 scio
2105 3203 2273 3249 unas
2306 3189 2373 3248 et
2406 3181 2568 3248 alte-

626 3289 738 3334 ras
779 3269 980 3335 fuisse
1022 3268 1434 3351 interceptas,
1497 3290 1726 3335 vereor
1767 3278 1841 3335 ut
1875 3269 2047 3335 idem
2091 3268 2358 3352 reliquis
2402 3268 2570 3335 acci-

631 3354 816 3421 derit.
904 3355 1089 3420 Dum
1152 3375 1451 3437 comparo
1519 3376 1682 3438 quae
1724 3364 1868 3421 tum
1932 3376 1972 3420 a
2032 3356 2219 3422 nobis
2282 3363 2425 3419 tum
2488 3352 2570 3418 ab

627 3441 775 3507 aliis
819 3438 1104 3524 undique
1146 3438 1232 3504 ad
1272 3462 1392 3506 nos
1444 3440 1848 3522 adferuntur,
1907 3441 2134 3507 videor
2176 3457 2391 3506 coram
2435 3440 2570 3504 iam

629 3539 915 3606 cernere,
981 3524 1152 3609 quod
1172 3528 1227 3605 2)
1260 3526 1395 3591 iam
1435 3525 1590 3593 inde
1649 3528 1729 3593 ab
1788 3527 1974 3592 initio
2029 3525 2195 3592 mihi
2251 3526 2567 3609 persuasi,

626 3611 849 3678 Deum
898 3610 1192 3678 videlicet
1234 3612 1644 3679 constituisse
1711 3632 1831 3678 sua
1872 3632 2073 3679 manu
2113 3611 2370 3677 hostem
2414 3630 2570 3676 con-

627 3698 836 3765 ficere.
928 3697 1103 3763 Nam
1165 3706 1240 3762 ut
1303 3718 1382 3763 ea
1442 3698 1959 3781 praetermittam
2026 3717 2190 3781 quae
2244 3696 2570 3780 proelium

627 3791 1121 3849 anteverterunt
1193 3804 1483 3867 quaeque
1546 3784 1617 3850 in
1682 3783 1828 3866 ipsa
1893 3804 2116 3869 pugna
2177 3781 2570 3848 mirabiliter

629 3869 1020 3948 acciderunt,
1066 3868 1210 3952 quis
1251 3876 1544 3952 putasset
1583 3871 1878 3935 futurum
1919 3876 1997 3936 ut
2038 3890 2171 3935 non
2205 3867 2397 3934 modo
2435 3888 2569 3933 non

626 3956 1043 4040 frangeretur
1099 3954 1516 4022 voluntarius
1571 3956 1695 4021 iste
1750 3955 2092 4038 equitatus,
2112 3955 2168 4038 ⁸)
2211 3953 2326 4021 sed
2368 3955 2567 4019 etiam

627 4039 1167 4108 confirmaretur?
1255 4041 1354 4106 Et·
1408 4049 1485 4107 ut
1527 4042 1738 4107 nostri
1801 4040 1903 4106 illi
1944 4042 2266 4121 Atlantes,
2331 4040 2569 4123 quibus

626 4126 987 4194 secundum
1064 4126 1392 4192 hominem
1470 4126 1761 4206 nitimur,
1841 4129 2138 4210 quamvis
2204 4125 2441 4191 millies
2502 4134 2570 4191 et

626 4335 898 4401 30001)
931 4333 983 4386 ἅ.
1033 4332 1115 4385 19.
1159 4331 1293 4388 Deo.
1339 4332 1544 4401 proelio
1590 4331 1916 4387 Druidensi.
2005 4331 2100 4385 Em
2161 4331 2273 4386 iuis
2323 4335 2573 4387 servatae

624 4410 754 4458 sunt
791 4400 1042 4538 17253887
1063 4408 1128 4525 ἕ
1157 4399 1312 4455 3897.

968 4488 1024 4523 01
1118 4511 1130 4524 .

833 4539 895 4606 3)
992 4542 1080 4594 ist.
1137 4537 1257 4595 eccl.
1308 4539 1381 4595 ΙΙ.
1438 4535 1570 4592 250.-
1657 4538 1942 4601 L'Amiral‚
2001 4539 2281 4607 craignant
2369 4553 2437 4591 ue
2488 4537 2569 4592 les

630 4607 848 4662 Beitres
880 4607 914 4660 a
946 4608 1094 4661 faute
1140 4607 1209 4662 de
1253 4615 1542 4678 payement
1586 4624 1654 4661 ne
1700 4608 1889 4661 fisseut
1922 4608 2019 4661 des
2053 4607 2207 4660 retifs
2241 4622 2311 4660 00
2383 4606 2474 4660 100
2510 4621 2569 4658 se

629 4678 820 4731 laissas
849 4684 942 4729 ent
993 4678 1287 4766 pratiquer,
1340 4677 1599 4746 appliqua
1649 4681 1771 4729 tout
1816 4692 1914 4730 son
1952 4675 2334 4730 entendement
2377 4674 2411 4728 a
2452 4676 2570 4728 leur

630 4744 927 4815 persuadet
960 4744 997 4797 d
1014 4751 1127 4798 atte
1164 4745 1262 4799 dre
1297 4745 1525 4815 l’argent
1541 4744 1914 4814 d'Angleterre
1949 4748 2006 4797 et
2024 4759 2343 4814 perseveret
2376 4759 2570 4812 cepen-

632 4815 782 4878 dant,
820 4829 881 4866 ce
916 4812 1045 4881 qu'il
1079 4762 1257 4868 offiint
1290 4814 1444 4868 d'eux
1462 4815 1790 4883 finalement‚
1826 4814 1977 4868 voire
1994 4815 2210 4882 iusques
2231 4811 2265 4866 a
2288 4830 2349 4866 ce
2385 4812 2572 4880 poinct

671 4900 739 4937 ue
774 4897 832 4936 se
866 4881 1002 4935 flans
1044 4883 1402 4937 entierement
1435 4901 1528 4936 sur
1563 4884 1617 4936 la
1669 4881 1887 4952 loyaute
1940 4888 1999 4935 et
2049 4881 2302 4950 integi-ite
2356 4881 2570 4935 notoire

669 4950 977 5042 ’iceluy,’·ils
1021 4950 1185 5030 firent
1226 4968 1471 5006 nouveau
1517 4957 1756 5006 serment
1801 4957 1956 5029 entre
1990 4966 2076 5004 ses
2119 4951 2310 5012 mains,
2356 4948 2572 5030 l'asseu-

629 5018 1794 5153 3324123211222333250333‘..imma
1819 5037 1962 5143 ‘3033
1981 5018 2573 5167 {timrfflssssssissssssi}

631 5161 846 5213 combat
882 5199 893 5209 .
936 5197 948 5210 .
991 5196 1002 5209 .
1043 5195 1055 5208 .
1093 5156 1240 5209 Pour
1280 5164 1562 5212 contenter
1603 5158 1690 5212 les
1779 5159 1863 5212 lus
1896 5158 2232 5211 necessiteux
2267 5157 2309 5210 il
2342 5157 2406 5208 fit
2440 5154 2570 5208 deh-

631 5245 760 5281 vrer
827 5228 1090 5297 quelques
1140 5224 1356 5279 deniers
1398 5242 1458 5277 es
1500 5227 1671 5279 mains
1765 5243 1825 5282 es
1881 5225 2273 5280 commissaires
2316 5225 2572 5279 Alemans

627 5313 771 5366 pour
822 5297 901 5349 les
951 5293 1248 5349 distribuet
1299 5292 1333 5346 a
1382 5310 1516 5348 ceux
1569 5294 1724 5363 qu’ils
1775 5295 2076 5367 iugeroient
2127 5310 2194 5349 en
2241 5293 2396 5348 avoir
2449 5293 2571 5362 plus

2136 371 2660 442 EPISTOLAE
2707 376 3124 441 3904—3907

4500 383 4615 444 648

2684 562 2868 630 mille
2930 560 3179 629 artibus
3244 560 3480 629 tentati
3544 572 3737 646 atque
3801 564 3960 630 adeo
4012 585 4095 631 ne
4137 566 4439 632 terunciu
4481 567 4619 648 qui-

2686 647 2835 714 dem
2890 647 3100 714 tribus
3142 648 3247 714 his
3304 648 3637 716 mensibus
3693 657 3954 733 accepto
4009 657 4229 717 tamen
4272 651 4621 717 fortissime

2682 732 3217 818 perseverarent?
3297 734 3390 800 Et
3427 734 3532 801 his
3575 755 3768 817 quam
3812 734 4023 801 multa
4058 745 4420 803 occurrunt
4462 758 4622 819 quae

2684 818 3008 886 scribam?
3112 817 3247 885 Sed
3310 819 3472 885 haec
3534 821 3696 886 alias
3758 822 3815 888 si
3877 821 4055 887 volet
4111 820 4468 888 Dominus.
4562 817 4621 888 A

2685 902 3142 988 Septentrione
3174 903 3405 970 itidem
3438 906 3794 971 laetissima
3826 907 4043 972 omnia
4078 908 4471 990 accepimus.
4535 907 4623 973 Et

2685 1011 2842 1056 sane
2883 992 2976 1056 ita
3008 1010 3170 1072 opus
3211 998 3369 1055 erat.
3436 992 3542 1058 Ab
3585 991 3837 1057 oriente
3879 1012 4132 1076 quoque
4176 1000 4242 1059 et
4276 993 4623 1076 pecuniam

2685 1085 2754 1141 et
2791 1076 3067 1141 militem
3102 1085 3400 1158 paratum
3444 1075 3775 1156 habemu‘s,
3821 1078 3875 1143 si
3918 1077 4108 1144 modo
4136 1078 4623 1162 Lugdunenses

2687 1181 2821 1227 non
2855 1160 3155 1228 dubitent
3194 1160 3391 1226 fidem
3433 1182 3618 1228 suam
3662 1164 4091 1245 interponere,
4135 1162 4312 1247 quod
4359 1185 4494 1228 non
4530 1164 4621 1229 vi·

2688 1246 2807 1312 deo
2871 1267 2988 1312 cur
3052 1246 3432 1324 detrectent,
3506 1269 3707 1331 quum
3772 1256 3868 1314 tot
3931 1256 4274 1332 tantosque
4341 1247 4625 1314 habeant

2687 1334 3059 1399 coniunctos
3101 1332 3527 1398 fideiussores.
3608 1332 3790 1398 Nihil
3846 1333 3954 1399 hic
4010 1355 4212 1417 aeque
4258 1355 4496 1400 vereor
4532 1345 4621 1399 at-

2685 1439 2811 1500 que
2852 1418 3116 1502 longam
3158 1418 3469 1502 temporis
3522 1438 3789 1499 moram,
3846 1440 4049 1502 quum
4100 1419 4169 1485 id
4235 1428 4400 1485 ante
4446 1441 4620 1485 men-

2685 1525 2823 1569 sem
2865 1504 3225 1569 confectum
3284 1505 3670 1585 oportuerit:
3737 1523 3950 1588 neque
4008 1505 4115 1572 hic
4168 1505 4306 1571 ulla
4363 1513 4470 1571 est
4524 1505 4619 1572 vel

2684 1588 2758 1653 in
2779 1590 2965 1656 nobis
2988 1589 3093 1655 vel
3136 1589 3210 1653 in
3250 1588 3382 1655 illis
3424 1589 3637 1674 culpa,
3682 1589 3796 1656 sed
3840 1589 4197 1657 tabellariis
4238 1592 4618 1673 interceptis

2685 1674 2872 1740 aliter
2913 1675 3059 1741 fieri
3099 1694 3232 1740 non
3272 1675 3497 1756 potuit.
3586 1675 3863 1742 Necesse
3908 1685 4009 1741 est
4051 1687 4269 1742 autem
4328 1684 4409 1742 ut
4443 1687 4617 1742 tanto

2683 1760 2955 1826 celerius
3008 1781 3113 1826 res
3155 1760 3367 1825 omnis
3410 1760 3918 1827 administretur.

2851 1845 3115 1912 Interea
3156 1845 3464 1911 Christus
3506 1845 3577 1911 in
3618 1847 3976 1929 Aquitania
4033 1869 4259 1913 rursus
4322 1848 4612 1931 emergit.

2682 1931 2773 1996 Et
2806 1933 2874 1996 in
2909 1931 3212 1997 Picardia
3253 1931 3777 2002 circumvolitant
3808 1931 4198 2015 templorum
4237 1931 4615 2015 praedones.

2681 2017 2773 2082 Et
2829 2018 2939 2083 ubi
2995 2016 3176 2082 non?
3254 2018 3363 2083 Ita
3426 2017 3569 2082 fieri
3631 2037 3822 2100 spero
3890 2028 3966 2083 ut
4024 2039 4143 2101 per
4205 2018 4615 2085 occasionem

2682 2102 3128 2169 Antichristus
3181 2102 3568 2168 destruatur.
3647 2102 3794 2170 Hoc
3849 2102 4110 2187 quidem
4166 2104 4462 2186 pessime
4504 2124 4615 2169 nos

2679 2186 2877 2254 habet
2920 2187 3092 2272 quod
3136 2187 3432 2254 militaris
3474 2189 3600 2253 ista
3643 2188 3908 2255 licentia
3941 2189 4102 2255 satis
4143 2189 4442 2256 cohiberi
4490 2209 4612 2254 non

2677 2274 2903 2356 possit,
2971 2295 3177 2356 neque
3245 2273 3467 2341 dubito
3524 2275 3682 2356 quin
3737 2275 4062 2341 Dominus
4126 2286 4360 2359 pergat
4428 2275 4612 2339 istam

2678 2359 3134 2443 profanitatem
3177 2380 3403 2426 severe
3446 2359 3685 2425 ulcisci.
3775 2359 4026 2426 Verum
4083 2372 4157 2425 ut
4213 2382 4347 2426 non
4415 2361 4611 2443 possi·

2675 2465 2828 2510 mus
2871 2446 3042 2511 sicut
3084 2445 3399 2515 volumus,
3432 2445 3764 2525 velificari,
3824 2455 4045 2511 tamen
4102 2456 4279 2511 certe
4335 2446 4409 2510 in
4469 2467 4606 2529 por-

2630 2549 2647 2578 ·
2676 2537 2820 2595 tum
2880 2530 3296 2614 appellemus.
3385 2531 3589 2596 Totus
3644 2531 3751 2597 1110
3804 2531 4047 2597 mensis
4091 2531 4283 2597 datus
4320 2539 4427 2596 est
4469 2532 4607 2596 refi-

2677 2615 2922 2681 ciendis
2964 2616 3166 2699 copiis
3208 2627 3273 2680 et
3313 2616 3550 2681 vicinis
3592 2615 3845 2700 oppidis
3898 2616 4374 2701 expugnandis,
4444 2614 4606 2700 quod

2678 2702 2838 2767 satis
2878 2701 3156 2767 feliciter
3198 2701 3508 2768 successit
3546 2702 3619 2766 in
3674 2702 3834 2784 ipsis
3876 2723 4083 2784 paene
4126 2702 4421 2768 hostium
4464 2722 4605 2768 ocu·

2675 2786 2776 2853 lis.
2870 2787 2981 2852 Illi
3036 2787 3410 2853 inferiorem
3463 2787 3737 2854 fluvium
3755 2790 3813 2867 ⁴)
3873 2797 4102 2853 tenent
4144 2787 4226 2852 ad
4283 2786 4605 2872 Alagdum

2676 2884 2742 2937 et
2783 2872 3199 2958 Balgenciaci
3220 2874 3281 2955 ⁵)
3324 2872 3587 2939 rudera:
3633 2893 3754 2939 nos
3799 2894 3955 2939 vero
3999 2873 4410 2957 superiorem
4452 2873 4603 2938 obti-

2675 2979 2926 3025 nemus.
3014 2957 3199 3037 Oras,
3242 2958 3501 3024 favente
3545 2957 3709 3035 Deo,
3768 2958 4075 3025 omnibus
4127 2957 4604 3042 impedimentis

2674 3064 2824 3110 cum
2867 3044 3268 3110 validissimo
3321 3042 3642 3127 praesidio
3708 3043 3815 3110 hic
3880 3044 4126 3110 relictis
4168 3065 4367 3127 quam
4408 3044 4601 3109 maxi-

2672 3130 2799 3196 mis
2841 3131 3188 3197 itineribus
3229 3149 3375 3195 cum
3432 3143 3710 3213 quatuor
3765 3130 4061 3213 equitum
4103 3129 4396 3197 millibus
4440 3138 4605 3195 recta

2671 3216 2741 3281 in
2785 3215 2867 3281 N.
2893 3215 2946 3301 ⁶)
2992 3214 3499 3315 progrediemur.
3569 3214 3648 3280 Si
3680 3214 3916 3314 ‘urbem
3940 3220 3997 3292 ⁷)
4039 3214 4367 3283 obsederit
4411 3214 4602 3281 hostis

2671 3309 3297 3485 31330...ῇῖἾὲ
3314 3309 4601 3485 ·.z.z⁰⁸.p¹;t⁶3.”3‘33.ffi23.323

2670 3472 2954 3539 secundo
2983 3473 3383 3557 pugnabitur
3424 3479 3491 3537 et
3533 3481 3855 3555 optimum
3899 3492 4238 3557 speramus
4279 3481 4599 3539 eventum.

2669 3558 2900 3625 Hostis
2962 3557 3075 3623 ubi
3139 3557 3305 3625 vidit
3367 3565 3624 3624 nostras
3687 3558 3904 3641 copias
3969 3566 4196 3625 contra
4249 3579 4436 3642 spem
4478 3576 4597 3622 non

2668 3665 2858 3729 posse
2901 3643 3056 3711 ullis
3100 3644 3349 3710 artibus
3393 3640 3715 3727 dissipari,
3759 3644 3999 3712 iterum
4036 3644 4378 3727 proposuit
4418 3642 4597 3709 00110-

2668 3731 2892 3814 quium
2935 3728 3016 3795 de
3057 3750 3233 3813 pace.
3307 3729 3627 3812 Princeps
3669 3750 3826 3795 vero
3862 3736 3961 3796 est
4005 3729 4194 3796 fortis
4217 3732 4268 3806 ⁸)
4315 3726 4597 3813 quamvis

2667 3815 2933 3900 indigne
2997 3821 3333 3882 tractetur.
3356 3819 3410 3892 ⁹)
3518 3815 3838 3898 Captivus
3901 3816 4006 3881 leo
4039 3816 4127 3899 ¹⁰)
4206 3815 4280 3879 in
4344 3814 4595 3899 vulpem

2805 4056 2840 4109 d
2886 4055 3032 4109 faute
3085 4052 3198 4121 (Cf.
3245 4053 3587 4122 Popeliniere
3634 4052 3785 4109 1581.
3823 4054 3869 4108 Ι.
3901 4052 3998 4120 fo'l.
4042 4051 4147 4107 350
4179 4054 4262 4118 v.)
4298 4051 4443 4107 lbid.
4475 4046 4596 4104 257.-

2717 4125 2936 4180 ’Amiral
2983 4140 3113 4178 avec
3155 4128 3307 4177 toute
3343 4140 3403 4176 sa
3437 4123 3720 4187 cavalerie,
3764 4122 3969 4177 bormis
4005 4139 4064 4176 ce
4111 4120 4239 4191 qu’il
4282 4122 4444 4174 laissa
4476 4135 4597 4189 pour

2667 4195 2724 4248 la
2757 4193 2977 4247 defense
3029 4194 3097 4246 (10
3132 4193 3186 4245 la
3234 4192 3377 4261 ville,
3412 4192 3585 4261 partit
3618 4190 3897 4246 (ἴθι-10000
3944 4193 4112 4258 (pour
4159 4190 4215 4244 la
4252 4186 4597 4253 Non-mandis)

2670 4264 2722 4318 le
2759 4262 2806 4315 1.
2842 4262 3082 4328 Fevrier,
3118 4259 3352 4314 n’estant
3385 4267 3528 4316 ceste
3562 4267 3758 4329 troupe
3793 4260 4040 4314 moindre
4076 4275 4183 4328 que
4217 4259 4286 4312 de
4320 4257 4458 4312 4000
4488 4257 4595 4310 ehe-

2669 4348 2809 4386 vaux
2856 4330 3160 4384 refraischis
3211 4336 3268 4385 et
3314 4335 3438 4398 trop
3485 4329 3666 4382 mieux
3711 4330 3976 4399 equippes
4024 4344 4129 4397 que
4183 4328 4236 4381 le
4282 4327 4405 4383 iour
4448 4326 4509 4381 de
4546 4324 4593 4376 la

2667 4399 2910 4520 1100011Ιο4Ε
2923 4399 3012 4468 (de
3044 4397 3288 4479 meus).

3081 4482 3229 4522 mm.

2871 4467 2936 4601 53
2971 4467 3301 4605 ffluqeucy
3349 4535 3524 4603 (Hist.
3568 4535 3687 4590 eccl.
3732 4533 3803 4588 11.
3849 4531 3982 4587 250.-
4050 4533 4129 4586 Le
4163 4533 4268 4585 duc
4317 4531 4387 4586 de
4433 4532 4588 4608 Guyup

2669 4605 2820 4659 avoit
2853 4605 3002 4659 desia
3034 4604 3192 4673 passe
3225 4603 3299 4656 du
3341 4603 3489 4658 ooste'
3532 4603 3602 4658 de
3636 4604 3701 4658 B.
3738 4619 3806 4656 en
3840 4602 4187 4671 Soulongne).
4267 4598 4425 4669 Quod
4453 4613 4587 4669 opp·-

2670 4675 2800 4728 dam
2835 4673 3111 4742 Abydum
3144 4671 3296 4727 dicat
3329 4673 3611 4731 memus.

2872 4741 2931 4806 6)
2970 4740 3390 4797 Nor-mandimus.
3466 4739 3792 4810 (yvuys-aeus
3828 4738 3944 4795 Gal.
3985 4738 4143 4795 Febr.
4192 4753 4313 4793 cum
4347 4737 4508 4806 copiis
4536 4747 4586 4787 eo

2663 4811 2942 4880 profectus
2975 4818 3068 4865 est.

2874 4878 2931 4945 7)
2967 4879 3265 4934 Aureliam.

2874 4948 2910 5002 8
2984 4948 3116 5001 Vide
3142 4952 3333 5015 potius
3365 4962 3505 5016 quae
3538 4945 3672 5001 dicit
3710 4944 3969 5000 Gaze-*ome
4005 4944 4071 4998 N.
4107 4942 4260 4998 3900.

2876 5017 2909 5070 9
2972 5015 3136 5070 Mem.
3183 5015 3249 5070 de
3284 5013 3595 5079 Castebtau,
3643 5010 3727 5069 e'd.
3763 5013 3847 5068 Le
3881 5013 4205 5068 Labeon-eur
4232 5027 4293 5080 p.
4330 5011 4461 5065 131.-
4518 5006 4582 5060 Le

2672 5086 2871 5139 Prince
2917 5087 3001 5140 sut
3049 5084 3258 5153 envoye
3305 5084 3341 5138 a
3372 5084 3643 5138 chasteau
3678 5080 3932 5137 d'Onzain
3976 5080 4043 5134 00
4077 5081 4116 5134 11
4160 5081 4417 5150 pratiqua
4446 5077 4505 5130 de
4533 5088 4579 5126 se

2673 5171 2881 5220 samer,
2918 5172 2978 5207 ce
3015 5170 3120 5223 que
3157 5154 3411 5208 toutefois
3445 5154 3487 5205 il
3522 5169 3591 5206 ne
3625 5158 3728 5274 Eut
3761 5150 4030 5232 executor,
4067 5157 4124 5203 et
4156 5166 4193 5231 χ
4225 5166 4294 5203 en
4330 5154 4421 5204 eut
4451 5143 4577 5215 quel·

2674 5239 2807 5292 ques
2840 5239 2941 5276 uns
2977 5222 3186 5290 pendus
3221 5223 3289 5275 de
3324 5239 3461 5275 ceux
3497 5222 3590 5290 qui
3680 5225 3877 5274 isoient
3908 5219 4268 5288 l’entrepnse.

2846 5289 2937 5360 10)
2974 5289 3382 5348 Conmstabilis.
