4850 6117
622 391 746 456 ⁸95
788 452 794 463 ,
2113 380 2635 450 ΕΡΙΒΤΟΙιΔΕ
2680 383 3102 450 3775--3778
4460 390 4564 453 396

792 576 1034 644 Curavi
1094 573 1431 640 historiam
1492 572 1842 640 Guisiacae
1898 571 2302 638 crudelitatis
2326 575 2385 653 ⁸)
2441 592 2561 656 per

620 661 1020 748 exemplaria
1060 659 1267 726 multa
1308 658 1606 738 describi,
1661 665 1738 724 ut
1780 657 1910 725 huc
1969 657 2123 724 illuc
2165 657 2383 724 missis
2421 664 2564 722 tam

620 750 905 815 immane
967 746 1239 825 facinus,
1305 746 1364 811 si
1426 745 1758 810 neminem
1813 743 1896 809 ad
1952 763 2142 827 opem
2204 741 2560 822 ferendam‚

620 834 852 901 saltem
887 832 968 898 ad
1004 852 1227 916 preces
1261 838 1328 896 et
1361 829 1991 897 commiserationem
2014 837 2340 912 provocet.
2394 830 2562 894 Lin-

793 928 860 985 et
913 918 1164 985 calamo
1216 937 1440 1003 pugno
1492 924 1811 1000 quantum
1856 936 2139 998 possum.
2223 912 2360 981 Sed
2402 913 2562 999 quid

619 940 751 1072 fix:
767 1024 1075 1088 assequar
1115 1003 1317 1069 armis
1357 1000 1547 1069 facile
1591 1011 1693 1067 est
1733 1000 2070 1067 coniicere.
2140 999 2340 1067 Nullo
2383 1000 2562 1066 enim

618 1111 893 1157 numero
950 1089 1058 1155 hic
1115 1109 1460 1156 censemur
1511 1088 1622 1171 qui
1664 1108 1800 1153 non
1857 1107 2084 1152 sumus
2126 1107 2212 1152 ex
2265 1085 2564 1171 patribus

620 1176 1019 1260 conscriptis.
1112 1172 1308 1255 Quod
1349 1172 1432 1237 ad
1486 1172 2037 1257 expostulationes
2088 1174 2341 1252 attinet,
2398 1179 2562 1256 puto

620 1262 886 1345 utrique
928 1268 1231 1327 nostrum
1274 1280 1403 1325 non
1438 1259 1662 1325 deesse
1703 1278 1854 1324 suas
1897 1259 2187 1323 rationes
2221 1258 2458 1341 quibus
2491 1279 2563 1324 se

621 1356 901 1414 tueatur.
986 1345 1124 1414 Sed
1177 1346 1558 1411 omittamus
1615 1365 1789 1410 nune
1845 1344 1990 1423 ista,
2045 1353 2402 1411 tractemus
2455 1363 2562 1409 res

619 1433 836 1518 magis
896 1433 1136 1498 arduas
1151 1483 1167 1510 ,
1245 1429 1561 1516 quomodo
1635 1431 1804 1496 iram
1870 1429 2138 1496 Domini
2213 1429 2563 1529 placemus,

485 1590 490 1599 ,
621 1520 868 1604 apertis
932 1515 1227 1585 hostibus
1297 1517 1676 1582 resistamus
1741 1522 1808 1581 et
1869 1515 2141 1581 consilia
2201 1536 2432 1583 eorum
2492 1536 2566 1580 1n

621 1611 919 1672 nostram
974 1604 1323 1688 perniciem
1377 1599 1691 1667 meditata
1746 1601 2194 1668 retundamus.
2265 1600 2344 1667 Si
2399 1602 2566 1666 haec

622 1691 811 1757 nobis
853 1689 1126 1757 feliciter
1167 1686 1533 1766 ceciderint,
1575 1707 1691 1770 per
1734 1687 1941 1752 otium
1980 1687 2398 1754 velitabimur
2438 1687 2563 1754 hoc

620 1796 862 1861 genere
904 1783 1274 1856 σκιομαχίας.
1358 1770 1495 1840 Sed
1538 1794 1621 1837 ne
1665 1782 1810 1837 tum
1852 1771 2114 1856 quidem
2157 1774 2316 1840 satis
2358 1773 2562 1838 animi

622 1863 748 1928 erit
788 1881 1108 1948 pygmaeo
1153 1882 1297 1926 cum
1342 1859 1630 1925 Hectore
1673 1857 1983 1924 certandi.

1405 2147 1790 2159 Μ

1504 2402 1700 2474 377⁰.

1034 2557 1700 2663 BULLINGERUS
1746 2557 2171 2626 GALVINO.

794 2731 1303 2818 Ayu'tderebus
1357 2728 2568 2813 mmanbus,quibusetflelvetiiin

623 2814 2569 2988 wmgawabwaaemtamwzomaimeama

622 3076 735 3145 (Ex
771 3093 839 3129 aa
997 3072 1110 3144 pho
1143 3073 1309 3127 Arch.
1328 3072 1504 3127 Turio.
1540 3072 1686 3126 Plut.
1722 3071 1825 3127 VI.
1860 3070 1977 3127 Vol.
1997 3070 2115 3138 129,
2150 3072 2282 3127 olim
2303 3071 2478 3127 Scrin.
2505 3071 2567 3127 B.

982 3160 1035 3208 p.
1069 3141 1221 3197 rom.
1253 3140 1342 3204 so,
1377 3140 1468 3197 τοι.
1501 3139 1623 3195 426.
1661 3168 1723 3180 —
1759 3140 1969 3197 Sixnler.
2005 3140 2124 3197 Vol.
2159 3139 2305 3209 104.)

795 3313 1174 3381 Clarissimo
1226 3314 1373 3379 viro
1430 3313 1513 3379 D.
1559 3313 1792 3380 Ioanni
1834 3311 2116 3380 Calvino
2159 3312 2571 3379 Genevensis

626 3398 934 3500 ccclesiae
988 3399 1233 3482 pastori
1288 3397 1464 3465 fideli
1521 3398 1785 3465 domino
1841 3398 2219 3465 honorando
2262 3406 2330 3464 et
2380 3398 2571 3464 fratri

627 3505 959 3552 carissimo
1003 3506 1139 3551 suo.
2175 3568 2395 3635 Genffi

798 3741 869 3807 S.
916 3741 999 3807 D.
1074 3740 1218 3805 Iam
1274 3761 1449 3805 nunc
1505 3736 1625 3806 sub
1684 3747 1944 3806 noctem
2007 3745 2156 3807 tuas
2189 3744 2239 3819 ¹)
2303 3741 2570 3825 accipio,

626 3828 887 3895 domine
919 3826 1300 3892 honorande
1343 3832 1413 3891 et
1449 3824 1654 3891 frater
1688 3825 2038 3904 carissime,
2075 3825 2309 3910 quibus
2341 3847 2572 3893 mones

668 3912 784 3981 uid
847 3922 1110 3997 petatur
1174 3932 1218 3976 a
1274 3911 1480 3976 nobis.
1573 3911 1891 3995 Legimus
1963 3912 2282 3979 carissimi
2342 3911 2571 3979 fratris

624 3935 839 4066 zenae
877 3998 1121 4076 literas,
1143 4001 1200 4076 ²)
1242 4006 1310 4063 et
1349 3996 1526 4080 quod
1567 3996 1680 4062 ille
1722 4016 1763 4062 a
1803 4017 1911 4062 me
1944 3999 2112 4080 petit
2150 3998 2417 4064 iamiam
2453 4018 2569 4064 ex-

624 4084 866 4237 fflgi,
930 4085 1039 4150 cui
1093 4091 1161 4149 et
1227 4091 1436 4149 totam
1493 4083 1666 4149 hanc
1721 4080 1894 4148 diem
1960 4082 2265 4168 impendi.
2336 4081 2569 4152 Scribo

765 4174 779 4185 ’
812 4190 977 4247 eam,
1021 4167 1547 4247 Schaffhusium,
1593 4167 1982 4254 Sangallum
2024 4178 2091 4235 et
2132 4169 2216 4235 ad
2258 4169 2569 4237 Rhaetos.

625 4256 889 4334 Hortor,
935 4256 1194 4322 obstent
1237 4276 1320 4321 ne
1361 4253 1753 4322 concedatur
1793 4254 2137 4337 postulatis
2178 4254 2380 4340 regiis
2420 4255 2466 4321 i.
2511 4276 2566 4321 e.

627 4342 970 4408 Guisianis
1026 4340 1233 4405 miles.
1303 4340 1731 4407 Oommunico
1787 4338 1921 4405 illis
1976 4342 2197 4405 omnia
2247 4360 2413 4425 quae
2463 4359 2569 4406 ae-

627 4429 770 4510 cepi
812 4426 1370 4495 communicanda.
1459 4423 1875 4492 Theobaldus
1917 4427 1998 4492 ab
2033 4425 2272 4492 Erlach
2311 4425 2571 4492 Bernas

629 4512 763 4579 huc
804 4533 935 4577 non
978 4514 1176 4578 venit.
1267 4511 1405 4580 Sed
1447 4512 1870 4595 magistratus
1913 4511 2271 4578 Beruensis
2309 4511 2576 4595 scripsit

630 4598 712 4664 ad
770 4598 1242 4681 amplissimum
1300 4605 1602 4664 senatum
1655 4596 1837 4663 urbis
1888 4597 2101 4664 huius.
2184 4596 2571 4664 Communi-

630 4692 785 4748 cant
824 4683 1106 4750 invicem
1162 4683 1448 4762 consilia,
1517 4704 1592 4749 ac
1657 4683 1815 4749 satis
1869 4692 2044 4750 certo
2110 4684 2243 4750 scio
2298 4682 2446 4749 illos
2499 4683 2571 4748 in

629 4768 752 4835 hoc
810 4769 1176 4834 consentire
1239 4777 1315 4834 ut
1385 4769 1743 4852 impediant
1807 4767 2145 4836 Froelichii
2207 4769 2565 4836 consilium.

630 4853 934 4919 Festinat
985 4855 1041 4918 is
1093 4866 1156 4918 et
1200 4854 1380 4937 cupit
1419 4853 1699 4920 militem
1754 4853 2074 4921 adducere
2117 4854 2459 4921 Guisianis
2503 4864 2573 4920 et

721 5011 942 5019 0———.-

836 5092 890 5153 3)
941 5090 1163 5173 Videtur
1198 5091 1265 5144 de
1299 5090 1481 5146 Besae
1511 5093 1772 5149 relatione
1805 5095 1954 5163 loqui
1987 5094 2202 5150 caedem
2251 5094 2568 5152 Vaoaiaoen-

632 5176 742 5216 σου
776 5167 1078 5215 ammte.

631 5228 811 5284 awo.
843 5230 898 5294 1)
934 5227 1257 5311 awa-aaa.

834 5296 892 5364 2)
924 5303 1087 5353 man
1122 5297 1224 5352 hae
1254 5311 1365 5352 non
1399 5302 1630 5353 entant.

2665 572 3040 639 coniuratis.
3124 572 3340 639 Hodie
3382 572 3678 638 decretae
3731 580 3886 640 sunt
3939 573 4432 658 supplicationes
4468 596 4570 660 pu·

2664 658 2873 725 blicae
2914 659 2987 722 in
3042 668 3277 725 senatu
3319 680 3438 743 per
3492 679 3720 726 omnes
3771 660 3842 725 in
3886 660 4047 726 urbe
4088 666 4156 725 et
4197 679 4355 745 agro
4395 660 4571 727 eccle·

2663 744 2812 810 sias.
2889 744 3217 810 Postridie
3274 745 3734 829 gravissimum
3792 767 3911 829 per
3972 766 4233 811 omnem
4293 745 4572 812 ditionem

2663 829 2947 895 edictum
2988 851 3177 915 prom
3334 830 3510 897 bitur
3551 840 3780 898 eontra
3830 830 3978 898 illos
4022 832 4134 915 qui
4176 830 4441 898 nomina
4474 853 4575 898 sua

2661 915 2937 984 militiae
2976 936 3134 982 suae
3168 937 3252 983 vo
3280 917 3500 984 uerint
3533 917 3706 983 dare.
3778 915 4252 985 sollicitatores
4296 917 4576 987 iubentur

2662 1002 2864 1068 vincti
2931 1002 3001 1067 in
3065 1004 3294 1069 urbem
3359 1002 3553 1069 trahi.
3639 1001 3850 1087 Spero
3912 1003 4308 1089 legationem
4351 1010 4581 1069 mature

2664 1086 3053 1154 mittendam
3096 1089 3171 1153 in
3215 1088 3522 1156 Galliam.
3610 1088 3684 1155 Si
3730 1097 4008 1176 pergent
4046 1089 4250 1156 vicini
4295 1089 4582 1157 foederati

2664 1175 2869 1241 nostri
2934 1175 3296 1240 exercitum
3359 1175 3653 1255 mittere,
3716 1195 3950 1243 vereor
4010 1177 4185 1241 inter
4249 1196 4372 1242 nos
4430 1176 4584 1258 ipsos

2664 1256 2911 1325 bellum
2951 1261 3378 1326 exoriturum.
3454 1259 3666 1327 Video
3700 1270 3958 1329 nostros
3998 1282 4140 1328 esse
4184 1260 4492 1327 sollicitos
4528 1269 4585 1325 et

2665 1343 3026 1431 diligentes.
3104 1346 3461 1430 Postquam
3502 1347 3692 1413 finita
3732 1347 3982 1413 fuerint
4021 1347 4289 1415 comitia
4329 1345 4587 1414 Salodu-

2665 1432 2885 1497 rensia
2940 1435 3041 1497 26.
3079 1432 3330 1516 Aprilis
3388 1431 3791 1510 celebranda,
3852 1435 4062 1499 nostri
4120 1431 4589 1516 respondebunt

2663 1517 3106 1584 illustrissimo
3153 1517 3458 1584 Condensi
3500 1520 3795 1604 principi.
3867 1519 3973 1584 Ita
4013 1519 4295 1585 arbitror
4335 1527 4408 1586 et
4444 1518 4591 1585 Ber-

2666 1611 2852 1670 nates
2893 1604 3192 1670 facturos.
3211 1606 3269 1680 ³)
3339 1605 3609 1672 Utinam
3644 1605 3957 1672 festinent
3987 1616 4244 1671 mature
4284 1605 4593 1689 principes

2664 1688 3406 1842 tfflffifibffoedmm.
3336 1691 3775 1862 §.3¹23
3797 1689 4256 1844 ”pfftlfflffia
4304 1690 4592 1861 {m

2666 1860 2840 1927 Nam
2882 1861 3094 1926 multa
3136 1861 3271 1927 iam
3313 1870 3505 1929 nocte
3546 1862 3665 1929 hae
3708 1862 3939 1941 scribo,
3998 1884 4200 1947 quum
4254 1862 4597 1947 praeterita

2667 1954 2860 2013 noete
2901 1953 2969 2012 et
3008 1955 3148 2013 tota
3181 1946 3305 2014 hac
3340 1946 3445 2015 die
3486 1948 3827 2016 scribendo
3870 1950 3995 2016 sim
4038 1947 4375 2034 fatigatus.
4448 1946 4597 2014 Ore-

2668 2053 2817 2098 mus
2860 2033 3219 2099 Dominum
3262 2041 3340 2100 ut
3380 2034 3439 2101 is
3494 2035 3698 2100 nostri
3739 2035 4143 2114 misereatur,
4202 2044 4272 2100 et
4312 2041 4528 2101 servet
4562 2052 4597 2097 a

2667 2118 2860 2185 malo.
2933 2117 3102 2185 Vale
3144 2124 3504 2200 aeternum,
3561 2121 3824 2187 domine
3866 2121 4241 2189 honorande
4286 2128 4354 2185 et
4412 2120 4599 2185 stater

2668 2204 3017 2355 we,
3078 2226 3212 2271 una
3253 2227 3403 2272 cum
3458 2207 3841 2293 symmystis
3882 2207 4201 2273 omnibus.
4276 2208 4381 2270 23.
4418 2205 4599 2289 Apri·

2670 2461 2823 2527 Noli
2863 2462 3162 2529 dubitare
3196 2463 3278 2530 de
3313 2471 3540 2532 nostra
3581 2463 3710 2531 fide
3751 2474 3818 2532 et
3851 2463 3999 2530 dili·

2671 2548 2913 2632 gentia,
2958 2548 3277 2616 Dominus
3336 2548 3449 2617 det
3498 2552 3996 2618 incrementum.

3794 2688 4219 2774 Bullingerus
4263 2694 4441 2756 tuus.

3553 3202 3744 3275 3777.

3120 3357 3686 3425 DA'PHAENUS
3731 3356 4163 3424 OALVINO.

2850 3530 3106 3613 Quaerit
3143 3549 3299 3595 mom
3339 3528 3518 3595 salva
3550 3529 3922 3596 canscientia
3953 3531 4060 3596 eui
4099 3528 4358 3596 trabales
4392 3528 4608 3595 minio-

2669 3618 2813 3768 m
2842 3616 3197 3780 gabaam&
3251 3615 3524 3698 mames
3564 3635 3713 3681 suos
3754 3614 4160 3698 baptizamus
4212 3615 4437 3697 offerre
4466 3634 4610 3697 pos·

2671 4130 2833 4211 audio
2865 4064 2910 4184 i4
2924 4146 3009 4184 em
3037 4129 3161 4210 fieri
3194 4058 3777 4211 inrfibQBiassss
3807 4064 4177 4183 googvmttims
4176 4061 4472 4181 ¹²31deth
4474 4064 4607 4181 ¹533-

2669 4199 4149 4336 fflnfflwfflmfflfflfflmmwwffl
4170 4202 4609 4335 maffi-

2669 4335 3112 4403 meacmaa,
3159 4335 3478 4391 αιῶεηειιει
3591 4305 3632 4349 ’·
3680 4350 3766 4391 us.
3849 4334 4039 4389 msam
4082 4331 4162 4387 Η.
4210 4333 4611 4388 tou-Hamas

2671 4402 3293 4528 υξιαῦατλαεηίιῖὲὲἓ»
3395 4404 3801 4543 ‘gfff'
3885 4402 4416 4485 matoneum
4459 4418 4609 4459 occa·

2668 4542 3029 4610 cofordieneis
3060 4540 3281 4597 audatie.
3359 4541 3483 4597 Hoc
3524 4542 3648 4611 ipso
3691 4546 3926 4610 tempore
3969 4486 4182 4595 «ἔξω
4223 4539 4403 4594 denuo
4435 4541 4607 4610 naui·

2669 4616 2902 4667 stratum
2936 4610 3194 4666 adierunt
3490 4616 3555 4665 ut
3584 4610 3836 4678 temam
3870 4613 3921 4664 et
3964 4608 4141 4665 cumas
4181 4623 4315 4663 saue
4347 4609 4494 4678 ipah
4526 4624 4604 4663 ro·

2669 4682 2999 4735 sumerem.
3072 4678 3502 4734 Interea-§erunt
3532 4693 3743 4749 quoque
3779 4676 4190 4748 Ιιωιᾶρναυδιω,
4227 4676 4529 4732 Palam
4558 4681 4608 4731 a

2669 4748 2903 4817 thecum·
2948 4747 3390 4816 Martum-amm,
3431 4747 3529 4802 ced
3564 4748 3798 4814 frustra.
3895 4746 4028 4802 Dum
4074 4747 4260 4801 misen·
4302 4745 4392 4800 ab·

2667 4815 4606 4898 cormeliiffleianoricntalemaliidnqlimpetmquo·

2668 4883 4604 4965 mplureeinitinerepchelqc’mcoepeneteonbuqigmt-

2958 4954 3185 5010 scombri
3216 4955 3317 5024 qui
3351 4952 3715 5020 stancofoerti
3753 4954 4072 5022 rupen-etim
4103 4957 4264 5033 m
4291 4966 4605 5022 ρηιιαμιι

2664 5024 3083 5094 numantiam
3109 5029 3336 5105 propter
3366 5023 3666 5079 electionem
3684 5022 4069 5078 namn-aiam·
4096 5021 4172 5077 11.
4205 5036 4269 5075 m
4299 5019 4432 5075 urbe
4465 5034 4605 5077 eon·

2668 5093 3002 5148 morantium
3042 5091 3314 5147 auratum
3363 5093 3638 5159 pacarunt
3679 5091 3778 5148 aad
3818 5091 3961 5147 nim
4013 5092 4377 5146 obtinuerant.

2668 5160 2999 5217 Dathaemoe
3029 5159 3102 5214 60
3131 5161 3382 5227 samaias
3412 5160 3874 5217 &Palatinam
3905 5158 4138 5216 deducit
4163 5157 4603 5215 stimma·

2668 5225 4600 5296 dedoriieinstoenkcnthaloedeemoeoeit(terflaarp.24)

2682 5297 2815 5355 Vide
2846 5299 3091 5354 mnino.-
3138 5299 3373 5354 Datheni
3408 5300 3600 5353 kur-tae
3645 5300 3757 5353 und
3803 5296 4137 5367 warhafftige
4170 5297 4436 5364 Eraclung
4471 5294 4599 5348 wel·

2848 3991 2936 4183 3
2965 3992 3032 4046 N.
3064 3989 3205 4046 3⁷74
3235 3996 3347 4045 not.
3384 3989 3433 4044 4.

4433 4746 4607 4801 i

4467 5086 4603 5142 ἓ

4790 2662 4809 2885 μ--ιιι-..ιιιι.--ι
4794 2418 4807 2653 m-.
4770 2080 4804 2317 ..n—Z
