4850 6117
659 365 783 433 327

660 552 796 608 haec
831 551 1033 623 scripta
1066 552 1137 606 sit
1172 555 1232 604 et
1275 551 1476 621 passim
1513 550 1724 606 calvini
1757 568 1920 606 manu
1954 557 2214 607 correcta.
2284 551 2434 617 Quae
2467 549 2609 605 hanc

662 623 923 691 referunt,
970 637 1035 675 ea
1069 622 1122 703 ¹?-
1160 621 1196 674 1.
1242 621 1393 690 typis
1438 622 1669 675 cursivis
1711 621 2067 676 exscribimus
2094 637 2285 702 'eaque
2329 620 2400 674 de
2445 635 2608 674 causa

661 694 881 814 ἕξω...
885 698 1629 828 ffitnss‘ssffffiss.
1647 699 1912 828 ’ἑῖἳῗιὲἓ
1944 687 2607 815 ’ἑῖῗαὲᾚωιζῖζωηῗ

761 843 793 884 e
810 829 964 899 prelo
982 828 1305 896 destinatas,
1332 844 1451 909 mar
1492 828 1564 881 'ni
1589 844 1947 883 reservamus.
1998 828 2296 910 Praeterea
2320 827 2389 880 ad
2412 800 2605 881 manus

752 903 876 951 runt
917 896 1099 952 Codex
1143 896 1421 951 Turretiui
1498 895 1583 964 (Β,
1628 896 1666 950 f.
1713 895 1840 964 130,
1893 897 2185 951 Bet-nensis
2233 895 2318 951 v1.
2357 893 2497 951 1015
2547 900 2607 950 et

983 966 1199 1021 Simleri
1234 965 1300 1021 V.
1336 963 1453 1019 104.
1526 966 1716 1021 Versio
1751 966 1963 1036 anglica
1995 965 2095 1020 IV.
2130 963 2281 1031 262.)

830 1152 1055 1236 Quum
1115 1174 1324 1237 nuper
1364 1153 1687 1220 Blaurero
1743 1161 1963 1220 nostro
2016 1153 2388 1233 scriberem,
2416 1156 2467 1232 ¹)
2519 1152 2602 1219 ad

660 1250 727 1307 te
783 1262 916 1306 non
971 1241 1172 1323 potui,
1229 1241 1384 1324 quia
1437 1246 1787 1323 antequam
1831 1260 1871 1305 a
1911 1240 2076 1307 febri
2130 1237 2446 1305 liberatus
2500 1259 2603 1304 es-

662 1348 815 1406 sem,
838 1329 895 1405 ²)
936 1324 1170 1393 accidit
1224 1345 1483 1390 moeror
1541 1325 1932 1392 domesticus
1976 1325 2055 1392 ob
2097 1326 2421 1410 flagitium
2468 1326 2601 1409 pri-

661 1414 918 1497 vignae,
940 1414 996 1488 ⁸)
1057 1412 1167 1496 qui
1228 1432 1332 1477 me
1395 1414 1465 1477 in
1530 1411 1940 1477 solitudinem
2009 1412 2093 1477 ad
2156 1432 2396 1495 paucos
2462 1410 2601 1477 dies

659 1498 985 1584 compulit.
1075 1496 1297 1580 Quum
1351 1498 1422 1562 in
1482 1501 1723 1565 rustico
1766 1499 2029 1583 tugurio
2072 1519 2303 1575 essem,
2345 1496 2600 1563 oblatae

659 1592 815 1650 sunt
868 1592 1020 1649 tuae
1074 1583 1320 1663 literae,
1342 1588 1397 1663 ⁴)
1438 1583 1676 1668 quibus
1728 1584 2153 1651 consentanei
2205 1590 2361 1650 sunt
2403 1582 2599 1649 multi

658 1672 771 1755 qui
812 1668 1075 1736 aliunde
1117 1670 1398 1735 veniunt
1440 1691 1756 1737 rumores.
1831 1670 1957 1735 Est
1997 1690 2153 1755 ergo
2196 1690 2314 1735 cur
2354 1675 2601 1734 metua-

658 1777 823 1822 mus.
895 1755 1186 1821 Oavendi
1232 1762 1452 1821 autem
1506 1757 1674 1822 ratio
1718 1756 2016 1822 difficilis.
2090 1755 2358 1837 Quanta
2397 1755 2487 1820 sit
2529 1756 2598 1821 in

661 1842 884 1909 Gallia
934 1841 1244 1920 confusio,
1305 1840 1548 1926 partim
1604 1864 1953 1927 cognosces
1997 1863 2078 1908 ex
2124 1843 2338 1908 Bezae
2390 1841 2600 1907 nostri

656 1928 882 2007 literis,
982 1947 1216 1993 uarum
1261 1927 1599 2013 exemplar
1641 1930 1864 1996 curavi
1919 1928 2035 1993 tibi
2081 1926 2599 2007 describendum,

656 2014 899 2098 partim
999 2014 1244 2080 reviter
1297 2015 1635 2098 attingam.
1721 2015 1918 2098 Apud
1965 2016 2189 2098 Aquas
2248 2013 2517 2090 Sestias,
2543 2017 2598 2091 ⁵)

655 2099 770 2165 ubi
811 2098 1001 2167 sedes
1046 2107 1146 2165 est
1187 2101 1596 2182 parlamenti,
1639 2110 1822 2184 mota
1860 2102 2076 2166 fuerat
2125 2100 2359 2166 seditio
2402 2120 2442 2163 a
2483 2119 2599 2184 pa-

653 2186 845 2271 pistis
877 2193 956 2252 ut
988 2184 1295 2252 comitem
1319 2186 1711 2267 emisenum,
1757 2188 1867 2271 qui
1903 2208 2053 2253 cum
2096 2207 2354 2252 summa
2387 2193 2599 2269 potes-

654 2279 791 2337 tate
853 2270 1010 2339 illuc
1074 2272 1330 2356 legatus
1393 2271 1622 2349 fuerat,
1686 2274 1835 2339 ausi
1892 2274 2127 2355 fuerint
2181 2272 2518 2338 excludere.
2547 2276 2600 2350 ⁶)

652 2356 808 2442 Ipse
852 2365 1071 2423 autem
1138 2358 1376 2424 coactis
1433 2358 1679 2442 aliquot
1735 2359 1995 2425 vexillis
2054 2367 2277 2442 portas
2342 2357 2600 2442 aperire

651 2444 1750 2614 ἓζὲἑῖζέἓθῗέὦὲΐὲἐξῖῗὲῗι
1780 2443 2343 2596 ztmfflpffl
2383 2443 2598 2595 .ἷὲἔὲ

655 2620 838 2679 tenet
872 2614 1030 2681 satis
1062 2616 1400 2682 munitam.
1480 2614 1615 2683 Sed
1650 2636 1760 2681 eos
1795 2637 2015 2683 rerum
2050 2616 2340 2681 omnium
2375 2615 2597 2700 inopia

653 2699 841 2767 brevi
907 2700 988 2766 ad
1047 2699 1442 2768 deditionem
1507 2701 1881 2787 compellet:
1948 2721 2102 2767 nam
2156 2702 2453 2768 haetenus
2505 2701 2597 2768 la-

654 2787 1085 2854 trunculorum
1124 2808 1295 2854 more
1339 2789 1619 2873 yraesati
1668 2793 1832 2854 sant.
1855 2790 1912 2866 7)
1983 2786 2185 2854 Curia
2227 2789 2371 2872 ipsa
2414 2795 2595 2853 metu

653 2875 882 2938 territa
902 2876 963 2953 8)
1007 2894 1241 2959 graves
1293 2875 1652 2941 sententias
1708 2875 2102 2958 pronunciat
2152 2881 2380 2940 contra
2421 2872 2594 2939 sedi-

654 2959 871 3040 tiosos,
916 2980 1122 3043 quum
1163 2970 1388 3025 tamen
1429 2959 1654 3026 eodem
1689 2960 1964 3028 crimine
1990 2964 2045 3035 ⁹)
2082 2960 2273 3025 multi
2307 2981 2392 3025 ex
2424 2958 2593 3025 iudi-

656 3044 839 3110 cibus
882 3044 1017 3109 sint
1056 3044 1377 3129 impliciti.
1448 3043 1583 3112 Sed
1625 3045 1759 3112 illis
1801 3047 2095 3132 parcitur
2138 3045 2339 3113 donec
2378 3053 2596 3111 motus

655 3127 1071 3196 deferbuerit.
1157 3129 1455 3197 Massilia
1497 3141 1564 3197 et
1606 3132 1771 3198 aliae
1812 3134 2010 3199 urbes
2052 3152 2217 3217 quae
2262 3130 2343 3197 ad
2389 3132 2597 3198 defec-

650 3215 897 3281 tionem
931 3217 1315 3300 spectabant
1346 3218 1439 3283 im
1485 3218 1668 3284 ositis
1701 3218 2042 3303 praesidiis
2080 3217 2383 3285 subactae
2418 3226 2592 3283 sunt.

651 3299 857 3367 Ouria
921 3301 1244 3368 Tolosana
1273 3304 1362 3388 ¹⁰)
1465 3304 1719 3370 'beuter
1781 3305 2005 3370 omnia
2074 3305 2593 3387 permiscuisset:

651 3409 888 3454 verum
913 3388 1293 3455 decuriones
1315 3390 1513 3468 urbis,
1549 3412 1710 3475 quos
1729 3397 1970 3458 vocant
2004 3391 2248 3456 civium
2271 3391 2488 3474 capita
2509 3396 2529 3434 ¹
2544 3395 2595 3472 ¹)

650 3474 960 3624 ffiniam
1001 3495 1207 3557 penes
1250 3496 1359 3540 eos
1400 3474 1735 3542 ordinaria
1781 3487 1884 3543 est
1935 3475 2317 3553 iurisdictio,
2374 3475 2598 3542 valida

807 3580 972 3643 aque
1014 3581 1212 3625 manu
1273 3561 1542 3627 collecta
1595 3561 1967 3646 superbiam
2023 3571 2090 3628 et
2142 3561 2597 3629 crudelitatem

650 3850 831 3906 8787.
860 3851 917 3915 1)
951 3866 1063 3906 aon
1095 3856 1290 3907 exstat.

855 3919 912 3985 2)
946 3919 1073 3976 vide
1171 3919 1518 3977 accedentem.

792 4060 803 4071 ·
857 3989 916 4054 3)
951 3989 991 4043 1
1078 3989 1091 4003 '
1210 4031 1226 4058 ,
1265 3989 1483 4059 pridem
1526 3997 1732 4057 nuptae
1772 3990 1879 4058 (N.
1915 3988 2069 4046 1905.
2118 3989 2298 4056 1928).
2370 3990 2601 4048 Caetera

653 4074 935 4114 memus.

859 4127 919 4266 ἓ)
951 4124 1403 4252 ffioe3ssestoven'
1405 4209 1478 4251 ce.
1533 4193 1624 4250 De
1648 4193 1928 4251 Flaeeaas
1958 4195 2292 4264 quomam
2548 4198 2560 4211 '
2586 4238 2600 4263 ‚

650 4268 1013 4335 protestantes
1063 4266 1194 4320 arbe
1243 4265 1451 4334 expulit
1501 4271 1556 4321 et
1602 4263 2003 4332 parlamentum
2054 4263 2311 4320 edietum-
2371 4267 2605 4321 anscarii

655 4334 1480 4458 messmam
1416 4332 1643 4458 Hm
1672 4340 1751 4457 5:2²
1772 4333 2128 4458 m
2030 4331 2259 4418 Μ’
2302 4349 2425 4459 τε
2461 4337 2606 4460 ee.

658 4474 868 4540 pontu
896 4473 1295 4539 parlamentum
1327 4473 1392 4526 in
1424 4472 1669 4527 ordinem
1702 4471 1926 4543 redwit,
1960 4480 2009 4527 et
2129 4473 2143 4486 '
2178 4473 2230 4526 ie
2250 4471 2401 4529 Noa.
2423 4472 2601 4528 Mart.

663 4540 856 4607 copias
904 4539 1198 4595 catholicas
1248 4539 1540 4597 massanis·
1567 4539 1739 4622 judit
1781 4540 1822 4609 f
1866 4541 2122 4666 pciffnoe.
2163 4540 2363 4623 ,(Ηιά.
2396 4542 2519 4600 ecel.
2553 4540 2599 4597 1.

663 4605 902 4689 894fle
947 4606 1238 4688 ThouJII.
1277 4607 1408 4663 234.
1483 4609 1742 4677 Menas-d,
1850 4616 1938 4666 nst.
2025 4626 2054 4666 e
2096 4608 2281 4692 Manes
2315 4612 2415 4665 IV.
2452 4609 2600 4678 312.)

669 4675 944 4746 Oppidum
980 4681 1245 4731 munuum
1288 4676 1356 4732 de
1387 4693 1495 4748 quo
1536 4682 1716 4735 textu
1750 4678 1991 4749 loquitur
2026 4678 2253 4747 Bar-yolo
2266 4749 2273 4754 .
2281 4680 2413 4751 fuit,
2458 4680 2607 4752 quoa

879 4749 1422 4936 mfiteegttmipeuq
1450 4821 1598 4872 orat.-
1633 4833 1741 4871 non
1776 4816 2151 4873 admitterent.
2370 4886 2381 4899 ·

662 4952 724 5008 of
752 4970 786 5006 a
819 4896 1213 5008 &euboeae-duis!
1238 4896 1501 4950 maranae.
1571 4883 1944 4941 Lau-unculos
1977 4883 2192 4955 Auiolae
2238 4889 2428 4942 vertute
2479 4903 2604 4942 men

867 5018 1237 5152 ἓζιιίιωιᾱοαήαω
1266 5017 1668 5136 verbaaBesa
1700 5020 2018 5079 cancellata.
2067 5022 2156 5078 Ab
2183 5022 2605 5092 Anyloomisea.

664 5229 783 5283 ”d-
818 5157 907 5281 Ῐ10
960 5155 1178 5293 N3nnul
1274 5154 1503 5210 Tolosae
1554 5155 1719 5212 Besa.
1787 5157 1883 5224 (de
1928 5158 2080 5214 Thou
2127 5159 2221 5213 111.
2268 5158 2387 5216 289.
2459 5161 2606 5216 Εἰσί.

836 5294 928 5364 11)
959 5294 1244 5365 mm.

2142 360 2667 431 EPIS'POLAE
2711 361 3132 428 3737-3739

4494 366 4594 432 328

2704 549 2921 616 curiae
2955 548 3040 634 ¹²)
3095 550 3190 614 ita
3247 558 3784 635 compescuerunt
3836 556 3912 614 ut
3954 569 4133 616 nunc
4188 551 4258 615 in
4313 551 4598 622 suburbiis

2702 636 2892 704 liberi
2956 636 3093 702 sint
3145 636 3404 720 piorum
3470 642 3833 703 conventus
3888 634 3971 701 ad
4025 634 4242 703 decem
4300 636 4601 706 homiuum

2701 722 2939 787 millia:
2999 721 3350 806 qaindecim
3391 722 3637 805 quidem
3677 722 3887 790 millia
3925 722 4236 808 eoanyelio
4274 742 4480 790 mea
4513 725 4600 792 de-

2702 807 2938 874 deo-unt.
3044 807 3126 873 In
3192 808 3525 874 Arvernia
3587 808 4007 892 pertinaciter
4081 808 4242 874 furit
4315 807 4599 877 nobilitas.

2704 892 2900 978 Apud
2944 894 3337 972 Anum-ione,
3391 894 3517 961 hoc
3569 903 3685 973 est,
3739 896 3811 960 in
3854 893 4205 960 Britannia
4245 894 4468 980 gallica
4507 917 4601 962 no-

2700 978 2864 1046 biles
2920 980 3054 1046 fere
3106 1000 3237 1045 uno
3292 1000 3614 1046 consensu
3655 979 3938 1065 amplexi
3989 988 4147 1046 sunt
4203 981 4601 1067 evangelium,

2702 1065 2896 1131 sicuti
2951 1067 3018 1130 in
3075 1064 3400 1145 Picardia,
3457 1065 3571 1131 sed
3630 1066 3867 1152 vulgus
3929 1064 4165 1133 adduci
4221 1069 4457 1152 nequit.
4535 1066 4605 1134 In

2706 1150 3062 1233 Campania
3116 1156 3172 1217 et
3224 1151 3455 1218 ditione
3507 1151 3820 1219 Senonum
3872 1152 4255 1219 mediocriter
4295 1158 4437 1219 sant
4485 1155 4605 1220 aui-

2699 1239 2874 1303 mati.
2968 1236 3455 1323 Buryundiones
3485 1237 3641 1322 plus
3672 1239 3904 1306 audere
3940 1239 4268 1323 incipiunt.
4365 1238 4605 1306 Paretur

2698 1324 2868 1408 reyis
2909 1323 3114 1406 edicto,
3172 1322 3280 1389 sed
3321 1324 3717 1390 adversarios
3753 1324 3962 1409 mayis
3999 1326 4132 1390 urit
4182 1324 4293 1392 hoc
4334 1331 4606 1407 spectam-

2697 1409 3671 1493 lmn‚damordineprocedant
3722 1415 3933 1477 tantae
3983 1412 4606 1494 copiaequamsiin

2698 1495 2949 1563 obscuro
2987 1495 3167 1561 urbis
3210 1496 3335 1562 loco
3378 1496 3559 1562 Deus
3600 1496 4004 1563 invocaretur.
4027 1500 4113 1572 ¹⁸)

2870 1581 3051 1647 Nihil
3108 1587 3261 1649 certe
3292 1584 3375 1665 ¹⁴)
3420 1603 3682 1649 cursum
3727 1584 3913 1668 regni
3958 1581 4205 1649 Christi
4247 1584 4453 1668 magis
4491 1603 4607 1649 mo·

2698 1675 2883 1732 ratur
2917 1689 3112 1751 quam
3147 1667 3598 1734 ministrorum
3635 1670 3926 1753 penuria.
3998 1668 4242 1734 Narrat
4283 1669 4518 1752 quidem
4540 1673 4607 1746 ¹⁵)

2698 1753 2874 1818 Besa
2937 1761 3013 1820 ut
3081 1753 3381 1820 Iulianus
3414 1756 3497 1828 ¹⁶)
3575 1754 3996 1839 pessumdare
4070 1756 4141 1820 in
4208 1754 4359 1819 aula
4419 1757 4609 1820 omnis

2697 1848 2983 1906 conetur.
3088 1839 3211 1906 Sed
3273 1840 3581 1924 quidquid
3618 1841 3776 1907 mati
3839 1841 4059 1921 com‘lat
4118 1841 4190 1906 in
4252 1842 4391 1907 eius
4448 1847 4610 1923 eaput

2697 1926 2937 1991 recidet.
2962 1927 3046 2006 ¹⁷)
3150 1926 3523 1992 Postremae
3594 1931 3799 1992 autem
3830 1928 3917 2006 ¹⁸)
3981 1947 4161 1993 meas
4194 1929 4281 2008 ¹⁹)
4346 1927 4607 1993 nondum

2697 2016 2839 2076 tunc
2881 2019 3234 2097 acceperat.
3307 2013 3457 2077 Iam
3480 2014 3570 2082 ²⁰)
3612 2013 3722 2079 ubi
3758 2012 4018 2097 Regina
4055 2012 4293 2078 viderit
4336 2021 4611 2097 paratum

2698 2118 2841 2163 esse
2885 2098 3226 2176 auxilium,
3279 2097 3447 2164 forte
3505 2099 3716 2163 acrius
3759 2097 4164 2166 excitabitur.
4250 2099 4398 2184 Ego
4440 2099 4611 2164 etiam

2697 2183 2945 2268 urgebo
2959 2235 2975 2264 ‚
3034 2185 3201 2251 sicut
3251 2183 3570 2251 hactenus
3625 2185 3763 2263 feci,
3820 2205 3903 2250 ne
3942 2193 4197 2251 tantam
4240 2185 4610 2252 occasionem

2697 2271 2962 2336 effluere
3021 2269 3231 2335 nostri
3288 2271 3537 2347 sinant,
3597 2269 3709 2354 qui
3765 2290 3909 2336 sero
3964 2270 4160 2337 rebus
4200 2271 4507 2337 extremis
4551 2290 4610 2335 se

2698 2363 3118 2439 opponerent.
3141 2358 3232 2431 ²¹)
3301 2355 3666 2422 Consilium
3700 2357 3872 2440 quod
3919 2378 3959 2421 a
4001 2378 4106 2422 me
4149 2357 4315 2441 petit
4351 2358 4517 2423 Beza
4531 2360 4607 2430 ²²)

2694 2443 2825 2507 iam
2882 2444 3207 2519 miseram,
3274 2442 3462 2508 cuius
3524 2441 3797 2508 latinum
3864 2443 4201 2527 exemplar
4258 2443 4376 2510 tibi
4432 2443 4610 2521 mitto,

2696 2547 3072 2611 quanquam
3131 2526 3336 2593 malui
3389 2527 3792 2594 adverbum
3856 2549 4074 2595 crasso
4135 2528 4310 2615 stylo
4370 2528 4611 2594 reddere

2698 2612 3000 2698 gallicam
3044 2634 3257 2679 meam
3309 2615 3798 2697 responsionem
3842 2635 4036 2698 quam
4088 2614 4278 2680 latini
4322 2614 4611 2680 sermonis

2699 2699 2894 2764 nitori
2917 2697 3195 2765 studere.
3271 2700 3576 2765 Brevitas
3598 2701 3793 2765 etiam
3817 2700 3980 2766 mihi
4023 2721 4222 2767 curae
4264 2701 4411 2781 fuit,
4445 2698 4611 2766 modo

2696 2786 2915 2851 omnia
2958 2784 3436 2869 complecterer.
3526 2785 3602 2851 Si
3646 2786 3828 2851 visus
3868 2788 4052 2853 fuero
4094 2786 4244 2873 plus
4286 2784 4612 2854 concedere

2698 2869 3011 2938 adversae
3074 2872 3244 2956 parti
3310 2890 3506 2955 quam
3572 2891 3848 2956 aequum
3912 2873 4015 2952 sit,
4079 2873 4457 2941 memineris
4503 2891 4613 2937 nou

2696 2958 2868 3023 votis
2909 2958 3020 3023 hic
3055 2956 3400 3042 agendum.
3478 2956 4046 3025 Accommodanda
4086 2960 4292 3044 igitur
4331 2959 4457 3024 fuit
4486 2974 4612 3042 pro-

2696 3043 2960 3109 testatio
3003 3042 3086 3109 ad
3128 3042 3426 3128 Reginae
3468 3064 3753 3110 sensum.
3831 3045 3982 3110 Duo
4027 3054 4250 3111 tamen
4294 3043 4457 3110 mihi
4496 3041 4616 3107 fue-

2695 3141 2858 3194 runt
2897 3129 3234 3213 proposita
3273 3133 3344 3195 ut
3384 3128 3791 3196 conditiones
3826 3142 4103 3210 nostras,
4148 3129 4258 3197 aba·
4298 3128 4616 3197 arriserint

2696 3215 2904 3300 Regis
2962 3214 3253 3296 consilio,
3306 3214 3561 3298 fortiter
3614 3214 3939 3299 repudient
3992 3217 4303 3301 papistae,
4325 3217 4418 3295 ²⁸)
4469 3211 4615 3301 quod

2696 3309 2952 3367 certum
2988 3307 3089 3367 est
3120 3300 3422 3368 facturos.
3475 3300 3736 3368 Deinde
3768 3301 3827 3368 si
3860 3301 3943 3368 ad
3964 3301 4383 3370 subeundum
4413 3301 4614 3386 iugum

2697 3388 3009 3471 pertracti
3063 3387 3329 3467 fuerint,
3386 3408 3472 3453 ne
3526 3387 3685 3472 quid
3736 3387 3907 3453 obsit
3960 3388 4152 3455 nobis
4193 3387 4616 3474 qualecunque

2697 3473 3063 3540 concilium.
3149 3472 3400 3540 Utilius
3442 3474 3618 3539 enim
3662 3493 3805 3541 esse
3848 3473 4007 3541 duxi
4049 3495 4172 3541 nos
4226 3473 4365 3541 illic
4417 3472 4616 3541 sedere

2697 3558 2908 3626 veluti
2959 3558 3259 3626 tribunos
3311 3557 3522 3643 plebis
3564 3580 3763 3643 quam
3816 3561 4227 3627 senatoribus
4281 3561 4616 3645 permixtos

2697 3642 2999 3728 pluribus
3054 3645 3397 3711 sententiis
3460 3645 3665 3713 obrui.
3767 3644 3945 3728 Quid
4005 3667 4046 3713 a
4106 3646 4293 3714 vobis
4358 3643 4617 3731 postulet

2698 3731 2878 3797 Beza
2916 3737 3138 3797 noster
3177 3730 3451 3810 videbis,
3510 3738 3580 3797 et
3637 3732 3791 3815 quid
3833 3732 4142 3817 expediat
4194 3739 4451 3799 statues
4490 3746 4619 3798 cum

2702 3816 2864 3884 colle
2914 3817 3844 3899 ‘‚eaquadecetceleritate.

2927 3902 2953 3967 i
3007 3900 3166 3986 quid
3225 3900 3534 3969 acciderit
3598 3904 3863 3971 maioris
3919 3904 4232 3970 momenti
4291 3902 4458 3972 dabo
4496 3919 4625 3986 ope-

2702 4008 2845 4054 ram
2900 3995 2976 4054 ut
3029 3994 3290 4055 mature
3346 3989 3584 4056 certior
3638 3991 3778 4057 fias.
3868 3989 4224 4076 Oognetus,
4244 3992 4336 4071 ²⁴)
4378 3988 4490 4056 ubi
4527 3983 4622 4053 ad-

2702 4075 2989 4154 venerit,
3059 4075 3130 4138 in
3187 4073 3395 4141 literis
3463 4075 3638 4142 ultro
3705 4076 3993 4162 citroque
4058 4074 4462 4161 perferendis
4521 4091 4621 4137 uos

2877 4329 2971 4398 12)
3008 4331 3242 4386 illorum.
3280 4329 3354 4385 Β.

2879 4399 2944 4453 13
3001 4400 3134 4455 haec
3166 4400 3354 4454 omnia
3387 4399 3450 4453 ia
3482 4402 3746 4468 maraine.

2876 4469 2942 4523 14
2998 4478 3182 4524 tamen
3216 4486 3256 4523 a
3284 4469 3470 4538 prima
3502 4485 3688 4525 manu.

2875 4538 2943 4593 15
3002 4538 3112 4594 Sed
3144 4542 3336 4592 narrat
3366 4537 3569 4594 maen.

2874 4605 2942 4661 16
3005 4606 3130 4663 Rea
3166 4606 3481 4663 Novaro-ae.

2880 4675 2910 4728 1
3006 4675 3136 4732 add.
3172 4674 3233 4728 in
3266 4676 3528 4744 margine.

2875 4744 2970 4883 ἐξ)
3002 4745 3366 4870 aas...

2875 4882 2974 5020 {1³3
3006 4882 3525 5033 szrffiassem·
3543 4896 3820 5007 {canaam
3855 4953 3981 5008 late.

2877 5018 2973 5083 22)
3012 5020 3080 5075 de
3112 5019 3268 5074 zaben
3299 5020 3522 5074 conella
3555 5020 3957 5077 conditionibus
3991 5020 4096 5087 (N.
4132 5019 4310 5088 3723).

2877 5087 2974 5155 23)
3009 5088 3261 5143 Primum
3293 5089 3558 5157 seriptum
3590 5095 3739 5146 erat.-
3773 5087 3864 5144 ubi
3886 5106 3988 5161 pro
4021 5106 4120 5145 sua
4144 5091 4418 5161 aequitate
4450 5085 4619 5141 atrise·

2708 5159 2823 5212 rint
2861 5159 3008 5226 regis
3042 5157 3267 5212 consilio
3315 5162 3411 5210 aut
3444 5159 3638 5212 saltem
3673 5159 3860 5213 favore
3894 5175 4054 5229 quam
4089 5158 4214 5214 odio
4245 5157 4510 5230 digniores
4539 5152 4618 5207 h·-

2707 5227 2859 5282 bitae
2896 5227 3113 5293 fuerint,
3151 5242 3241 5279 eas
3277 5242 3348 5296 pa
3387 5226 3526 5282 istae
3562 5228 3826 5284 reficiant.

2880 5294 2975 5362 24)
3010 5293 3089 5353 N.
3122 5293 3278 5349 3719.
3311 5292 3347 5348 3
3379 5293 3465 5349 28.
