4850 6117
246 428 360 492 529

246 614 342 681 De
381 633 510 697 quo
545 610 702 696 quid
735 611 1027 679 sentiant
1055 611 1148 697 pii
1190 617 1259 679 et
1300 610 1544 679 eruditi
1582 610 1952 699 intelligere
1993 609 2175 695 cupi-

244 719 384 766 mus
424 706 495 765 et
531 705 853 783 optamus.

412 788 508 849 14.
594 785 1085 869 Argumentum
1147 783 1322 869 quod
1383 783 1670 851 sumitur
1732 785 1814 851 ab
1877 782 2180 867 exemplo

246 869 697 937 Corinthiacae
738 870 1049 938 ecclesiae
1087 869 1164 936 in
1206 878 1416 936 sectas
1457 867 1726 950 divisae,
1785 870 2179 937 scortatione

244 956 384 1042 plus
421 975 622 1039 quam
664 955 928 1023 ethnica
969 955 1466 1033 contaminatae,
1518 955 1593 1020 in
1632 977 1759 1022 usu
1801 954 2180 1039 disciplinae

245 1041 575 1122 cessantis,
630 1038 955 1108 idolorum
996 1041 1330 1109 sacrificiis
1373 1060 1444 1107 se
1484 1040 1853 1125 polluentis,
1910 1061 2180 1108 coenam

244 1126 642 1212 profanantis
683 1146 761 1194 ac
802 1127 1153 1194 articulum
1207 1126 1703 1194 resurrectionis
1741 1126 1818 1193 in
1858 1127 2180 1211 quaestio-

243 1233 388 1279 nem
422 1212 736 1292 vocantis,
771 1211 1110 1280 Galaticae
1150 1213 1312 1279 item
1355 1212 1682 1292 ecclesiae,
1717 1212 2180 1297 Pergamensis

245 1318 316 1365 ac
355 1298 816 1384 Thyatirensis
858 1301 1088 1385 (Apoo.
1130 1302 1217 1380 2),
1262 1305 1488 1365 nostro
1530 1298 1683 1364 huic
1723 1299 2025 1365 instituto
2066 1316 2181 1381 ap-

244 1392 378 1450 tum
440 1405 589 1451 esse
650 1382 1032 1462 iudicamus,
1096 1391 1175 1450 ut
1236 1382 1563 1464 doceatur,
1624 1384 1767 1471 pios
1828 1384 2183 1469 impiorum

244 1470 563 1537 consortio
605 1470 678 1535 in
719 1470 1084 1537 ministerio
1126 1470 1434 1538 ecclesiae
1475 1470 1909 1536 contaminari
1949 1476 2070 1536 etc.

403 1556 614 1623 Hisce
653 1557 857 1641 igitur
898 1556 1170 1640 aliisque
1204 1557 1568 1640 scripturae
1601 1555 1989 1623 testimoniis
2030 1552 2183 1621 freti

244 1641 775 1727 comprehensam
839 1642 963 1710 hoc
1027 1643 1269 1727 scripto
1333 1641 1730 1708 sententiam
1792 1642 1966 1708 bona
2027 1660 2184 1708 con-

244 1727 510 1794 scientia
529 1727 851 1794 hactenus
872 1727 1302 1807 defendimus,
1345 1728 1560 1813 parati
1600 1735 1825 1794 tamen
1858 1736 1926 1794 et
1959 1723 2185 1793 audire

245 1822 307 1879 et
344 1814 530 1898 sequi
571 1813 928 1891 meliorem,
975 1815 1033 1880 si
1073 1835 1204 1898 qua
1242 1814 1473 1879 melior
1512 1835 1600 1880 ex
1643 1814 2004 1898 scripturae
2042 1814 2184 1879 fon-

245 1898 410 1966 tibus
451 1899 647 1966 nobis
689 1899 930 1966 adferri
971 1906 1203 1984 potest.
1275 1900 1369 1967 Et
1401 1919 1664 1966 oramus
1696 1901 1840 1984 pios
1884 1899 2184 1966 ecclesia-

243 2006 385 2050 rum
418 1991 720 2070 pastores
754 1993 823 2051 et
853 1985 1190 2053 ministros
1221 2007 1310 2052 ne
1344 1985 1502 2071 quid
1536 1985 1644 2052 hic
1677 1985 1967 2052 sentiant
1998 1983 2185 2050 nobis

248 2079 464 2154 aperte
518 2071 891 2156 significare
944 2069 1397 2157 dedignentur,
1452 2079 1529 2137 ut
1579 2070 1846 2138 tandem
1900 2069 2076 2137 idem
2117 2076 2188 2136 et

250 2156 601 2224 sentiamus
643 2163 711 2223 et
751 2156 1097 2242 loquamur
1136 2179 1378 2225 omnes.
1453 2159 1690 2224 Amen.

1323 2294 1564 2361 Petrus
1605 2292 2012 2360 Dathaenus.

1115 2903 1311 2975 3858.

686 3060 1185 3130 VATELLUS
1210 3065 1258 3143 Ι)
1302 3057 1738 3128 CALVINO.

415 3233 829 3317 Quaestiones
864 3233 1086 3300 variae
1124 3231 1213 3300 ad
1272 3231 1675 3317 disciplinam
1715 3233 2185 3302 ecclesiasticam

242 3320 623 3399 pertinentes.

248 3488 449 3556 (Edidit
495 3492 644 3546 Besa
678 3488 884 3545 Genev.
939 3506 995 3560 p.
1047 3486 1153 3543 323
1220 3488 1382 3543 Laus.
1431 3507 1488 3560 p.
1539 3487 1662 3558 680,
1696 3488 1905 3546 Hanov.
1946 3506 2003 3560 p.
2064 3488 2182 3557 710,

736 3557 949 3614 Chouet
990 3576 1045 3629 p.
1078 3531 1200 3626 441³,
1235 3558 1408 3612 Amst.
1451 3575 1508 3629 p.
1541 3556 1694 3627 202.)

407 3726 618 3793 Pater
677 3726 754 3793 in
796 3726 1064 3794 Christo
1134 3728 1463 3796 carissime
1520 3749 1597 3796 ac
1647 3729 2037 3808 venerande,
2101 3750 2185 3796 ex

252 3810 468 3879 multis
504 3812 719 3880 causis
760 3834 926 3897 quae
967 3834 1077 3880 me
1117 3823 1196 3879 ut
1250 3815 1372 3882 has
1428 3813 1514 3881 ad
1565 3821 1632 3880 te
1687 3814 1915 3880 literas
1958 3814 2184 3881 darem

255 3895 661 3965 adduxerunt
693 3920 829 3965 una
865 3906 968 3964 est
998 3900 1349 3984 praecipua
1370 3918 1566 3984 quam
1588 3901 1869 3985 primam
1891 3902 2183 3967 omnium

253 4001 435 4064 quam
480 3983 864 4052 brevissime
906 3992 1133 4067 potero
1175 3983 1535 4070 expediam.
1614 3986 1950 4053 Proximis
1990 4007 2070 4053 su
2116 4007 2183 4053 e-

254 4067 521 4138 rioribus
565 4068 793 4138 diebus
835 4071 968 4138 huc
1023 4079 1354 4138 venerunt
1392 4072 1737 4156 Principes
1777 4072 2018 4154 Duces,
2124 4073 2184 4139 ⁸⁶-

245 4157 533 4233 pontem
597 4165 668 4223 et
712 4154 1303 4243 Wmemberyensis,
1344 4156 1675 4243 Principis
1736 4160 1945 4225 nostri
2006 4165 2184 4225 tuto-

256 4441 424 4501 8858.
440 4445 502 4529 1)
538 4445 741 4503 Mutila.
785 4445 997 4514 Wattel,
1032 4445 1300 4529 diaconae
1331 4444 1410 4502 M
1601 4447 1868 4515 ardensis,
1903 4447 2184 4505 Piens-dus

243 4524 316 4585 ῳ
342 4515 542 4585 opp-ao
580 4514 767 4571 Gaiae.
843 4514 1011 4585 Quem
1045 4516 1289 4573 Rullum
1331 4515 1488 4571 Vm.
1670 4532 1739 4572 σω
1774 4516 2182 4588 θααίαρωῄι-

252 4582 1240 4736 ffaeoemlbeqffiiavffgm
1273 4654 1414 4710 dicit
1445 4656 1545 4725 qm·
1574 4584 1923 4737 reeepapsg’t
1967 4673 2094 4711 sous
2125 4616 2181 4710 la

290 4734 518 4802 remeses
551 4723 624 4778 de
665 4739 737 4777 ne
776 4728 949 4845 gom·
983 4723 1121 4778 farre
1162 4723 1466 4806 profession
1496 4723 1758 4807 pubhque
1790 4723 1861 4778 de
1894 4740 2181 4807 croyanqes

286 4854 297 4866 ⁰
340 4796 551 4873 erentes
585 4791 656 4846 de
689 4792 745 4846 la
814 4796 1021 4875 octrme
1038 4808 1324 4875 epseiguee
1356 4792 1491 4876 dans
1523 4794 1604 4875 les
1630 4793 1825 4863 eghses
1860 4792 1945 4876 de·
1962 4795 2018 4876 la
2032 4811 2182 4863 prm·

256 4860 947 5053 ffeffsslqgsstffiffi
973 4864 1110 5011 oggi}
1133 4877 1471 5053 Jffit
1517 4947 1650 4986 aveo
1666 4878 1787 4986 plag.
1800 4862 2058 5013 hren-ugido
2099 4878 2182 4987 122

259 5057 509 5149 doctrines
559 5066 629 5121 de
679 5016 936 5123 langoris.
977 5014 1377 5150 (ΡΔιῗέώοιιι-ς.
1393 5004 1831 5139 ergingnd'aetrse
1847 5006 2183 5151 pguuxmayffi

259 5134 1266 5283 &massas
1300 5136 1598 5263 awa
1624 5144 1756 5275 a:
1786 5136 2184 5275 sm
2097 5138 2181 5193 1..

258 5265 619 5412 wasm-
651 5342 731 5399 ad
766 5289 1054 5400 omum·
1083 5358 1159 5399 no.
1192 5341 1329 5401 Dec.
1357 5343 1569 5414 scripta
1595 5275 2066 5413 matut-wa
2096 5291 2184 5346 Ψ·

447 5425 640 5484 Galam·
638 5426 870 5499 sopora.
946 5429 1059 5486 Vol.
1097 5426 1276 5487 xlx.

256 4991 484 5060 opimone
525 4998 600 5053 de

1909 424 2072 489 1562
2114 421 2569 492 SEPTEMB.

4100 427 4230 493 530

2280 632 2407 679 res.
2426 612 2487 690 ²)
2546 608 2683 676 Hic
2722 629 2927 694 quum
2969 616 3204 692 essent,
3248 612 3486 680 horum
3528 612 3936 681 ecclesiastae
3968 618 4039 679 et
4073 633 4229 679 con-

2280 697 2510 763 siliarii
2551 695 2800 779 aliquot
2840 696 3029 764 nobis
3071 699 3373 766 omnibus
3413 698 3599 766 verbi
3631 699 3950 766 ministris
3983 720 4225 766 convo·

2279 783 2442 849 catis
2484 801 2715 848 rursus
2758 792 3237 866 proposuerunt
3278 785 3755 852 ordinationem
3796 783 3980 850 illam
4021 784 4229 852 ecele-

2279 867 2613 935 siasticam
2651 868 2784 932 iam
2827 873 3024 934 antea
3065 867 3274 935 tribus
3315 870 3573 937 circiter
3607 869 3844 936 abhinc
3878 871 4069 937 annis
4106 890 4229 937 no-

2278 953 2381 1019 bis
2429 953 2865 1040 propositam:
2884 955 2942 1030 ⁸)
3006 974 3174 1037 quae
3240 954 3455 1022 tribus
3522 957 3932 1041 potissimum
3999 957 4229 1039 capiti-

2278 1040 2402 1106 bus
2465 1038 2840 1106 absolvitur.
2947 1039 3251 1106 Primum
3323 1049 3522 1127 caput
3590 1047 3690 1108 est
3754 1040 3836 1107 de
3899 1041 4228 1108 doctrina:

2279 1146 2449 1210 quae
2491 1146 2570 1191 ea
2611 1145 2754 1191 esse
2807 1123 3068 1191 iubetur
3116 1125 3188 1193 in
3246 1128 3371 1193 hac
3428 1127 3716 1206 ecclesia,
3781 1148 3948 1211 quae
3991 1148 4033 1193 a
4073 1148 4227 1211 pro-

2279 1211 2501 1295 phetis
2542 1216 2612 1276 et
2651 1211 2961 1293 apostolis
3001 1219 3103 1277 est
3143 1212 3403 1291 tradita,
3448 1219 3640 1296 atque
3674 1213 3836 1279 adeo
3869 1213 3939 1277 in
3974 1212 4227 1279 confes-

2281 1297 2464 1363 sione
2507 1298 2900 1381 Augustana
2940 1296 3280 1380 explicata.
3348 1297 3732 1366 Secundum
3775 1298 3857 1364 de
3896 1317 4255 1385 caeremos

2283 1383 2413 1448 niis
2457 1390 2560 1449 est
2603 1390 2671 1447 et
2726 1381 2960 1448 ritibus
3015 1383 3445 1467 formulisque
3490 1382 3947 1464 catechizandi,
4007 1403 4227 1451 sacra-

2282 1474 2511 1534 menta
2552 1465 3073 1548 administrandi,
3129 1469 3379 1552 nuptiis
3439 1469 3860 1536 benedicendi
3903 1476 3970 1535 et
4011 1468 4228 1554 publi-

2284 1572 2510 1621 carum
2573 1573 2860 1636 precum.
2946 1553 3240 1620 Tertium
3306 1555 3717 1640 disciplinam
3759 1555 4226 1640 complectitur.

2457 1637 2653 1720 Quod
2693 1638 2775 1703 ad
2816 1641 3105 1721 primum
3148 1647 3215 1705 et
3256 1640 3521 1706 tertium
3568 1642 3820 1721 attinet,
3874 1650 4227 1726 utrumque

2285 1726 2669 1809 recepimus,
2733 1723 2953 1790 addita
3016 1725 3447 1809 explicatione
3508 1726 3769 1793 articuli
3833 1726 3915 1792 de
3954 1726 4230 1793 Domini

2284 1831 2507 1891 coena,
2569 1810 2813 1910 partim
2868 1831 2953 1876 ne
3009 1811 3199 1896 signa
3254 1820 3513 1912 tantum
3551 1812 3731 1912 nuda
3770 1814 3841 1878 in
3884 1832 3964 1912 ea
4003 1833 4230 1913 recog-

2284 1895 4230 2065 335²?ssssffissoffussffiffiffnffifflssiffisslmffiffi

2285 2088 2483 2151 quam
2513 2087 2709 2151 aegre
2743 2067 3017 2133 tulerint
3048 2068 3378 2153 praesides
3413 2069 3531 2135 tibi
3564 2069 3828 2154 negotia
3860 2069 4232 2137 huiusmodi

2285 2175 2420 2219 non
2462 2153 2664 2220 semel
2705 2161 2977 2237 experto
3017 2154 3436 2239 cogitandum
3477 2155 3790 2239 relinquo.
3867 2155 4234 2239 Praecipua

2285 2247 2514 2305 tamen
2532 2239 2979 2307 controversia
2999 2237 3080 2304 de
3098 2239 3356 2323 privato
3373 2240 3711 2325 baptismo,
3718 2239 3774 2326 ⁴)
3794 2241 3951 2306 fuit:
3974 2241 4230 2325 privato

2284 2327 2554 2409 inquam
2573 2324 2913 2408 baptismo,
2944 2323 3012 2390 id
3035 2338 3151 2406 est,
3175 2325 3256 2393 ab
3279 2324 3733 2392 obstetricibus
3753 2324 4229 2405 administrato,

2285 2431 2481 2495 quem
2500 2411 2575 2476 in
2594 2409 2765 2477 hanc
2785 2409 3123 2477 ecclesiam
3145 2431 3450 2478 revocare
3470 2412 3564 2477 ita
3591 2412 3766 2495 apud
3785 2433 3855 2478 se
3879 2413 4231 2478 constitue-

2286 2504 2459 2576 rant,
2500 2505 2576 2562 ut
2608 2495 2862 2562 nullum
2898 2515 3034 2562 non
3068 2505 3408 2564 moverent
3446 2496 3735 2582 lapidem
3778 2497 3980 2582 (quod
4016 2497 4232 2576 aiunt)

2288 2602 2417 2664 quo
2460 2602 2584 2649 nos
2623 2582 2698 2647 in
2731 2603 2921 2647 suam
2962 2590 3272 2666 raperent
3313 2584 3722 2649 sententiam.
3787 2582 3924 2650 Sed
3964 2584 4229 2650 frustra.

2287 2669 2497 2736 Porro
2554 2688 2642 2733 ne
2703 2667 2859 2734 victi
2922 2668 3189 2734 omnino
3251 2670 3620 2735 constantia
3685 2678 3910 2736 nostra
3958 2669 4234 2737 iudicari

2285 2761 2571 2838 possent,
2611 2753 2881 2819 tandem
2903 2752 3027 2820 hoc
3057 2751 3303 2837 ἀρεστὸν
3345 2755 3769 2834 immutabile,
3805 2777 3999 2840 quem
4021 2777 4232 2822 reces-

2288 2859 2437 2906 sum
2477 2846 2881 2924 postremum
2924 2847 3181 2917 vocant,
3240 2839 3430 2907 nobis
3488 2841 3947 2908 obtruserunt:
4034 2841 4234 2908 Prin-

2287 2926 2463 3009 cipes
2523 2924 2699 2991 hunc
2761 2923 3094 3008 privatum
3159 2924 3243 2992 ba
3286 2925 3553 2992 tismnm
3606 2925 3834 2993 ordine
3884 2927 4056 2995 bono
4114 2949 4232 3011 per

2291 3012 2465 3078 viros
2507 3011 2591 3077 ad
2634 3008 3006 3076 huiusmodi
3047 3020 3383 3095 negotium
3424 3012 3922 3097 transigendum
3960 3013 4232 3081 idoneos

2287 3096 2651 3163 instituent.
2730 3096 2995 3162 Interea
3034 3103 3267 3163 vetant
3320 3105 3390 3164 et
3444 3098 3843 3166 interdicunt
3884 3099 4091 3181 vobis,
4144 3121 4233 3166 ne

2330 3182 2436 3249 uis
2477 3189 2778 3249 vestrum
2820 3179 3133 3249 adversus
3175 3182 3364 3248 illum
3406 3182 3661 3266 clamet,
3724 3205 3895 3252 neve
3947 3205 3988 3250 a
4028 3205 4233 3252 coena

2355 3268 2577 3349 omini,
2653 3276 2770 3335 aut
2811 3266 3122 3335 ecclesiae
3164 3269 3415 3353 gremio
3478 3291 3592 3336 eos
3656 3271 3907 3336 reiiciat
3970 3271 4084 3355 qui
4148 3269 4229 3337 ab

2284 3352 2562 3421 honesta
2602 3352 2820 3437 aliqua
2858 3360 3165 3420 matrona
3203 3354 3449 3421 fuerint
3490 3355 3817 3439 baptizati.
3880 3356 4067 3423 Haec
4084 3377 4231 3441 pos·

2282 3444 2498 3506 trema
2539 3438 2663 3506 fuit
2704 3439 3201 3506 reformatorum
3251 3449 3633 3507 nostrorum
3687 3442 3912 3509 oratio.
3997 3441 4231 3509 Caete-

2283 3546 2434 3590 rum
2477 3546 2565 3591 an
2608 3525 2732 3591 hoc
2773 3525 3099 3608 principes
3139 3526 3376 3592 facturi
3417 3526 3550 3593 sint
3593 3548 3713 3594 nec
3738 3549 3843 3604 ne,
3885 3549 4006 3612 pro
4048 3536 4227 3593 certo

2282 3609 2577 3677 nondum
2641 3617 2853 3676 teneo.
2940 3608 3077 3676 Sed
3127 3614 3434 3695 quoniam
3486 3613 3706 3680 minae
3760 3613 3916 3680 illae
3956 3635 4226 3698 prorsus

2282 3694 2718 3782 negligendae
2758 3716 2892 3762 non
2931 3702 3119 3777 sunt,
3182 3720 3268 3764 ne
3318 3699 3485 3765 forte
3543 3719 3628 3765 ex
3679 3698 4034 3784 improviso
4087 3700 4226 3767 vim

2284 3802 2477 3848 suam
2509 3789 2836 3861 exserant,
2878 3781 3013 3847 iam
3033 3803 3292 3866 quaero,
3325 3804 3489 3848 num
3522 3785 3758 3852 idonea
3789 3794 3860 3852 et
3891 3785 4223 3853 sufficiens

2285 3868 2376 3933 sit
2417 3867 2670 3935 occasio
2711 3867 3057 3934 ministerii
3100 3867 3461 3949 abdicandi,
3514 3872 3572 3936 si
3613 3871 3802 3938 nobis
3843 3879 3959 3938 aut
3996 3872 4224 3939 insciis

2283 3963 2402 4019 aut
2442 3954 2671 4019 invitis
2706 3961 2775 4019 et
2808 3952 3315 4020 reclamantibus
3348 3953 3723 4040 baptizandi
3754 3963 4042 4041 potestas
4075 3979 4224 4025 mu-

2281 4039 2556 4106 lieribus
2597 4040 2672 4105 in
2713 4039 2839 4106 hac
2880 4038 3151 4106 ecclesia
3187 4038 3597 4107 concedatur.

2455 4126 2581 4191 Est
2623 4132 2689 4191 et
2729 4123 2909 4190 aliud
2950 4124 3031 4191 de
3065 4145 3194 4209 quo
3227 4145 3492 4193 necesse
3525 4133 3628 4193 est
3661 4135 3738 4193 ut
3769 4135 3835 4193 te
3867 4128 4223 4210 consulam,

2283 4218 2759 4365 3531'1‘33293233
2758 4210 3166 4382 “tkoeffliffi
3168 4211 3669 4381 stffii'fflb'
3743 4214 4226 4384 132?ssssss

2485 4585 2520 4640 2
2576 4585 3918 4656 &momentano-asnaa.
3983 4589 4228 4660 (Dava-

2277 4655 2520 4781 ohoym'p-
2571 4653 2976 4776 samm-4.)
3034 4656 4228 4729 TmaoeaaeorfudtPMippusGomoeae

2337 4741 2493 4783 Μ
2836 4740 2877 4794 9
3037 4792 3052 4807 .
3191 4796 3202 4808 .

2271 4878 2348 4986 {o
2369 4862 2466 4987 ⁷3⁶}
2481 4792 2939 5000 Βὲῷᾝῖἔξῑ
2956 4792 3254 4931 fffabpt‘l'lff
3278 4793 3409 4931 303-
3446 4792 4228 4936 ἔἛοέῶὸῳῠὲἪ

2482 5000 2546 5065 4)
2581 4999 2759 5084 Nequ-
2770 4999 2962 5067 Tauro.
