4850 6117
273 443 380 508 337

269 629 409 696 duee
469 626 686 712 eolligi
741 625 1008 695 Ohristo
1073 624 1429 705 eeclesiam,
1492 626 1791 692 certatim
1855 625 2184 693 oonfiuere

266 714 486 782 multas
541 719 812 789 turmas,
878 712 1116 799 vulgus
1169 710 1515 778 hominum
1558 712 1795 779 aeriter
1838 733 1910 777 se
1951 711 2184 796 impie-

268 801 371 867 tati
403 820 738 884 opponere,
797 798 1096 866 omnium
1153 797 1458 865 ordinum
1513 797 1814 864 homines
1854 817 1989 864 uno
2030 817 2184 864 oon·

266 907 443 953 sensu
486 906 725 970 purum
770 885 894 951 Dei
940 884 1193 951 oultum
1236 883 1564 969 profiteri:
1638 891 2026 950 veteranum
2069 903 2183 950 au-

266 983 385 1038 tem
424 971 800 1058 theologum
834 973 944 1055 qui
981 970 1391 1037 luculentum
1425 971 1584 1036 reoti
1620 970 1823 1035 animi
1857 969 2186 1054 specimen

266 1056 462 1136 edidit,
528 1057 609 1122 de
650 1078 778 1141 quo
820 1063 1008 1124 tants
1048 1063 1359 1141 ooneepta
1400 1055 1527 1122 fuit
1568 1056 1986 1140 exspeotstio,
2050 1075 2186 1120 non

264 1142 436 1210 modo
476 1143 765 1227 quietum
812 1152 1005 1223 stare,
1051 1142 1165 1209 sed
1208 1143 1610 1227 permixtum
1645 1161 1787 1209 esse
1821 1140 2185 1207 manifestis

265 1240 319 1296 et
360 1229 663 1313 professis
721 1228 972 1295 Christi
1029 1227 1368 1295 hostibus?
1452 1226 1740 1314 Negabis
1792 1236 1862 1294 te
1917 1246 2185 1312 prorsus

264 1315 452 1392 silere,
500 1315 605 1381 vel
649 1336 790 1382 esse
834 1315 1144 1393 medium,
1211 1314 1325 1381 sed
1369 1313 1578 1379 multa
1620 1314 1813 1400 signa
1855 1313 2012 1380 dare
2055 1313 2186 1380 sin-

262 1403 374 1500 eeri
447 1421 601 1486 erga
680 1401 1060 1486 religionem
1126 1399 1342 1500 studii.
1455 1398 1590 1501 Sed
1631 1399 1938 1501 ‘multum
2002 1398 2186 1465 abest

261 1486 1077 1657 ffioiffirfflffissmss
1116 1485 1423 1649 2533}ss
1478 1487 1899 1655 ῗὲῗώῃὲἒὲἳο
1918 1484 2183 1655 {iffi

260 1659 451 1725 maius
492 1660 611 1726 abs
655 1671 720 1724 te
760 1660 1080 1743 flagitant.
1189 1658 1338 1724 Nisi
1381 1677 1539 1742 ergo
1582 1657 1652 1722 in
1697 1664 1996 1741 apertum
2040 1676 2185 1739 pro·

262 1744 397 1811 deas
436 1744 516 1810 ad
561 1742 850 1811 dandum
897 1744 1165 1811 Christo
1201 1763 1458 1821 nomen,
1505 1741 1793 1826 adeoque
1827 1743 2080 1826 primus
2114 1742 2184 1806 in

260 1829 2035 1999 ffiimfflffi‘*mffissffiegssfflgffiufi’oefflssffi
2077 1829 2183 1980 33:

260 2024 382 2068 ram
422 2003 695 2069 eoelesia
738 2023 1020 2085 unquam
1083 2001 1386 2086 effugies:
1466 1999 1725 2084 quando
1763 1965 1873 2068 ’res
1916 2021 1992 2065 eo
2034 2019 2184 2085 pro-

259 2096 460 2154 vectae
521 2098 700 2172 sunt,
756 2097 830 2153 ut
885 2088 1017 2152 iam
1061 2107 1195 2152 non
1237 2087 1521 2172 supersit
1564 2085 2047 2171 tergiversandi
2089 2085 2183 2152 lo-

257 2194 366 2240 eus.
449 2173 729 2258 Ignosoe
772 2193 956 2239 meae
1000 2172 1470 2253 vehementiae,
1538 2193 1733 2257 quam
1776 2173 1942 2238 mihi
1984 2192 2185 2239 verus

259 2280 396 2345 erga
449 2270 514 2326 te
569 2280 757 2326 amor
812 2260 1158 2345 suggessit.
1246 2258 1416 2324 Nam
1476 2258 1651 2325 dona
1693 2259 1929 2343 quibus
1971 2274 2037 2324 te
2075 2278 2182 2324 or-

256 2347 421 2412 navit
458 2347 646 2412 Deus
688 2346 782 2413 sie
827 2345 1168 2429 amplexus
1211 2365 1380 2424 sum,
1466 2353 1544 2411 ut
1586 2364 1720 2411 non
1761 2346 2007 2429 possim
2050 2364 2181 2410 non

258 2452 380 2497 esse
419 2432 538 2498 tibi
585 2431 853 2500 amisus.
947 2431 1118 2510 Vale,
1164 2430 1583 2497 ornatissime
1624 2431 1731 2497 vir
1772 2442 1843 2497 et
1882 2430 2049 2496 mihi
2098 2452 2181 2496 ex

258 2519 449 2584 animo
493 2517 779 2585 oolende.
869 2517 1194 2584 Dominus
1248 2525 1313 2582 te
1371 2517 1607 2602 spiritu
1678 2537 1795 2584 suo
1837 2516 2180 2602 gubernet,

256 2604 474 2671 virtute
512 2603 763 2682 fuloiat,
808 2603 1132 2689 praesidio
1153 2609 1432 2668 tueatur.
1481 2602 1788 2671 Genevae
1834 2609 1927 2669 14.
1949 2602 2180 2669 Martii

992 2985 1391 2994 —v——u—-o-

1123 3237 1324 3308 8748.

699 3392 1172 3462 CALVINUS
1221 3390 1711 3460 VERMILIO.

406 3565 612 3650 Aeyre
652 3566 777 3649 fert
818 3565 982 3650 quod
1025 3564 1378 3631 Beruenses
1422 3565 1750 3634 consilium
1807 3564 1885 3630 de
1952 3562 2185 3647 synodo

258 3653 551 3716 muctar-int.
654 3651 933 3718 Nunoiat
975 3650 1218 3717 Beaam
1260 3653 1331 3717 in
1381 3650 1601 3718 Gallia
1624 3671 1863 3734 parum
1905 3649 2185 3732 oblinisse

259 3736 391 3816 quin
418 3737 700 3819 per-ierit.
774 3738 876 3805 De
910 3738 1091 3804 rebus
1124 3737 1212 3803 ad
1259 3738 1698 3804 Truentinum
1728 3734 2187 3818 pertinentibus

258 3839 548 3889 commune
591 3824 921 3891 medium
958 3823 1330 3908 capiendum
1370 3845 1502 3890 esse
1542 3827 1755 3888 monet.

257 3990 351 4059 (Ex
392 3994 701 4116 awpho
747 3997 882 4049 satis
931 3996 1137 4049 reeenti
1176 3995 1230 4048 in
1266 3995 1407 4076 βίω.
1444 4001 1555 4077 nat.
1593 3993 1763 4047 Paris.
1802 3992 1933 4047 Coll.
1983 3992 2182 4061 Dupuy

561 4080 595 4119 o
617 4100 629 4113 .
668 4061 786 4124 102,
822 4062 911 4118 fol.
946 4060 1016 4116 49
1052 4081 1101 4116 v.
1143 4063 1342 4118 Versio
1377 4064 1590 4134 anghea
1624 4062 1724 4116 IV.
1759 4059 1906 4124 265.)

547 4234 933 4300 Clarissimo
998 4236 1143 4300 viro
1211 4235 1295 4300 D.
1342 4236 1541 4300 Petro
1587 4235 1889 4318 Martyri.

415 4406 607 4472 Nune
651 4406 914 4471 demum
958 4406 1180 4472 literas
1225 4419 1370 4472 tuas
1396 4411 1445 4486 ¹)
1489 4407 1727 4489 aeoepi,
1769 4405 2185 4471 ornatissime

266 4501 322 4553 et
338 4490 700 4558 venerande
720 4492 945 4570 frater,
961 4492 1197 4574 quibus
1217 4494 1273 4559 si
1293 4493 1582 4559 breviter
1604 4490 1983 4574 respondeo,
2001 4490 2185 4556 nulla

267 4573 521 4643 adducta
579 4578 994 4644 excusatione
1047 4599 1309 4644 oausam
1363 4578 1706 4664 intelliges.
1789 4577 1959 4643 Nam
2018 4577 2182 4643 Ber-

266 4681 483 4728 uenses
536 4663 615 4729 de
669 4663 919 4749 synodo
985 4663 1275 4750 eogenda
1339 4664 1681 4731 eonsilium
1747 4670 2102 4728 mutarunt.
2124 4664 2183 4743 ²)

267 4744 501 4815 Rumor
543 4770 805 4833 sparsus
848 4756 953 4816 est
1016 4765 1242 4816 autore
1295 4750 1667 4836 Buainyero
1728 4747 1797 4814 id
1852 4769 1995 4815 esse
2047 4748 2183 4815 fao-

270 4841 409 4898 tum.
478 4834 924 4919 Undeounque
971 4836 1277 4904 aeoiderit
1341 4858 1423 4902 ex
1481 4834 1751 4902 remedii
1806 4844 2185 4919 oontemptu

268 4917 325 4981 in
367 4922 667 4987 extremis
700 4921 944 4989 morbis
977 4924 1071 4987 nil
1106 4924 1232 4987 nisi
1271 4922 1459 4988 triste
1494 4922 1848 5006 praesagio.
1929 4919 2184 4986 Verum
2284 4966 2405 5007 m

269 5023 341 5068 ne
379 5005 826 5092 labyrinthum
880 5007 1214 5094 ingrediar
1247 5006 1376 5073 alio
1411 5016 1691 5073 transeo.
1752 5006 1929 5073 Besa
1963 5013 2188 5072 noster

272 5086 432 5158 duris
473 5093 939 5161 oertaminibus
982 5099 1341 5160 exercetur.
1440 5092 1666 5176 Nuper
1706 5113 1940 5177 parum
1979 5091 2188 5158 abfuit

275 5291 440 5355 ’Μ
456 5298 516 5437 «3
544 5299 869 5424 W..

462 5453 674 5510 Gabini
700 5469 885 5525 opera.
966 5455 1079 5511 Vol.
1116 5452 1286 5508 XIX.

1998 437 2161 503 1562
2205 434 2489 504 MART.

4110 446 4233 509 338

2287 625 2448 709 quin
2541 624 2785 694 Iuliani
2861 627 3137 713 perfidia
3201 636 3268 695 et
3331 629 3573 697 seelere
3636 628 3722 697 ad
3788 630 4236 700 earnificinam

2286 730 2439 812 euni
2491 710 2637 777 aliis
2670 713 2920 812 ‘multis
2976 721 3206 799 raptus
3247 715 3459 781 fuerit.
3483 716 3540 799 ⁸)
3627 714 3765 783 Sed
3803 714 3989 784 Deus
4031 717 4234 785 mira·

2284 796 2507 864 b111ter
2529 796 2874 882 disslpavit
2905 808 3045 866 tam
3079 800 3397 867 nefandos
3432 810 3721 869 eonatus.
3778 801 3975 868 Nune
4004 823 4234 889 quam·

2286 882 2388 950 vis
2451 882 2567 948 ille
2609 892 2906 968 apostata
2947 885 3058 953 Gu
3106 887 3322 954 sianos
3362 887 3434 953 in
3477 886 3696 954 aulam
3737 888 4152 955 aeoersiverit
4177 894 4235 967 ⁴)

2287 967 2371 1033 ad
2436 977 2732 1036 extrema
2748 1055 2763 1071 ·
2795 909 3157 1071 tractanda,
3221 983 3442 1058 sperat
3499 980 3720 1040 tamen
3778 972 3959 1041 Beza
4011 983 4236 1041 noster

2287 1075 2419 1120 non
2488 1054 2679 1122 modo
2743 1065 2965 1123 1rr1tos
3027 1059 3165 1124 fore
3228 1078 3458 1125 eorum
3522 1065 3812 1138 oonatus,
3877 1057 3992 1126 sed
4048 1067 4237 1127 tanta

2284 1141 2423 1242 fore
2480 1139 2791 1208 eoelesiae
2846 1143 3270 1224 incrementa,
3335 1152 3413 1210 ut
3470 1143 3637 1211 nihil
3694 1144 3966 1230 posthae
4009 1145 4234 1213 ausuri

2286 1233 2439 1292 sint.
2529 1227 2877 1295 Metuendi
2929 1236 3126 1295 erunt
3178 1230 3375 1314 primi
3439 1231 3797 1312 oonfliotus,
3863 1231 3991 1297 nisi
4045 1231 4233 1298 Deus

2285 1320 2546 1378 mature
2602 1322 2915 1392 ooourrat,
2976 1313 3150 1400 quod
3205 1314 3481 1384 assiduis
3525 1318 3694 1384 votis
3741 1315 4068 1402 rogandus
4110 1324 4233 1385 est.

2284 1398 2433 1464 Etsi
2476 1405 2697 1465 autem
2729 1421 2966 1486 graves
3001 1402 3219 1467 minae
3254 1410 3323 1467 et
3355 1412 3639 1470 terrores
3674 1403 3972 1482 volitant,
4011 1404 4232 1469 neseio

2285 1483 2441 1568 quid
2506 1492 2730 1550 tamen
2792 1507 3176 1571 prosperum
3243 1487 3516 1553 ominor.
3620 1486 3813 1570 Quod
3865 1509 4035 1573 papa
4211 1489 4225 1504 '

2290 1569 2593 1655 Philippo
2645 1658 2659 1672 ·
2672 1593 2826 1672 non·
2886 1572 3200 1641 satisfacit
3277 1579 3360 1675 et·
3405 1571 3573 1674 Dux·
3642 1573 4071 1676 Florentinus
4151 1596 4192 1640 a
4214 1662 4228 1676 ·

2284 1663 2566 1810 2333?
2608 1656 4234 1874 azitfftsfflssfffsssfflfflsffiffi

2285 1828 3597 2017 3⁰3⁸3qffl¹330ffi1050033125b3
3631 1829 3820 1983 13⁰1
3852 1839 4076 1984 ”m‘
3973 1832 4234 1983 ³⁰³3?

2283 2019 2530 2066 monul.
2617 1999 2795 2083 Quid
2852 2001 3159 2087 expediat
3214 2001 3540 2070 videbitls.
3621 2004 3843 2070 Absur
3887 2024 4001 2069 um
4062 2011 4234 2071 esset

2285 2106 2408 2151 nos
2471 2085 2822 2173 quidquam
2889 2108 3180 2155 seorsum
3244 2094 3521 2154 tentare.
3637 2088 3953 2155 Libenter
4014 2096 4232 2155 autem

2284 2174 2648 2239 sententiae
2711 2180 2969 2242 vestrae
3023 2173 3521 2242 subscribemus.
3619 2173 3809 2252 Vale,
3873 2173 4232 2241 elatissime

2282 2257 2390 2323 vir
2453 2265 2523 2324 et
2585 2259 2750 2325 mihi
2814 2281 2897 2326 ex
2962 2260 3180 2327 animo
3241 2259 3514 2327 oolende
3578 2260 3799 2327 stater.
3905 2259 4232 2326 Dominus

2284 2341 2408 2408 tibi
2452 2364 2711 2429 semper
2752 2344 2942 2426 adsit,
2987 2355 3052 2412 te
3098 2346 3213 2413 diu
3255 2353 3474 2413 servet
3512 2345 3906 2414 ineolumem
3949 2344 4232 2412 labores-

2323 2449 2409 2495 ue
2449 2438 2600 2498 tuos
2642 2430 3004 2498 benedioat.
3095 2431 3413 2499 Genevae
3472 2433 3551 2497 16
3597 2432 3822 2499 Martii
3873 2434 4054 2496 1562.
4142 2429 4229 2497 D.

2283 2514 2590 2668 ...3⁶22
2631 2516 3236 2670 ..aa
3277 2517 3936 2689 suffiae
3980 2536 4234 2601 w...

3191 2741 3481 2808 Ioannes
3524 2741 3847 2811 Calvinus
3888 2751 4061 2807 tuus.

3048 3033 3455 3048 m

3176 3287 3370 3359 8744.

2757 3440 3292 3511 GALLASIUS
3340 3441 3779 3509 GALVINO.

2286 3611 2735 3765 mmm
2789 3619 2847 3679 et
2899 3615 3240 3697 fastidiosa
3304 3615 3465 3682 adio
3514 3620 3728 3683 eontra
3777 3614 4036 3682 Petrum
4079 3614 4234 3681 Alo-

2595 3870 2702 3937 (Ex
2739 3869 3077 3941 autographo
3113 3871 3230 3926 Ood
3265 3872 3471 3928 Genev.
3505 3872 3625 3942 112,
3658 3872 3749 3928 fol.
3783 3870 3929 3939 205.)

2460 4041 2832 4109 Clarissimo
2890 4044 3033 4109 viro
3067 4042 3152 4110 D.
3199 4043 3432 4110 Ioanni
3477 4043 3759 4111 Oalvino
3812 4042 4232 4110 Genevensis

2287 4127 2596 4194 eeclesiae
2651 4128 3154 4214 vigilantissimo
3205 4130 3449 4215 pastori
3507 4131 3678 4215 patri
3722 4139 3788 4195 et
3829 4137 4231 4214 symmystae

2286 4212 2890 4281 observandissimo.
3723 4302 4053 4367 Gemm-

2458 4470 2529 4539 S.
2619 4472 2843 4538 Variis
2896 4471 3155 4556 quidem
3228 4470 3542 4538 molestiis
3606 4492 3689 4537 ex
3748 4490 3880 4556 quo
3938 4475 4092 4539 veni
4157 4474 4232 4541 in

2286 4558 2600 4644 Angliam
2627 4563 2677 4636 ¹)
2738 4557 3011 4626 affectus
3068 4577 3231 4636 sum,
3299 4557 3392 4622 mi
3445 4566 3651 4640 pater,
3717 4557 3835 4623 sed
3887 4578 4230 4643 nunquam

2490 4814 2523 4866 3
2585 4812 2674 4867 Ad
2714 4815 3169 4885 quomo-nvitun
3209 4811 4232 4873 &mini-amandatum&

2487 4813 2551 4950 43
2585 4880 2705 4937 Hoc
2735 4883 2862 4951 ipso
2882 4882 2987 4948 die,
3019 4881 3289 4950 poetridis
3307 4881 3464 4950 Idus,
3496 4883 3682 4938 urbem
3707 4885 3993 4939 instrat-m
4026 4900 4233 4956 maana

2282 5089 2474 5157 fimes.
2560 5086 4086 5157 Nampostadmmoumomuamrm
4149 5094 4231 5144 est

2287 5157 3596 5240 mmqoeeadbelhmeivaetendebant.
3671 5155 4227 5226 QuoaNoutaenon·

2286 5227 2483 5378 {¹553
2498 5294 2559 5365 1)
2596 5232 3045 5379 1v2¹3593fseeo
3117 5294 3207 5351 De
3240 5295 3473 5379 aquato
3513 5297 3634 5366 ipso
3669 5293 3806 5376 atos·
3824 5293 4001 5375 ,mm
4075 5292 4240 5366 say-

2286 5360 4078 5500 unamquemAmalibuenequemMmor.alnq2egdhabd.
