4850 6117
249 416 363 480 2⁷3

1101 598 1296 671 37⁰⁹.

847 771 1083 839 BEZA
1118 771 1551 840 CALVINO.

248 945 814 1099 mzicowratiora
858 945 1057 1011 tradit
1108 947 1184 1013 de
1225 945 1440 1012 ultimo
1493 944 1786 1028 colloquio
1838 965 1981 1012 cum
2028 944 2177 1012 Sor·

425 1050 501 1098 ts.

247 1223 343 1289 (Ex
374 1238 441 1275 au
599 1221 708 1291 pho
743 1220 878 1276 Ood.
915 1220 1120 1276 Genev.
1158 1218 1275 1288 117,
1309 1221 1400 1275 fol.
1436 1219 1524 1285 66,
1555 1221 1676 1274 0011.
1712 1236 1758 1274 0.
1794 1220 2009 1274 Simleri
2044 1219 2172 1274 Vol.

249 1289 336 1347 103
365 1290 455 1360 qui
528 1289 779 1360 escripsit
814 1307 883 1343 ex
920 1290 1050 1346 Cod.
1086 1289 1244 1344 Bern.
1280 1287 1636 1344 Stettleriano
1670 1288 1832 1343 hodie
1868 1286 1991 1343 122.
2044 1288 2175 1343 Edi-

246 1359 318 1414 dit
346 1359 479 1412 Bcza
514 1357 718 1413 Genev.
753 1375 806 1426 p.
840 1356 963 1426 264,
1000 1357 1159 1412 Laus.
1196 1375 1248 1427 p.
1285 1355 1404 1426 547,
1451 1357 1659 1413 Hanov.
1706 1375 1759 1428 p.
1794 1355 1917 1426 514,
1966 1356 2176 1412 Chouet

246 1445 294 1496 p.
323 1426 434 1494 362,
470 1427 643 1481 Amat.
680 1444 734 1497 p.
770 1426 888 1481 166.
927 1427 1107 1482 Habet
1144 1443 1359 1496 quoque
1406 1428 1578 1481 Banm
1626 1427 1695 1481 11.
1741 1428 1885 1497 App.
1930 1444 1984 1496 p.
2034 1424 2175 1493 161.)

400 1602 460 1665 A
501 1598 741 1665 Mons‘.
789 1598 1027 1663 Mons‘.
1071 1598 1447 1682 Despeville

1434 1687 1494 1748 A
1539 1682 2001 1749 villefranche.

400 1856 470 1924 S.
535 1856 810 1922 Miraris
864 1855 1178 1921 nimirum
1226 1862 1363 1921 tam
1414 1856 1618 1922 altum
1669 1862 1737 1921 et
1795 1854 2180 1921 diuturnum

247 1945 579 2097 {iliensium
673 1941 957 2027 Oulpam
1002 1942 1365 2008 sustineant
1423 1947 1677 2026 oportet
1729 1942 1841 2026 qui
1885 1940 2056 2007 diem
2100 1941 2180 2007 de

288 2032 339 2097 ’e
420 2036 646 2097 ucunt.
673 2032 725 2107 ¹)

400 2113 834 2182 Adversarios
876 2113 1194 2180 habemus
1248 2114 1487 2197 partim
1534 2111 1927 2182 Serbonicos
1969 2116 2182 2181 omnis

249 2202 510 2286 generis,
572 2201 820 2286 partim
875 2199 1104 2277 Italos,
1165 2199 1462 2280 Icsuitas,
1505 2198 1998 2281 Franciscanos,
2044 2201 2181 2267 Do-

249 2288 583 2354 minicanos
603 2286 666 2373 2)
711 2294 779 2352 et
821 2287 1055 2353 crescit
1082 2285 1369 2370 quotidie
1392 2305 1620 2352 eorum
1654 2307 1990 2352 numerus.
2042 2286 2182 2353 Nos

250 2383 501 2458 quatuor
534 2374 805 2441 omniuo
850 2394 1074 2438 sumus
1101 2372 1515 2453 Marloratus,
1566 2370 1969 2451 Perosoezius,
2011 2371 2184 2439 Bar-

249 2457 456 2535 mus,
499 2461 713 2527 bonus
757 2466 826 2524 et
867 2459 1123 2543 integer
1156 2458 1373 2537 homo,
1414 2456 1827 2526 Navarrenae
1860 2459 2179 2539 minister,

252 2554 311 2610 et
345 2565 476 2630 ego.
559 2543 981 2610 Conditiones
1024 2541 1325 2628 colloquii
1371 2543 1605 2610 nullae.
1697 2545 1982 2612 Tantum
2025 2565 2181 2612 con-

254 2631 445 2697 stituit
484 2631 751 2716 Regina
794 2629 878 2696 ad
919 2631 1293 2714 pontificem
1331 2630 1611 2710 mittere,
1657 2652 1824 2715 quae
1873 2629 2047 2696 ultro
2089 2632 2182 2699 ci-

253 2724 457 2800 troque
491 2716 671 2783 dicta
712 2717 976 2783 fuerint.
1028 2714 1230 2782 Vides
1267 2736 1464 2799 quam
1500 2716 1711 2781 multa
1742 2715 2104 2784 causificari
2122 2718 2180 2800 ⁸)

252 2801 501 2882 licuerit,
558 2814 785 2869 tamen
828 2803 987 2869 satis
1030 2801 1219 2869 nobis
1260 2800 1386 2867 fuit
1441 2803 1666 2868 testari
1725 2823 1809 2867 66
1868 2802 2182 2870 fratribus

255 2899 312 2954 et
346 2890 629 2956 ecclesiis
670 2888 884 2954 fraudi
926 2896 1115 2966 esset,
1161 2887 1590 2972 quodcunque
1624 2888 1861 2954 facturi
1897 2898 2012 2954 aut
2046 2887 2181 2955 dic-

255 2976 368 3040 turi
408 2995 715 3042 essemus.
804 2972 1200 3040 Addidimus
1254 2973 1334 3039 de
1378 2975 1670 3055 concilio,
1717 2995 1835 3041 nos
1899 2974 2180 3040 liberum

255 3062 573 3129 concilium
638 3081 766 3126 non
827 3057 1224 3139 detrectare,
1283 3060 1395 3126 sed
1451 3059 1814 3126 cuiusmodi
1868 3059 2032 3126 illud
2083 3069 2183 3126 est

255 3147 403 3228 quod
448 3169 629 3213 6660
674 3147 1040 3213 instituitur
1084 3166 1203 3230 pro
1247 3144 1431 3211 nullo
1478 3166 1518 3210 a
1565 3147 1752 3213 nobis
1800 3146 2177 3212 existimari.

255 3231 521 3298 Tandem
562 3234 770 3317 igitur
815 3240 1089 3299 ventum
1124 3239 1225 3298 est
1267 3230 1348 3296 ad
1387 3231 1780 3316 colloquium
1825 3232 1893 3297 in
1939 3254 2182 3317 magna

257 3315 427 3384 huius
468 3319 639 3385 arcis
682 3318 964 3398 basilica,
985 3323 1041 3394 ⁴)
1082 3321 1161 3382 28
1198 3318 1549 3400 superioris
1570 3319 1831 3384 mensis.
1856 3319 1906 3402 ⁵)
1963 3319 2181 3384 Inter-

257 3411 339 3467 est
370 3405 627 3490 Regina
659 3423 807 3474 cum
848 3402 1306 3471 cardinalibus
1341 3412 1409 3469 et
1444 3402 1712 3487 reliquis
1747 3405 1992 3489 privati
2027 3426 2180 3471 con-

259 3489 368 3554 silii
409 3490 812 3557 consiliariis.
934 3489 1189 3557 Adsunt
1245 3490 1444 3555 etiam
1505 3490 1786 3573 episcopi
1808 3492 1864 3569 ⁶)
1936 3489 2183 3574 aliquot

259 3574 354 3639 sed
394 3585 462 3642 ut
502 3576 764 3662 privati.
855 3575 1169 3642 Assident
1211 3597 1464 3660 quoque
1501 3595 1580 3641 ex
1619 3575 2044 3658 parlamentis
2079 3597 2180 3641 se-

257 3658 385 3725 lecti
440 3661 795 3728 duodecim.
907 3662 1322 3745 Praescripta
1375 3668 1534 3728 sunt
1586 3662 1877 3745 quinque
1933 3683 2009 3727 ca
2053 3664 2178 3728 ita:

259 3744 327 3810 de
365 3746 783 3833 Imaginibus,
844 3747 924 3813 de
967 3748 1175 3813 forma
1218 3747 1559 3831 Baptismi,
1616 3747 1695 3814 de
1739 3747 1950 3815 forma
2051 3768 2184 3814 om·

260 3835 584 3912 munionis,
654 3834 735 3899 de
793 3834 1109 3900 sacrificio
1175 3833 1436 3909 Missae,
1501 3831 1581 3899 de
1644 3834 2033 3914 Ministerio,
2102 3834 2183 3899 de

259 3914 587 3986 Doctrinae
653 3920 995 4004 capitibus.
1110 3919 1263 3984 Non
1329 3919 1542 4003 placet
1610 3919 1905 3986 fortassis
1974 3940 2182 4004 neque

262 4002 411 4082 ordo,
476 4027 686 4089 neque
753 4004 1007 4084 divisio,
1074 4025 1148 4072 ac
1204 4025 1290 4069 ne
1347 4004 1509 4071 mihi
1564 4005 1845 4089 quidem,
1910 4004 2024 4071 sed
2091 4007 2184 4071 ita

260 4088 445 4155 visum
481 4100 581 4158 est
615 4092 693 4157 iis
728 4091 840 4176 qui
883 4099 1160 4175 possunt
1195 4090 1431 4156 omnia.
1505 4091 1822 4176 Rogatus,
1868 4112 2065 4174 quam
2102 4090 2183 4156 ob
2296 4131 2335 4136 ⁴--

261 4193 495 4242 causam
531 4177 615 4242 ab
648 4177 918 4243 ecclesia
948 4178 1252 4243 Romana
1287 4177 1745 4244 discessionem
1782 4175 2181 4255 fecissemus,

262 4278 503 4328 exorsus
539 4284 685 4328 sum
722 4263 802 4328 ab
826 4262 958 4328 illis
994 4263 1593 4346 protestationibus,
1627 4260 1862 4328 deinde
1897 4261 1980 4328 ad
2017 4262 2180 4329 duas

262 4342 432 4414 horas
466 4347 545 4415 de
580 4348 976 4434 imaginibus
1020 4348 1159 4414 dixi
1194 4370 1356 4433 quae
1391 4348 1553 4414 mihi
1590 4347 1918 4433 suggessit
1950 4346 2182 4414 Domi-

263 4449 386 4509 nus,
428 4443 564 4499 tum
611 4455 694 4500 ex
737 4435 943 4518 ipsius
986 4436 1207 4512 verbo,
1250 4443 1392 4499 tum
1436 4454 1518 4499 ex
1564 4434 1808 4500 veteris
1851 4434 2032 4501 illius
2076 4456 2180 4501 ec·

262 4514 466 4585 clesiae
512 4520 917 4586 testimoniis.
1024 4519 1403 4586 Adversarii
1459 4527 1714 4604 tempus
1771 4520 1892 4586 sibi
1949 4519 2027 4585 ad
2075 4542 2178 4586 re-

263 4788 495 4860 87061)
532 4794 658 4850 Hoc
684 4795 920 4863 primum
956 4807 1162 4847 comma
1196 4808 1309 4849 non
1339 4798 1518 4848 exstat
1550 4793 1611 4847 ia
1645 4792 1993 4862 apum-aphia.

440 4863 493 4932 2)
530 4862 974 4919 sorbonistaram
1016 4863 1241 4916 nomina
1287 4861 1534 4917 habuisti
1575 4877 1747 4930 supra
1786 4861 1862 4916 N.
1895 4859 2033 4915 3698
2066 4868 2176 4918 not.

265 4924 305 4980 2·
334 4928 535 5007 ,Italum
573 4933 709 4988 dicit
736 4931 1119 4986 Justinianam
1144 4929 1539 5003 Gor-cyrensem,
1579 4929 1791 4985 Iosuita
1816 4932 1928 4996 fuit
1948 4930 2177 4993 Laena,

266 4992 507 5056 Emerita
561 5001 644 5056 10.
698 5002 766 5056 de
818 5001 971 5055 Han.
1017 5015 1061 5054 8.
1118 4999 1335 5066 Delum,
1385 4999 1789 5055 Dominicanua
1836 4999 1906 5054 de
1951 5000 2181 5056 Moachi

264 5060 665 5136 (Demochares).
739 5068 826 5137 Of.
866 5070 1121 5138 Laaqmt
1154 5068 1225 5126 ΙΙ.
1260 5068 1379 5122 204.
1415 5068 1617 5124 Baam.
1654 5069 1724 5124 11.
1762 5067 1883 5122 516.

441 5136 497 5203 3)
531 5138 811 5192 testificari
846 5139 1051 5209 Apoyr.

441 5206 499 5268 4)
534 5211 585 5261 A
619 5209 675 5261 la
707 5208 911 5277 grande
945 5209 1080 5261 salle
1114 5207 1186 5261 dn
1222 5206 1441 5261 conseil.
1514 5205 1683 5268 (Hm.
1720 5207 1839 5263 eccl.
1878 5206 1917 5259 I.
1954 5204 2097 5273 692.)

443 5276 500 5342 5)
535 5277 773 5331 Ianuarii
810 5277 862 5329 A
1006 5316 1018 5327 .

443 5343 491 5407 6)
526 5344 799 5415 principes
838 5295 1051 5402 §datlen

450 5428 667 5486 odoini
687 5445 872 5501 opem.
957 5432 1070 5487 Vol.
1104 5430 1270 5484 XIX.

1899 413 2060 477 1562
2100 411 2560 483 FEBRUAR.

4105 420 4242 486 274

2276 623 2308 667 s
2354 600 2728 669 ondeudum
2770 601 3205 686 postularunt.
3307 601 3754 669 Convenimus
3798 626 3835 671 e
4001 604 4244 674 ultimo

2277 624 2382 754 dle
2453 687 2647 754 huius
2700 688 2977 754 mensis:
2995 689 3050 772 ⁷)
3119 686 3352 754 habuit
3418 690 3774 756 orationem
3894 690 4236 774 auctam,

2276 770 2392 839 sed
2450 793 2717 857 prorsus
2764 773 3119 857 vulgarem.
3252 770 3589 857 Sequutus
3654 783 3756 841 est
3808 776 4063 844 Iesuita
4114 777 4236 846 illo

2274 858 2511 926 histrio
2566 857 2679 942 qui
2732 858 2802 923 in
2860 867 3188 926 conventu
3246 880 3500 944 quoque
3553 860 3965 928 Possiacensi
4023 864 4236 930 iuter-

2279 954 2571 1023 venerat,
2631 965 2750 1012 nec
2791 944 3014 1010 minus
3058 966 3128 1011 se
3169 945 3232 1012 le
3279 944 3459 1010 idum
3503 948 3828 1028 praestitit
3868 968 4066 1031 quam
4108 970 4234 1014 an·—

2275 1038 2400 1097 tea.
2429 1033 2483 1108 ⁸)
2548 1030 2769 1096 'I'ertio
2809 1028 2950 1097 loco
2994 1029 3163 1095 dixit
3326 1032 3586 1115 iqnaous
3627 1040 3697 1098 et
3738 1052 3897 1099 vere
3939 1033 4228 1115 profecto

2277 1129 2345 1183 et
2388 1117 2672 1183 fortiter:
2718 1137 2848 1182 nou
2893 1124 3238 1183 contentus
3283 1116 3497 1182 dicere
3539 1117 3716 1201 quod
3754 1139 3860 1184 res
3893 1131 4054 1196 erat,
4097 1119 4230 1185 nisi

2277 1204 2476 1268 etiam
2519 1223 2688 1285 quae
2748 1202 2829 1268 ab
2872 1200 3003 1268 illis
3046 1212 3237 1268 erant
3294 1201 3514 1280 allata,
3572 1204 3788 1285 palam
3843 1205 4227 1271 confutaret.

2277 1288 2405 1355 Ubi
2452 1287 2918 1354 animadvertit
2967 1287 3330 1354 Tumonius
3385 1309 3696 1371 quorsum
3744 1288 4045 1357 tenderet
4086 1290 4230 1357 eius

2278 1373 2503 1454 oratio,
2563 1374 2846 1457 primum
2903 1394 3315 1439 murmurare
3374 1372 3609 1440 deinde
3668 1375 4018 1459 querulari,
4076 1396 4229 1460 pos-

2278 1471 2488 1525 tremo
2531 1460 2757 1526 relicta
2804 1458 2955 1525 sede
3013 1458 3096 1523 ad
3137 1458 3358 1525 focum
3409 1480 3702 1544 pergere,
3758 1460 4022 1527 taudem
4072 1483 4232 1529 vero

2278 1545 2479 1610 etiam
2544 1547 2611 1611 iu
2674 1556 3046 1612 extremum
3108 1544 3428 1628 angulum
3493 1567 3635 1612 sese
3699 1548 3988 1632 recipere
4053 1547 4231 1614 unde

2277 1631 2568 1716 conspici
2610 1653 2741 1697 non
2784 1640 3037 1715 posset:
3087 1629 3462 1714 Saliynacus
3503 1651 3590 1696 ex
3624 1630 3902 1700 adverso
3936 1654 4229 1720 pergere,

2280 1729 2349 1783 et
2390 1738 2469 1783 eo
2513 1738 2718 1801 usque
2761 1716 3088 1800 progredi,
3151 1726 3227 1780 ut
3270 1716 3539 1784 diceret:
3606 1715 4017 1798 Idololatras,
4063 1721 4234 1788 sicut

2279 1804 2563 1888 petierat
2618 1801 2857 1882 David,
2875 1806 2932 1885 ⁹)
3000 1802 3070 1866 in
3129 1801 3381 1885 stipites
3431 1810 3497 1869 et
3550 1824 3714 1869 saxa
3770 1807 4096 1885 converti,
4155 1827 4232 1874 ao

2279 1888 2558 1973 proinde
2600 1889 2891 1955 veritatis
2936 1908 3162 1955 vocem
3205 1908 3338 1953 non
3379 1888 3711 1956 exaudire.
3799 1890 3931 1958 Ubi
3963 1891 4077 1957 ille
4121 1891 4234 1958 de-

2282 1976 2397 2040 siit
2459 1996 2806 2042 accurrens
2849 1971 3245 2041 Benedictus
3308 1972 3418 2039 ille
3482 1974 3979 2056 Dominicanus,
4009 1981 4094 2054 ¹⁰)
4157 1987 4235 2042 ut

2281 2060 2546 2127 ruentia
2583 2057 2758 2126 idola
2788 2060 3063 2137 fulciret,
3107 2061 3319 2125 multa
3349 2059 3694 2127 blateravit
3721 2061 3839 2127 sed
3879 2061 4234 2130 falsissima

2282 2158 2350 2213 et
2392 2147 2814 2231 ineptissima.
2869 2144 3166 2212 Tandem
3210 2145 3414 2230 igitur
3461 2146 3767 2230 respondi
3809 2156 3878 2213 et
3899 2146 4233 2234 Saliynaco

2282 2253 2613 2312 assensus,
2666 2233 2768 2300 sin
2891 2253 2931 2296 a
2986 2231 3265 2297 aliorum
3321 2243 3710 2316 argumenta
3765 2232 3859 2298 ita
3918 2243 3992 2300 ut
4047 2235 4234 2320 potui

2283 2318 2533 2385 diluere
2587 2317 2823 2385 studui.
2925 2317 3032 2382 Ita
3086 2317 3447 2385 discessum
3495 2326 3597 2384 est
3651 2318 4058 2400 adversariis,
4105 2321 4236 2388 Dei

2281 2406 2516 2491 gratia,
2553 2425 2628 2472 eo
2672 2403 2967 2470 adductis
3003 2413 3077 2468 ut
3119 2403 3250 2469 nisi
3293 2425 3424 2470 nox
3468 2403 3929 2472 intervenisset
3972 2423 4236 2489 prorsus

2283 2491 2575 2576 superati
2636 2489 2843 2556 videri
2908 2488 3264 2573 potuerint.
3383 2488 3601 2557 Hodie
3666 2488 3948 2557 reditum
4000 2500 4103 2559 est
4164 2493 4238 2558 in

2283 2597 2608 2661 campum.
2717 2576 3021 2660 Longam
3085 2576 3449 2641 orationem
3513 2576 3747 2643 habuit
3810 2577 4237 2665 corcyrensis

2285 2662 2554 2748 quidam
2589 2662 3092 2741 Franciscanus,
3136 2669 3214 2726 ut
3257 2661 3462 2740 aiunt,
3499 2663 3738 2747 Legati
3775 2664 4037 2744 assecla,
4074 2666 4236 2732 satis

2287 2757 2517 2816 acutus
2574 2748 2885 2832 sophista,
2938 2768 3061 2813 660
3118 2769 3385 2831 prorsus
3431 2747 3795 2834 imperitus.
3897 2749 4236 2833 Sequutus

2285 2843 2389 2902 est
2435 2834 2683 2920 Spensa
2702 2840 2723 2875 ¹
2739 2840 2786 2919 ι)
2830 2835 2946 2919 qui
2988 2832 3425 2918 copiosissime
3472 2854 3734 2902 causam
3788 2845 4078 2901 nostram
4122 2835 4234 2901 de·

2285 2920 2509 3002 fendit,
2555 2922 2648 2987 ita
2691 2930 2929 2994 tamen,
2975 2930 3049 2985 ut
3083 2920 3289 2985 multo
3323 2920 3545 2986 minus
3579 2940 3933 2987 nervorum
3965 2921 4238 2988 haberet

2285 3028 2481 3092 quam
2547 3006 2924 3091 Saliqnaous
2940 3058 2956 3086 ,
3031 3026 3152 3073 nec
3207 3014 3346 3071 tam
3402 3008 3651 3073 sincere
3706 3007 3867 3089 quin
3920 3006 4236 3074 nonnulla

2282 3093 2740 3177 permiscuerit
2797 3114 2961 3176 quae
3019 3090 3430 3159 adversarios
3485 3092 3822 3174 placarent
3836 3144 3854 3172 ,
3917 3094 4236 3161 conclusit

2282 3179 2468 3247 nullo
2534 3202 2653 3247 660
2709 3191 2980 3246 externo
3038 3200 3160 3244 nec
3223 3179 3483 3244 interno
3546 3179 3729 3244 cultu
3795 3178 4026 3262 dignas
4092 3201 4235 3246 esse

2284 3266 2624 3351 imagines.
2713 3263 2847 3332 Sed
2893 3263 2972 3330 de
3017 3285 3209 3331 cruce
3251 3266 3460 3330 multa
3500 3264 3791 3348 protulit,
3827 3286 3901 3331 re
3935 3266 4006 3330 in
4040 3265 4235 3333 dubio

2285 3352 2528 3431 relicta,
2600 3359 2667 3416 et
2721 3372 2804 3416 ex
2870 3349 3133 3433 templis
3198 3351 3456 3434 penitus
3514 3349 3803 3416 tollenda
3866 3351 4039 3418 idola
4103 3372 4236 3419 non

2283 3437 2559 3516 censuit,
2620 3436 2900 3520 denique
2958 3435 3134 3520 quod
3177 3444 3353 3502 recte
3408 3447 3775 3517 censuerat,
3819 3448 4089 3503 conatus
4135 3451 4235 3503 est

2284 3533 2615 3607 utcunque
2658 3522 2966 3588 emollire.
3082 3522 3313 3588 Iussus
3369 3531 3472 3587 cst
3528 3537 3755 3605 postea
3795 3523 4055 3607 prodire
4105 3523 4235 3589 Mi·

2283 3610 2504 3675 nimus
2533 3608 2615 3693 ¹²)
2691 3607 2804 3673 ille
2865 3607 3342 3674 Parisiensium
3422 3607 3813 3675 seditionum
3891 3610 4001 3675 fax
4017 3661 4034 3689 ‚
4105 3628 4233 3692 quo

2282 3695 2449 3760 nihil
2509 3695 2790 3778 ineptius
2850 3702 2917 3759 et
2973 3693 3297 3760 indoctius
3354 3692 3583 3760 audire
3634 3694 3920 3761 memini.
4030 3694 4235 3760 Eram

2284 3801 2718 3865 responsurus
2782 3780 2836 3846 si
2904 3801 3022 3863 per
3077 3790 3335 3863 tempus
3397 3779 3708 3847 licuisset.
3819 3780 3971 3845 Nox
4031 3781 4234 3863 igitur

2284 3867 2458 3933 hanc
2503 3867 2762 3933 tertiam
2807 3866 3131 3934 actionem
3164 3864 3443 3945 diremit,
3482 3886 3676 3950 quam
3721 3886 3860 3949 ego,
3907 3873 3982 3930 ut
4024 3884 4233 3948 spero,

2281 3975 2431 4020 cras
2484 3950 2825 4036 excipiam.
2855 3954 2941 4030 ¹⁸)
3075 3952 3150 4019 Si
3218 3973 3412 4037 rogas
3469 3951 3622 4034 quid
3680 3949 3978 4034 sperem?
4087 3951 4235 4017 Hoc

2533 4129 2690 4137 ——n

2492 4241 2554 4309 7)
2591 4243 2664 4296 Es
2699 4248 2882 4297 autres
2909 4243 3065 4311 jours
3100 4244 3320 4298 suivans
3356 4241 3560 4295 chacun
3594 4240 3690 4293 des
3732 4240 3944 4304 susdits,
3978 4241 4235 4296 docteura

2283 4317 2342 4367 et
2376 4312 2650 4366 ministres
2687 4318 2781 4365 eut
2815 4327 2915 4365 sou
2963 4319 3089 4367 tour
3122 4329 3248 4367 sans
3284 4311 3413 4379 qu’il
3448 4328 3482 4378 y
3518 4316 3612 4363 eut
3644 4324 3847 4363 aucune
3881 4310 4129 4379 replique
4166 4328 4235 4368 66

2281 4381 2523 4435 maniere
2560 4380 2628 4433 de
2664 4380 2895 4452 disputo.

2488 4446 2547 4517 8)
2581 4449 2627 4502 11
2662 4452 2764 4503 mit
2796 4449 2938 4504 deux
2972 4465 3158 4503 causes
3205 4465 3273 4502 66
3308 4452 3474 4501 avant
3517 4463 3656 4514 pour
3732 4462 3929 4500 rouver
4002 4464 4069 4502 ue
4106 4453 4232 4503 tout

2278 4535 2341 4572 ce
2377 4517 2505 4587 qu'il
2542 4535 2677 4601 nous
2713 4519 2827 4572 faut
2859 4518 2993 4571 faire
3029 4517 3166 4571 n'est
3199 4533 3297 4598 pas
3314 4521 3547 4570 eonteuu
3582 4531 3674 4598 66,
3706 4515 3941 4585 aparole
4016 4532 4046 4570 6
4072 4515 4229 4574 Dieu.

2277 4588 2703 4725 οὲἶὲἔθῗέἰὶῗ.
2726 4586 3178 4723 Ρῗὲἒὲθῃῧῗῃέἲ
3200 4587 3837 4724 ,ἕὲἶιᾮὲἕῗιιίῗὲοὲῗορ
3873 4600 4017 4654 Μ’
4053 4586 4108 4638 ¹⁸
4142 4602 4227 4641 ’θ’

2456 4724 2548 4884 lg),
2576 4721 2937 4874 563616οξ6τῇ
2971 4806 3108 4872 pour
3142 4794 3415 4872 monstret
3452 4806 3558 4861 que
3605 4791 3678 4845 du
3713 4796 3891 4862 temps
3923 4789 3993 4872 de
4028 4790 4085 4847 S.
4120 4792 4232 4875 De·

2276 4879 2379 4986 a:
2410 4863 2614 4997 53:3¹2.
2633 4862 2873 4985 8638
2902 4865 3250 4996 uffart..
3258 4859 3675 4983 (18885ςέ
3682 4859 3893 4998 ’,ξςεὲὲ
3928 4860 3995 4982 ἓ.
4008 4866 4232 4983 aa}

2277 5000 2441 5067 neiat,
2475 5000 2672 5067 auquel
2706 4999 2746 5051 il
2780 4966 3172 5065 fnt’rospondu
3226 5015 3327 5066 par
3361 4998 3429 5052 de
3466 5000 3607 5052 Bene
3656 5015 3761 5067 que
3809 5015 3906 5051 son
3944 5006 4232 5066 argument

2275 5067 2446 5122 estoit
2476 5066 2545 5120 de
2583 5081 2754 5119 verre.

2454 5135 2546 5190 11)
2589 5134 2664 5187 (1.
2702 5133 3024 5201 d’Esponce.

2451 5204 2544 5271 12)
2591 5203 2724 5257 Vide
2756 5218 2932 5271 supra
2967 5210 3076 5258 not.
3111 5203 3161 5256 2.
3236 5203 3436 5260 Delum
3478 5204 3771 5269 immutor
3811 5203 3998 5269 fuerat
4029 5201 4246 5257 mnu-

2278 5279 2366 5328 tus
2400 5272 2481 5326 ad
2519 5272 2574 5328 S.
2613 5272 2891 5328 medardi.
2961 5273 3193 5343 (Apoar.
3229 5273 3452 5329 habeat.-
3488 5272 3852 5338 Parisiensis.)

2455 5341 2545 5409 13)
2581 5340 2759 5397 Betae
2794 5344 3092 5399 oratiam
3125 5345 3347 5414 praebet
3378 5339 3528 5396 Eiet.
3564 5341 3681 5396 eccl.
3719 5338 3918 5476 L18696.
