4850 6117
637 426 756 490 351

637 614 834 681 nibus
910 631 1103 679 verae
1182 609 1608 677 iucunditatis
1682 607 2251 677 commoditatibus
2414 606 2584 673 rfrui

638 695 1103 767 concederetur
1141 748 1159 776 ,
1210 696 1508 781 praefata
1564 705 1787 761 tamen
1842 692 2255 761 incommoda
2311 694 2325 708 ‘
2383 715 2423 760 a
2468 692 2582 759 ob-

637 783 890 852 staculo
947 783 1111 850 mihi
1163 795 1232 847 et
1284 780 1751 866 impedimento
1808 788 1984 860 sunt,
2043 781 2393 864 quominus
2449 778 2586 847 voti

637 870 968 954 animique
1024 869 1154 936 mei
1217 888 1481 952 compos
1536 867 1681 934 fieri
1736 887 1986 951 queam.
2075 866 2301 933 Rebus
2365 872 2584 931 autem

638 956 884 1023 nostris
926 955 1052 1022 hoc
1095 953 1285 1021 modo
1328 952 1698 1021 constitutis
1741 975 1874 1019 non
1917 974 2067 1018 raro
2113 952 2293 1019 illius
2336 950 2586 1019 Comici

636 1040 959 1120 recordor,
1010 1037 1268 1125 quando
1327 1040 1547 1108 valere
1612 1047 1689 1106 ut
1747 1037 2050 1106 volumus
2106 1059 2238 1105 non
2294 1038 2463 1118 licet,
2511 1045 2588 1103 ut

636 1129 898 1213 quimus
935 1127 1105 1194 vitae
1148 1126 1469 1192 rationem
1513 1145 1632 1192 nos
1673 1125 2017 1192 instituere
2061 1123 2313 1191 debere.
2350 1128 2400 1201 ¹)

809 1212 1161 1281 Caeterum
1194 1210 1353 1295 quid
1387 1211 1705 1295 superiori
1740 1231 1915 1277 anno
1949 1211 2123 1275 inter
2156 1232 2263 1276 me
2298 1216 2366 1276 et
2408 1209 2586 1275 theo-

637 1300 821 1384 logos
879 1309 1138 1364 nostros
1182 1312 1398 1363 actum
1451 1297 1556 1376 sit,
1600 1320 1683 1363 ex
1719 1296 1929 1362 literis
1973 1298 2137 1362 meis
2179 1294 2437 1361 abunde
2481 1315 2585 1360 sa-

638 1388 725 1452 tis
770 1387 1133 1470 percepisse
1180 1393 1244 1448 te
1286 1383 1557 1449 confido.
1646 1382 1774 1449 Ubi
1819 1384 1990 1449 inter
2033 1382 2162 1447 alia
2203 1390 2273 1447 et
2317 1383 2442 1447 hoc
2484 1382 2586 1445 in-

638 1478 889 1538 sertum
946 1478 1011 1537 te
1062 1470 1395 1536 invenisse
1451 1478 1626 1552 pute,
1674 1468 1759 1534 D.
1805 1467 2141 1535 Brentium
2197 1466 2446 1550 aliquot
2502 1487 2588 1532 ex

641 1556 908 1624 Luam·
984 1554 1170 1622 libris
1236 1554 1576 1638 collegisse
1642 1554 1819 1621 locos
1895 1554 2127 1637 quibus
2204 1551 2587 1637 ubiquitatis

639 1650 1015 1728 portentum
1081 1641 1439 1727 adprobare
1504 1640 1754 1706 nititur.
1854 1639 2083 1723 Nuper
2144 1660 2322 1717 vero,
2387 1649 2465 1703 ut
2514 1639 2586 1702 in

641 1729 970 1796 sententia
1023 1727 1134 1793 illa
1196 1739 1541 1805 asseveret,
1585 1725 1880 1792 libellum
1932 1726 2213 1792 latinum
2256 1724 2585 1807 conscrip-

641 1816 749 1895 sit,
770 1817 828 1895 ²)
861 1834 1048 1899 quem
1095 1822 1319 1879 tamen
1360 1811 1677 1878 hactenus
1716 1811 1935 1896 legere
1981 1833 2114 1878 non
2155 1810 2359 1876 licuit.
2447 1810 2585 1875 Ex-

644 1899 899 1986 emplar
942 1905 1158 1965 autem
1214 1898 1360 1964 heri
1404 1896 1822 1984 stuttgardia
1862 1898 2028 1963 mihi
2071 1897 2295 1962 afferri
2338 1896 2583 1974 curavi,

642 1996 721 2053 ut
762 1985 884 2051 tibi
926 1994 992 2050 et
1033 1982 1294 2051 Calvino
1338 1991 1562 2050 nostro
1595 1985 2078 2050 communicare
2120 2003 2396 2066 possem.
2458 1980 2588 2047 Cui

641 2072 727 2139 D.
796 2070 1089 2156 Philippi
1164 2069 1661 2137 Melamhthonis
1743 2078 2007 2136 sanctae
2080 2069 2431 2140 memoriae
2505 2065 2588 2132 de

640 2179 845 2225 coena
900 2155 983 2222 ad
1045 2155 1424 2223 Palatinum
1488 2156 1710 2222 Rheni
1775 2155 2087 2223 iudicium
2112 2156 2165 2233 ⁸)
2229 2154 2589 2239 adiungere

639 2242 839 2322 volui,
896 2256 1168 2327 sperans
1238 2240 1417 2307 haud
1473 2241 1666 2308 dubie
1731 2239 1815 2306 ad
1879 2241 2135 2307 futuras
2197 2239 2586 2306 Franoofnr-

641 2330 946 2396 densium
989 2326 1320 2394 nundinas
1372 2335 1666 2392 vestrum
1714 2347 1912 2411 super
1952 2327 2246 2410 utrisque
2277 2324 2589 2393 iudicium

641 2436 751 2481 me
808 2434 958 2482 acce
1003 2422 1249 2479 turum.
1337 2412 1473 2478 Ore
1535 2423 1603 2479 et
1644 2414 1902 2498 scriptis
1946 2412 2254 2479 Brentius
2286 2419 2586 2489 testatur,

643 2520 715 2567 se
772 2500 870 2566 ita
912 2521 960 2565 u
1005 2499 1342 2583 iquitatem
1393 2500 1678 2582 corporis
1720 2498 1971 2565 Christi
2023 2519 2315 2565 asserere
2369 2504 2446 2563 ut
2486 2504 2587 2562 ta·

643 2606 802 2652 men
841 2586 1105 2652 interim
1149 2608 1192 2650 n
1274 2603 1558 2668 usquam
1599 2584 1806 2669 ipsius
1838 2582 2253 2652 diffusionem
2296 2604 2413 2650 seu
2455 2581 2590 2648 dis-

643 2670 1035 2738 tractionem
1081 2670 1240 2736 intel
1273 2671 1287 2685 ‘
1379 2680 1424 2735 t.
1515 2674 1621 2736 An
1680 2680 1901 2736 autem
1946 2691 2182 2755 corpus
2217 2670 2590 2736 humanum

642 2757 874 2824 eodem
927 2763 1221 2841 tempore
1265 2779 1309 2822 u
1353 2757 1505 2840 ique
1548 2765 1613 2822 et
1657 2757 1728 2821 in
1770 2755 2073 2822 omnibus
2114 2754 2290 2836 locis,
2335 2757 2468 2820 imo
2503 2756 2590 2820 si-

642 2843 785 2910 mul
825 2844 895 2910 in
938 2843 1131 2910 terris
1173 2864 1249 2910 ac
1291 2842 1486 2909 coelis
1529 2844 1671 2908 sine
1704 2842 2142 2921 distractione,
2188 2841 2589 2919 extensione,

644 2930 991 2996 diffusione
1040 2948 1181 2996 esse
1234 2937 1447 3012 queat,
1504 2936 1581 2994 ut
1621 2928 1884 2994 interim
1941 2929 2082 2996 veri
2124 2928 2414 3013 corporis
2448 2945 2588 2992 mo-

645 3015 803 3082 dum
848 3016 1147 3092 retineat,
1192 3014 1357 3080 mihi
1401 3035 1486 3079 ex
1528 3034 1751 3081 sacrae
1793 3014 2158 3098 scripturae
2199 3013 2590 3081 testimoniis

644 3099 980 3186 probabile
1034 3121 1166 3167 non
1214 3098 1490 3169 videtur.
1580 3099 1930 3185 Quumque
1984 3100 2052 3166 id
2118 3101 2332 3185 ipsum
2389 3098 2591 3165 solius

647 3185 912 3253 deitatis
945 3187 1034 3251 sit
1068 3186 1424 3270 proprium,
1462 3186 1856 3253 testantibus
1897 3194 2038 3252 tam
2072 3188 2346 3270 spiritus
2380 3187 2592 3252 sancti

646 3271 931 3339 oraculis
962 3293 1159 3357 quam
1196 3272 1599 3338 orthodoxae
1640 3293 1717 3339 ac
1740 3273 2023 3356 purioris
2045 3272 2354 3339 ecclesiae
2388 3269 2592 3354 scrip·

646 3359 757 3439 tis,
816 3360 1099 3444 ingenue
1147 3358 1352 3423 fateor
1400 3378 1505 3425 me
1544 3380 1663 3425 nec
1704 3360 1948 3425 mentis
1988 3379 2110 3425 nec
2143 3357 2296 3424 fidei
2338 3357 2592 3424 viribus

643 3443 909 3511 illorum
988 3445 1386 3510 sententiam
1448 3445 1705 3528 assequi
1769 3464 1975 3528 posse.
2085 3443 2594 3529 Ratisponensis

645 3552 805 3597 vero
846 3530 1077 3597 Gallus
1113 3528 1244 3607 ille,
1265 3534 1322 3611 ⁴)
1375 3531 1551 3614 turpi
1602 3540 1830 3597 contra
1917 3540 2360 3616 raeceptorem
2399 3526 2592 3613 galli-

646 3617 817 3685 cinio
859 3637 980 3683 suo
1025 3624 1337 3699 tanquam
1394 3637 1586 3683 sorex
1640 3638 1710 3682 se
1754 3637 1871 3700 pro
1916 3637 2033 3683 ens
2075 3616 2416 3682 manifeste
2461 3624 2591 3680 tes·

646 3712 847 3786 tatur,
904 3723 974 3768 se
1031 3702 1271 3768 amisso
1313 3700 1566 3785 pudore
1621 3702 1815 3786 plane
1857 3722 2121 3768 omnem
2162 3700 2595 3768 humanitatis

645 3810 911 3856 sensum
955 3789 1235 3854 exuisse.
1301 3787 1690 3854 Incredibile
1734 3786 1913 3854 dictu
1955 3797 2074 3866 est,
2120 3788 2341 3867 frater,
2385 3807 2592 3872 quan-

646 3887 788 3941 tum
849 3875 1069 3940 animo
1116 3894 1259 3940 meo
1303 3874 1542 3941 vulnus
1584 3875 1892 3959 infligant
1935 3872 2302 3940 istiusmodi
2350 3874 2591 3938 facino·

643 3980 943 4027 rosorum
1001 3960 1464 4046 sycophantica
1521 3962 1590 4026 in
1634 3961 1935 4026 homines
1977 3961 2221 4045 optime
2263 3958 2346 4025 de
2389 3958 2593 4025 eccle-

645 4048 747 4113 sia
808 4046 1077 4114 meritos
1131 4055 1506 4112 scommata.
1621 4046 2012 4127 Paucorum,
2072 4046 2371 4130 inprimis
2437 4065 2594 4112 vero

647 4132 913 4198 Lutheri
933 4185 947 4209 ,
1017 4132 1409 4197 testimoniis
1493 4132 1644 4197 fulti
1708 4144 1937 4197 contra
1994 4152 2222 4198 omnes
2300 4132 2603 4197 omnium·

648 4228 1014 4301 temporum
1040 4224 1301 4282 autores
1334 4238 1476 4284 sese
1497 4218 1969 4284 munitissimos
2001 4237 2147 4285 esse
2169 4216 2595 4284 arbitrantur.

648 4303 916 4368 Etenim
974 4324 1124 4369 cum
1184 4300 1267 4366 D.
1323 4301 1584 4370 Calvino
1621 4303 1963 4369 Lutherum
2018 4304 2349 4388 insignem
2407 4300 2597 4368 verbi

651 4385 856 4453 divini
904 4409 1284 4472 praeconem
1329 4398 1396 4454 et
1440 4389 1694 4456 Christi
1735 4389 2100 4472 apostolum
2136 4408 2440 4473 agnosco,
2483 4409 2594 4455 ve·

649 4494 798 4537 rum
857 4495 987 4539 non
1047 4495 1122 4539 eo
1164 4495 1292 4558 quo
1333 4476 1442 4541 isti
1493 4488 1559 4541 et
1603 4474 2100 4541 Wismariensis
2142 4473 2255 4539 ille
2302 4471 2595 4540 &aeden-

653 4664 876 4672 ——-——-

651 4798 922 4935 885033
963 4798 1171 4881 Terent.
1205 4800 1385 4856 Andr.
1423 4802 1542 4856 Aa.
1577 4799 1688 4856 IV.
1724 4815 1797 4857 sc.
1831 4799 1884 4884 β,
1924 4798 2001 4854 10.
2356 4867 2369 4881 ⁶
2474 4868 2487 4880 ι

651 4938 880 5019 duarum
917 4866 1231 5018 ngurarum
1265 4868 1593 4993 geon'lllzgsqg
1619 4867 2596 5021 ὝΜ1ΒίΡυΘιῗοῖὴιᾞοηῖ-ῃοῆἓ

650 5004 1173 5145 sesamam
1196 5005 1275 5088 ³²0³
1310 5006 1680 5129 aaa&
1699 5015 1888 5132 aa
1923 5006 2250 5131 ‘aaa‘
2301 5012 2597 5130 arm*

950 5142 1211 5198 Iudicium
1248 5144 1313 5200 D.
1346 5143 1446 5197 Ph.
1474 5143 1599 5197 Mel.
1634 5142 1702 5198 de
1736 5145 2109 5201 controversia
2142 5160 2343 5199 coenae
2376 5143 2599 5199 Domini

654 5211 1277 5404 adminibaoringiffigo
1310 5212 1466 5269 Dom.
1502 5210 1836 5267 Fridericum
1870 5211 2135 5269 Comitem
2172 5213 2349 5268 Rheni
2382 5212 2598 5270 Electo-

858 5349 919 5417 4)
962 5348 1038 5405 N.
1213 5391 1224 5401 .

2138 416 3131 516 EPISTOLAE03760-3751

2689 4476 2794 4559 ‘ris
2833 4476 2985 4554 tuis,
3028 4476 3162 4542 iam
3207 4474 3524 4542 nundinis
3563 4474 3742 4543 hisce

4478 423 4575 488 352

2685 607 2894 675 stede⁵
2946 607 3158 687 modo,
3202 607 3317 692 qui
3333 613 3557 692 aperte
3579 605 4059 691 pronunciavit,
4103 623 4302 670 unam
4322 605 4580 673 eandem·

2685 714 2814 778 que
3097 694 3113 708 ⁹
3168 700 3234 759 et
3277 692 3472 759 Pauli
3519 712 3662 760 esse
3703 691 4086 772 doctrinam,
4131 698 4455 775 utramque
4493 714 4582 759 ve·

2684 800 2829 846 ram
2881 788 2950 846 et
3013 777 3476 860 indubitatam,
3537 777 3631 845 sic
3695 784 3771 844 ut
3823 777 4144 845 alterutra
4194 775 4451 860 probata
4497 778 4586 844 vel

2685 874 2928 951 negata
2970 876 3248 949 utraque
3292 864 3485 931 simul
3520 862 3834 949 probetur
3878 868 3992 930 aut
4023 869 4325 948 negetur:
4357 861 4586 947 proinde

2684 952 2883 1020 licere
2926 951 3000 1018 in
3055 949 3476 1035 adprobanda
3531 948 3751 1035 aliqua
3793 949 4089 1017 doctrina
4128 968 4170 1014 a
4212 946 4462 1016 Iadhm‘
4496 965 4587 1015 au·

2685 1038 2950 1105 toi-itate
2998 1043 3387 1120 argumento
3445 1036 3563 1103 uti.
3652 1034 3822 1118 Quis
3870 1057 4004 1103 non
4059 1055 4209 1103 cum
4267 1035 4589 1119 Augustino

2685 1124 2961 1191 istorum
3009 1142 3322 1189 vesanam
3373 1122 3751 1190 caecitatem
3809 1120 4215 1189 acclamaret.
4316 1118 4375 1187 Ο
4416 1119 4590 1187 detes-

2688 1208 2964 1277 tandum
3022 1229 3312 1275 errorem
3372 1207 3713 1275 hominum
3785 1208 3897 1292 qui
3961 1206 4284 1274 clarorum
4339 1206 4593 1272 virorum

2689 1294 3009 1381 quaedam
3052 1317 3186 1361 non
3228 1302 3404 1361 recte
3444 1294 3618 1362 facta
3649 1291 4067 1361 laudabiliter
4108 1313 4179 1359 se
4221 1291 4458 1358 imitari
4534 1313 4592 1358 u-

2688 1392 2838 1448 tant
2877 1401 2918 1447 a
2959 1401 3238 1465 quorum
3284 1381 3634 1449 virtutibus
3677 1379 3875 1446 alieni
3914 1379 4096 1446 sunt!
4143 1377 4249 1445 vel
4284 1375 4442 1444 illud

2687 1468 2827 1534 vini
2860 1469 3087 1547 nostri,
3130 1464 3304 1551 quod
3339 1465 3494 1534 huic
3537 1486 3671 1532 non
3716 1464 4030 1533 dissimile
4074 1474 4208 1531 est:
4255 1462 4317 1530 O
4342 1462 4596 1542 Πάλαι,

2688 1576 2886 1638 quam
2949 1573 3192 1637 paucos
3266 1566 3418 1619 tuae
3479 1552 3921 1637 praestantiae
3993 1551 4373 1629 imitatores,
4434 1569 4598 1634 quam

2688 1639 2930 1791 multos
2995 1660 3154 1706 vero
3221 1646 3484 1705 sanctae
3565 1646 3720 1705 tuae
3797 1637 4147 1705 iactantiae
4214 1638 4436 1703 simias·
4346 1637 4361 1651 ⁸
4476 1633 4597 1701 reli·

2690 1725 2889 1810 quisti

2860 1811 3200 1894 Quantum
3257 1831 3411 1877 vcro
3467 1809 3548 1876 ad
3607 1831 3711 1876 me
3769 1817 4040 1894 spectat,
4083 1810 4251 1876 scias
4306 1806 4509 1876 adhuc
4543 1808 4601 1872 in

2689 1897 3277 1983 Detthingensium
3333 1895 3605 1964 ecclesia
3657 1916 3764 1962 me
3818 1894 4225 1976 commorari,
4283 1902 4355 1960 et
4395 1893 4597 1978 princi·

2686 1984 2792 2069 pis
2826 1983 3038 2050 nostri
3079 1991 3357 2048 matrem
3393 1981 3807 2067 Niirthingae
3847 1982 4253 2049 habitantem
4266 1981 4329 2058 ⁶)
4372 2001 4470 2046 me
4507 1998 4602 2063 pro

2685 2077 2950 2154 pastore
2992 2077 3058 2135 et
3109 2069 3560 2136 concionatore
3601 2090 3718 2135 suo
3761 2069 4118 2134 etiamnum
4164 2066 4361 2134 hodie
4400 2085 4599 2152 agnos-

2688 2175 2853 2222 cere.
2963 2155 3235 2221 Domini
3310 2154 3518 2221 nostri
3579 2152 3735 2221 Iesu
3797 2152 4050 2224 Christi
4105 2161 4292 2237 pater
4362 2153 4599 2236 spiritus

2688 2243 2900 2309 sancti
2947 2241 3048 2308 sui
3096 2242 3162 2307 vi
3204 2248 3274 2305 et
3315 2241 3603 2307 efficacia
3643 2241 3811 2306 faxit
3853 2248 3928 2305 ut
3969 2239 4042 2305 in
4084 2239 4349 2323 pietatis
4391 2237 4601 2304 verim-

2688 2328 2904 2412 tisque
2959 2325 3364 2394 confessione
3420 2327 3493 2392 in
3536 2327 3730 2394 finem
3784 2325 3958 2392 vitae
4002 2345 4209 2409 usque
4253 2330 4603 2391 constanter

2687 2433 3106 2497 perseverare
3148 2433 3481 2496 queamus.

2863 2500 3084 2583 Teque
3127 2507 3195 2565 et
3239 2497 3573 2565 Calvinum
3604 2506 3905 2565 nostrum
3946 2497 4186 2563 obnixe
4228 2504 4489 2581 rogatos
4519 2515 4606 2560 vo·

2689 2584 2929 2666 lumus,
2986 2594 3059 2651 ut
3111 2584 3414 2670 precibus
3467 2584 3708 2652 vestris
3757 2582 3935 2667 apud
3978 2582 4322 2650 Christum
4369 2602 4484 2647 nos
4519 2581 4603 2645 iu·

2689 2691 2852 2737 vare
2906 2674 3212 2757 pergatis,
3276 2668 3450 2755 quod
3502 2670 3793 2738 vicissim
3845 2691 3965 2754 pro
4022 2667 4205 2736 vobis
4247 2666 4519 2734 fideliter
4554 2672 4608 2730 et

2691 2777 2815 2824 nos
2857 2756 3146 2825 facturos
3198 2764 3539 2839 persancte
3592 2754 3993 2840 pollicemur.
4080 2754 4390 2840 Denique
4429 2775 4506 2821 ex
4541 2751 4608 2817 li·

2692 2844 2855 2909 teris
2907 2844 3073 2909 meis
3126 2841 3244 2909 tibi
3308 2849 3563 2908 constat
3612 2841 3863 2926 aliquot
3922 2839 4175 2908 Caluini
4226 2838 4530 2925 opuscula
4576 2858 4607 2903 a

2693 2949 2803 2994 me
2859 2928 2932 2995 in
2975 2928 3438 2996 Germanicam
3494 2927 3793 3013 linguam
3846 2948 3989 2994 esse
4030 2946 4371 3006 conversa,
4406 2944 4608 2993 verum

2693 3014 3067 3100 principum
3122 3013 3468 3082 interdicto
3521 3023 3786 3081 cautum
3845 3013 4194 3099 quominus
4240 3013 4422 3096 typis
4462 3031 4608 3077 com-

2694 3101 3005 3169 miserim.
3092 3100 3323 3184 Nuper
3356 3108 3576 3166 autem
3612 3097 4114 3185 Studtgardiam
4157 3097 4487 3183 profectus
4516 3116 4613 3183 per

2696 3186 3069 3341 gaam.
3095 3184 4425 3354 ²..3aifls.⁰ss;²⁸ffiaf¹22⁰.253²ffiz
4465 3180 4615 3337 εξ

2697 3357 3004 3426 mittendi
3079 3365 3471 3442 potestatem
3555 3378 3621 3425 m
3699 3359 3713 3372 ⁰
3789 3356 4234 3425 concederent.
4367 3356 4436 3423 N
4434 3353 4616 3423 ullum

2698 3444 2876 3512 aliud
2930 3465 3317 3528 responsum
3371 3445 3589 3528 awepi
3631 3444 3761 3511 nisi
3812 3444 4128 3528 principis
4169 3442 4482 3509 mandato
4520 3459 4617 3506 ne-

2782 3537 2926 3597 tum
2981 3551 3143 3611 esse,
3198 3532 3281 3597 ob
3334 3550 3565 3597 causas
3623 3549 3789 3615 quas
3845 3529 3871 3594 i
3916 3550 3986 3597 se
4028 3528 4352 3596 coniicere
4385 3547 4616 3614 queam.

2695 3550 3071 3683 aluerunt
3127 3624 3352 3702 aperte
3407 3614 3623 3682 dicere
3677 3615 3759 3683 ob
3824 3550 4176 3695 cxlvinum,
4233 3635 4434 3700 quem
4486 3611 4617 3679 Cin·

2695 3702 3029 3788 glianismi
3086 3711 3396 3769 accusant
3441 3709 3511 3768 et
3574 3702 3808 3787 quovis
3863 3701 4193 3769 haeretico
4249 3700 4437 3784 peius
4487 3697 4617 3765 ode-

2694 3796 2870 3856 runt.
2959 3786 3036 3854 si
3080 3789 3323 3873 Aesopi
3380 3786 3631 3854 fabulas
3688 3796 3801 3855 aut
3844 3786 4185 3855 vanissimi
4239 3806 4503 3854 scurrae
4539 3784 4617 3848 le·

2697 3875 2938 3940 vitates
3000 3874 3102 3940 vel
3168 3874 3509 3940 vertissem
3562 3874 3670 3941 vel
3718 3873 4265 3957 conscripsissem,
4323 3894 4442 3957 per
4495 3868 4620 3936 illos

2696 3960 2977 4028 liberum
3032 3959 3265 4027 fuisset
3310 3979 3423 4027 eas
3473 3958 3847 4045 publicandi
3904 3970 3971 4026 et
4013 3957 4417 4042 divulgandi.
4502 3952 4621 4022 Sed

2698 4066 2966 4112 causam
3018 4066 3280 4112 omnem
3331 4045 3657 4112 servatori
3699 4044 3967 4114 Christo
4018 4043 4421 4125 commendo,
4473 4038 4623 4109 nihil

2697 4131 3052 4211 haesitans,
3096 4133 3313 4216 ipsum
3360 4132 3542 4198 brevi
3583 4132 3878 4198 omnium
3921 4131 4311 4197 iniuriarum
4355 4138 4623 4196 atrocem

2698 4217 2980 4284 iudicem
3022 4217 3244 4284 affore.

2872 4301 3096 4385 Quare
3141 4302 3401 4371 Calvino
3456 4310 3682 4370 nostro
3725 4324 3858 4370 non
3899 4303 4204 4385 scribam,
4245 4322 4511 4369 causam
4549 4318 4620 4363 ex

2708 4388 3029 4473 proximis
3071 4390 3282 4457 literis
3324 4390 3694 4474 percepisse
3739 4389 4094 4541 tengglinor,
4138 4408 4456 4473 speroque
4496 4384 4624 4451 lite-

3870 4476 3884 4489 ”
3942 4476 3955 4489 ’
3996 4473 4366 4553 afferendis,
4409 4471 4623 4538 certio-

2701 4581 2843 4627 rem
2887 4582 2994 4628 me
3029 4564 3165 4628 fore
3206 4560 3366 4647 quid
3404 4562 3530 4629 hac
3570 4562 3640 4626 in
3683 4572 3872 4660 parte
3914 4581 4110 4647 agere
4151 4558 4439 4626 debeam.
4522 4554 4624 4620 In·

2700 4648 2880 4714 vitus
2936 4647 3112 4714 enim
3170 4654 3344 4714 certe
3399 4648 3519 4716 tibi
3577 4654 3644 4713 et
3683 4646 3781 4713 illi
3818 4646 4161 4715 literarum
4199 4664 4491 4711 mearum
4534 4642 4623 4705 in-

2701 4732 2896 4818 eptiis
2949 4734 3283 4801 molestias
3335 4754 3514 4817 paro.
3603 4731 3750 4800 Hoc
3794 4754 4003 4800 unum
4048 4740 4268 4799 autem
4305 4753 4346 4797 a
4384 4740 4450 4796 te
4489 4734 4624 4812 peto

2701 4832 2777 4884 ut
2817 4818 2981 4885 haec
3035 4821 3259 4885 omnia
3314 4819 3411 4884 illi
3465 4818 3924 4898 communices,
3969 4828 4036 4883 et
4076 4821 4293 4903 ipsum
4336 4836 4478 4882 meo
4518 4833 4623 4877 no-

2698 4905 2877 4970 mine
2919 4924 3118 4988 quam
3151 4905 3621 4972 officiosissime
3653 4905 3909 4972 salvere
3940 4906 4186 4970 iubeas.
4277 4904 4621 4968 Aeternum

2837 5067 4623 5160 ο5)Ηοιιυ·ι“ιιι“ιε,δίαοσιονΒιρεεοςῑίιπείειιι”α.1551ι1ῑ’σό-

2699 5143 3884 5296 ἓοέἔεῗὲααῗὲἒῌξὸὤᾱοτωοωω
4289 5148 4626 5212 parma-tat

2909 5282 2969 5347 6)
3009 5280 3236 5349 Sabina,
3284 5283 3442 5340 dume
3486 5281 3861 5341 Utriecvedua
3903 5298 3956 5338 a.
3997 5279 4247 5336 1552αᾶ
4290 5289 4625 5337 masmu-

2702 5350 2879 5422 9011'00
2911 5359 3226 5409 umal.
