4850 6117
619 439 742 501 155

787 620 858 689 S.
918 618 1310 703 Quanquam
1334 619 1448 683 vix
1468 616 1821 701 quidquam
1856 635 2060 700 aeque
2094 615 2342 683 invitus
2373 614 2562 694 facio,

616 705 1023 777 observande
1065 705 1230 772 mihi
1264 724 1521 788 semper
1555 724 1631 770 ac
1664 702 1960 768 omnium
1993 702 2188 784 longe
2231 701 2564 768 carissime

621 794 893 871 Calvino,
949 812 1145 875 quam
1188 791 1307 858 tibi
1352 790 1575 873 tuique
1619 787 1939 854 similibus
1982 787 2239 872 magnis
2282 787 2444 853 viris
2487 806 2565 853 ac

616 880 894 966 publicis
960 877 1241 963 negotiis
1297 877 1493 953 natis,
1557 875 1933 960 vulgarium
1990 874 2334 940 hominum
2388 893 2565 939 com-

615 962 1146 1034 mendationibus
1180 962 1497 1029 molestus
1533 981 1696 1039 esse,
1741 959 1912 1045 quod
1948 958 2194 1027 scilicet
2233 958 2566 1026 illibenter

615 1052 749 1119 illis
813 1050 897 1118 ad
961 1050 1273 1132 temporis
1336 1046 1443 1114 vel
1509 1045 1754 1112 tantilli
1814 1046 2138 1112 iacturam
2200 1045 2565 1112 faciendam

617 1158 851 1204 ansam
904 1136 1204 1220 praeb00‚
1261 1142 1328 1200 et
1382 1153 1577 1217 saepe
1619 1132 1791 1199 male
1834 1131 2220 1198 collocatum
2264 1133 2353 1196 sit
2393 1130 2566 1214 quod

617 1225 761 1291 istis
804 1221 1196 1306 quibusdam
1228 1220 1342 1304 qui
1374 1217 1940 1285 commendatitias
1973 1218 2416 1301 importunius
2452 1239 2566 1283 ex-

616 1316 955 1462 esas.
987 1305 1408 1459 3523ss
1421 1304 2135 1456 &mamm
2151 1312 2220 1465 ῖς
2263 1303 2568 1454 sffiffi

619 1491 722 1548 est
764 1501 805 1545 a
847 1499 1160 1565 germano
1201 1493 1325 1543 suo
1366 1478 1587 1555 fratre,
1644 1476 1911 1541 homine
1953 1475 2361 1541 familiariter
2401 1474 2568 1539 mihi

616 1577 774 1635 noto
828 1575 895 1632 et
950 1563 1143 1632 valde
1184 1563 1414 1642 amico,
1471 1571 1548 1628 ιιι
1588 1582 1742 1628 eum
1795 1561 1911 1626 tibi
1965 1559 2415 1626 commendem
2460 1580 2567 1626 ac-

620 1662 847 1721 curate
881 1649 1373 1750 commendatus
1406 1658 1481 1714 ut
1516 1646 1742 1747 deesse
1774 1646 2077 1730 petitioni
2117 1646 2324 1731 ipsius
2357 1645 2568 1747 haud-

623 1734 1619 1905 mamapgssuffiasstt
1648 1732 2570 1904 ffissmfflfflffiffossss‘i

622 1911 843 1991 ferret,
885 1930 926 1976 a
946 1907 1316 1991 Bullinyero
1348 1926 1607 1990 quoque
1639 1911 1863 1971 nostro
1888 1904 1948 1987 2)
1983 1909 2051 1969 et
2073 1902 2262 1970 Petro
2284 1902 2573 1988 Mau-tyre

625 1996 708 2063 de
749 1995 1034 2071 meliore,
1096 1993 1167 2059 ni
1209 1991 1419 2071 fallor,
1473 1999 1632 2057 nota
1674 1989 2027 2074 diligenter
2075 1989 2193 2057 tibi
2237 2010 2571 2057 commen-

629 2084 844 2149 datus.
940 2079 1127 2146 Nunc
1185 2099 1388 2162 quum
1452 2075 1714 2143 Galliae
1782 2096 1892 2141 res
1956 2076 2318 2159 pacatiores
2374 2075 2572 2159 paulo

622 2169 760 2235 sint
803 2175 870 2233 et
908 2162 1441 2251 persequutionis
1494 2162 1578 2228 ob
1635 2183 1716 2230 ev
1887 2160 2052 2227 lium
2096 2161 2351 2229 Christi
2406 2167 2571 2227 tem-

621 2262 845 2339 pestas
906 2249 1335 2334 tranquillata
1390 2246 1721 2327 videatur,
1891 2248 2014 2314 tris
2080 2247 2351 2315 consilio
2413 2268 2575 2314 usus

623 2359 861 2425 operae
900 2337 1191 2421 pretium
1236 2355 1307 2401 se
1359 2334 1687 2400 facturum
1740 2333 2079 2400 existimat
2130 2333 2189 2400 si
2229 2332 2574 2400 Lutetiam

622 2425 1096 2511 proficiscatur,
1151 2421 1480 2486 clarorum
1534 2420 1823 2486 virorum
1878 2419 2423 2487 commendatitiis
2465 2439 2574 2485 cc-

624 2511 917 2611 mitatus,
971 2509 1029 2573 si
1087 2508 1254 2574 forte
1310 2504 1595 2605 conditio
1649 2524 2011 2606 quaequam
2052 2504 2395 2573 mediocris
2449 2504 2573 2572 sibi

624 2602 1072 2749 ffinfflto
1096 2590 1509 2761 ἓξωᾞζῗὲ
1562 2590 1945 2763 Βῶῗῗέἓιᾞῗ,
1983 2611 2574 2746 ffitnffiffi

629 2765 909 2848 Calvino,
951 2766 1011 2832 si
1086 2764 1198 2831 uid
1233 2764 1341 2829 hic
1375 2770 1579 2848 potes,
1623 2764 1756 2829 imo
1789 2762 1943 2847 quia
1974 2763 2331 2848 plurimum
2363 2771 2572 2849 potes,

625 2874 748 2939 pro
790 2850 984 2918 solita
1030 2851 1044 2866 '
1101 2869 1142 2915 a
1183 2857 1250 2915 et
1283 2869 1450 2933 quae
1485 2848 1566 2915 de
1608 2848 1916 2916 omnibus
1948 2850 2117 2916 bene
2149 2850 2390 2916 mereri
2435 2856 2566 2916 stu·

627 2939 741 3007 det
781 2938 1067 3006 officiosa
1109 2936 1518 3002 humanitate
1563 2942 1694 3015 tua,
1739 2937 2069 3020 praesenti
2111 2956 2232 3021 ope
2267 2935 2373 3004 vel
2415 2955 2573 3003 con-

627 3024 796 3107 silio,
862 3022 971 3092 vel
1027 3043 1161 3107 qua
1214 3020 1391 3106 apud
1444 3021 1689 3088 multos
1744 3021 1906 3088 alios
1959 3021 2144 3089 vales
2207 3022 2573 3102 autoritate,

627 3110 783 3178 huic
823 3111 1023 3177 etiam
1066 3109 1234 3175 bono
1278 3106 1596 3174 Ioachimo
1638 3106 1864 3174 adesse
1906 3128 2039 3174 non
2080 3109 2320 3194 pigeat,
2341 3110 2399 3188 ⁸)
2445 3126 2574 3192 quo

629 3202 936 3263 votorum
992 3214 1257 3260 suorum
1314 3192 1420 3259 vel
1478 3194 1905 3279 aliquousque
1970 3214 2235 3279 compos
2297 3193 2576 3261 evadere

627 3283 856 3367 possit,
908 3279 1229 3365 planeque
1272 3278 1616 3363 intelligat,
1662 3299 1878 3345 meam
1921 3280 2095 3364 apud
2137 3287 2203 3347 te
2245 3299 2577 3346 commen-

630 3366 964 3434 dationem
996 3366 1121 3431 sibi
1155 3386 1286 3431 non
1322 3366 1587 3432 omnino
1619 3365 1820 3432 fuisse
1853 3366 2347 3433 infructuosam.
2401 3364 2578 3432 Dedi

630 3453 729 3519 illi
771 3454 971 3520 etiam
1004 3450 1091 3517 ad
1124 3450 1371 3518 Bonam
1410 3458 1712 3518 nostrum
1751 3450 1998 3531 literas,
2042 3472 2236 3535 quem
2272 3450 2401 3519 dici
2442 3472 2580 3519 non

630 3544 849 3623 potest
902 3557 1101 3622 quam
1156 3536 1454 3621 gratuler
1504 3544 1642 3601 tam
1699 3535 1979 3604 honesta
2039 3537 2340 3621 felicique
2395 3557 2581 3604 occa-

631 3626 845 3776 ffiffig
862 3623 1569 3776 Pssffioqffiffi}
1600 3620 2398 3793 mimsfififfidffipissi‘iffi’e
2427 3621 2582 3792 ἓξὲξ

632 3817 811 3863 nunc
840 3761 926 3861 ad
947 3812 1174 3862 veram
1206 3794 1487 3877 patriam
1509 3791 1991 3879 compendiaria
2012 3795 2143 3874 via,
2165 3815 2331 3879 quae
2498 3795 2513 3809 ’

633 3888 741 3948 tus
783 3888 904 3962 est,
949 3878 1248 3948 deducat.
1316 3879 1646 3947 Dominus
1686 3878 1866 3947 illius
1905 3880 2271 3947 ministerio
2316 3881 2583 3947 coelesti

632 3968 1041 4036 incremento
1083 3965 1337 4031 affatim
1388 3964 1749 4045 benedicat,
1802 3971 1880 4031 ut
1920 3963 2091 4050 quod
2148 3988 2218 4034 se
2261 3966 2585 4033 exstimu-

630 4053 815 4119 lante
857 4059 1136 4121 conatur
1188 4072 1260 4117 se
1313 4069 1568 4136 quoque
1618 4051 1995 4118 fortunente
2049 4052 2302 4133 efficiat,
2364 4053 2585 4136 sicque

633 4160 770 4205 non
829 4147 969 4205 tam
1025 4139 1184 4223 ipse,
1244 4157 1439 4221 quam
1496 4156 1724 4204 omnes
1764 4144 2081 4222 quotquot
2123 4139 2365 4222 ubique
2423 4144 2588 4204 sunt

633 4221 880 4304 fideles,
942 4223 1023 4290 de
1066 4222 1326 4291 Galliae
1383 4223 1610 4303 salute,
1671 4243 1838 4307 quae
1889 4223 2024 4289 iam
2066 4244 2199 4291 non
2242 4223 2439 4290 titulo
2481 4244 2585 4290 so·

637 4309 780 4462 {ihm
824 4308 942 4377 sed
982 4331 1055 4375 re
1109 4311 1252 4393 ipsa
1294 4307 1840 4377 christianissima
1881 4310 1967 4376 sit
2006 4307 2200 4388 facta,
2245 4310 2390 4376 Deo
2431 4330 2585 4394 gra-

745 4415 950 4461 emur.

811 4478 920 4546 De
976 4478 1169 4545 rebus
1209 4478 1683 4563 Helvetiorum,
1747 4501 1999 4567 quoque
2061 4480 2202 4549 loco
2265 4481 2354 4546 sit
2408 4501 2590 4547 nunc

643 4565 1126 4634 Glareanorum
1201 4586 1352 4633 cum
1426 4564 1981 4652 Quinquepagicis
2055 4587 2273 4646 causa,
2296 4571 2352 4647 ⁴)
2434 4567 2589 4650 quia

642 4650 1059 4736 Bullinqerus
1113 4659 1351 4732 noster,
1408 4652 1959 4735 quemadmodum
2000 4651 2080 4718 de
2138 4651 2289 4718 aliis
2331 4672 2588 4737 quoque

643 4736 1044 4804 Germaniae
1087 4736 1295 4816 novis,
1335 4735 1695 4804 identidem
1737 4748 1806 4805 te
1849 4739 2190 4805 certiorem
2232 4739 2409 4817 facit,
2453 4760 2589 4806 non

645 4830 748 4889 est
787 4830 864 4888 ut
903 4822 1047 4906 ipse
1088 4821 1288 4887 etiam
1331 4822 1557 4889 eadem
1598 4824 1888 4892 scribens
1929 4831 1996 4890 te
2038 4823 2326 4910 fatigem.

647 5009 830 5066 ³041.
849 5010 912 5145 ἐξ
940 5009 1530 5135 §affigam
1573 5009 1899 5070 Mansa.

649 5286 691 5340 Ι
852 5145 918 5282 {3
953 5161 1062 5282 2¹51:
1082 5146 1197 5271 ,11ῑῖΙιιι
1194 5213 1351 5270 3583
1382 5152 1763 5272 &wilrika
1793 5220 1927 5272 novi
1955 5233 2063 5301 pro
2095 5224 2329 5302 tes-pore
2358 5219 2584 5286 factum.

649 5283 922 5419 Vim)
952 5281 1124 5340 VIII.
1161 5284 1276 5340 Gal.
1304 5283 1468 5340 Febr.
1504 5298 1682 5339 novus
1712 5292 2004 5342 connum
2034 5287 2292 5345 anatem.
2333 5288 2588 5357 (Ruchat

2119 424 2649 495 EPIS'POLAE
2691 426 3115 490 3641-3642

4495 432 4607 494 loe

2839 612 3119 680 Linems
3161 622 3384 681 noster
3427 621 3613 681 tuam
3654 616 3822 682 mihi
3878 616 4160 683 salutem
4200 614 4444 684 nudius
4484 624 4609 682 ter-

2667 699 2800 765 tius
2841 698 2967 765 hac
3011 699 3094 765 ad
3136 720 3290 767 suos
3342 700 3604 768 rediens
3648 702 3932 770 officiose
3976 702 4174 768 dixit:
4230 723 4427 788 quem
4471 703 4611 769 vale

2668 783 2844 851 dolet
2899 791 3169 851 tuorum
3220 786 3292 851 in
3336 786 3682 854 Danielem
3725 789 4340 855 commentariorum
4370 792 4424 868 ις)
4468 788 4611 854 nul-

2666 870 2808 935 lum
2859 871 3024 936 mihi
3080 871 3459 958 exemplum
3512 874 3830 955 attulisse,
3882 895 4084 958 quum
4124 874 4398 940 interim
4440 874 4610 940 affir-

2667 962 2805 1022 met
2879 977 3084 1022 unum
3164 979 3234 1024 se
3313 980 3354 1025 a
3427 964 3496 1024 te
3572 959 3746 1026 dono
3824 962 4167 1044 accepisse,
4245 959 4422 1044 quod
4499 981 4613 1046 ego

2667 1051 2891 1107 tamen
2949 1051 3171 1127 petere
3235 1067 3277 1111 a
3337 1044 3485 1111 viro
3546 1065 3681 1111 non
3746 1045 4086 1125 audebam,
4153 1046 4324 1131 quod
4382 1046 4613 1113 scirem

2668 1127 2808 1194 suis
2831 1126 3129 1213 Sangalli
3164 1131 3727 1198 concionatoribus
3760 1153 3904 1200 esse
3941 1131 4360 1199 destinatum.
4414 1131 4614 1198 Novit

2668 1224 2844 1279 certe
2896 1212 3009 1280 ille
3111 1223 3312 1281 uantc
3367 1224 3596 1283 tenear
3651 1217 3971 1285 desiderio
4026 1221 4427 1301 scriptorum
4475 1225 4613 1283 tuo-

2668 1300 3156 1451 ffimhjffirqm?
3197 1302 3575 1454 fcrtewnitffii
3614 1303 3728 1370 vel
3782 1303 4058 1389 longum
4098 1304 4239 1455 vgld
4261 1305 4477 1455 1213:ss
4505 1302 4615 1370 abs

2782 1406 2819 1449 e
3000 1437 3017 1466 ,
3061 1408 3107 1452 u
3180 1408 3347 1453 men
3603 1409 4022 1457 succenseam
4108 1412 4155 1456 u
4513 1410 4614 1455 me

2669 1469 3012 1554 voluptate
3070 1471 3490 1554 defraudarit,
3556 1477 3822 1542 tametsi
3887 1411 4155 1542 omniilno
4218 1476 4388 1543 istuc
4448 1474 4616 1559 apud

2670 1564 3081 1639 praesentem
3137 1559 3622 1641 dissimularim,
3678 1583 3764 1628 ne
3818 1562 3988 1628 forte
4027 1581 4237 1628 unum
4291 1560 4465 1627 illud
4506 1582 4614 1627 ex·

2670 1643 2961 1726 emplum
2999 1664 3040 1708 a
3072 1646 3495 1727 quantumvis
3534 1646 3748 1714 invito
3789 1655 4181 1732 extorquere
4223 1646 4398 1715 velle
4440 1645 4617 1713 vide-

2671 1748 2798 1793 rer.
2871 1728 3096 1795 Aliam
3136 1738 3357 1798 autem
3401 1732 3805 1800 occasionem
3848 1734 4141 1818 captabo,
4195 1735 4256 1810 si
4288 1733 4441 1799 fieri
4481 1739 4615 1816 pot-

2674 1820 2793 1894 est,
2833 1823 2910 1880 ιιι
2949 1835 3144 1898 quam
3192 1818 3435 1883 rimum
3488 1819 3687 1887 istinc
3730 1819 3813 1885 ad
3854 1840 3963 1885 me
4015 1819 4201 1886 labor
4250 1818 4365 1886 ille
4409 1817 4617 1903 perfe-

2672 1908 2880 1980 ratur,
2944 1921 3117 1985 quan
3165 1904 3468 1987 equidem
3530 1926 3606 1971 eo
3668 1905 3838 1972 mibi
3900 1906 4137 1990 spiritu
4200 1926 4330 1990 quc
4394 1902 4618 1988 scripti

2673 1992 2831 2051 sunt
2872 1986 3041 2053 sacri
3080 1987 3234 2055 libri
3276 1990 3392 2056 abs
3435 1997 3501 2057 te
3536 1992 3834 2058 enarrari
3876 1990 4142 2058 omnino
4176 1991 4506 2069 videntur,
4545 1997 4619 2054 ut

2674 2091 2807 2137 non
2863 2073 3110 2157 possim
3174 2076 3245 2140 in
3303 2077 3387 2142 iis
3444 2077 3579 2143 tuis
3620 2097 3783 2143 vere
3838 2075 4082 2144 divinis
4138 2075 4622 2145 commentariis

2675 2176 2813 2222 non
2856 2159 3264 2241 suavissime,
3307 2163 3565 2246 quoties
3607 2163 3877 2229 omnino
3920 2172 4135 2244 vacat,
4178 2162 4485 2229 delitiari.

2847 2242 3159 2311 Christus
3212 2247 3441 2315 vitalis
3499 2249 3639 2315 vita
3694 2257 4089 2334 nostraeque
4144 2250 4325 2316 vitae
4388 2247 4620 2316 unicus

2676 2335 2871 2397 autor
2904 2338 2973 2396 et
3004 2340 3441 2415 conservator,
3485 2335 3542 2400 si
3576 2355 3709 2400 non
3744 2335 4010 2415 diutius,
4046 2336 4370 2419 tantisper
4405 2342 4619 2401 tamen

2675 2416 3091 2500 superstitem
3134 2429 3202 2484 te
3242 2441 3385 2487 esse
3417 2419 3602 2501 velit,
3647 2420 3806 2487 dum
3842 2421 4042 2488 etiam
4076 2440 4241 2506 quos
4273 2441 4415 2498 non
4456 2418 4621 2485 mul-

2674 2509 2778 2567 tos
2815 2501 2975 2570 adeo
3008 2501 3299 2589 reliquos
3330 2506 3546 2574 fecisti
3576 2506 3948 2573 divinorum
3980 2506 4389 2591 eloquiorum
4424 2506 4621 2572 libros

2677 2586 2906 2653 eodem
2983 2589 3223 2672 spiritu
3298 2613 3420 2659 suo
3498 2591 3786 2659 dictante
3862 2593 4219 2677 eademque
4292 2591 4620 2668 felicitate,

2676 2674 2964 2740 maximo
3000 2675 3309 2744 ecclesiae
3343 2698 3503 2745 suae
3529 2679 3765 2760 fructu,
3788 2676 4336 2763 quemadmodum
4356 2678 4618 2762 priores,

2676 2758 2985 2826 illustres.
3056 2764 3273 2830 Amen
3313 2785 3524 2831 amen.
3594 2763 3680 2830 In
3723 2786 3799 2831 eo
3840 2765 3973 2833 iam
3997 2785 4256 2850 quoque
4286 2765 4459 2831 bene
4480 2761 4621 2830 vale

2678 2855 2745 2910 et
2786 2852 3190 2913 senectutem
3232 2850 3407 2917 hanc
3446 2871 3683 2932 meam,
3737 2852 4014 2919 miserae
4055 2851 4258 2917 huius
4299 2850 4483 2917 vitae
4524 2867 4621 2913 sa-

2677 2939 2901 2997 turam
2926 2934 2984 3010 θ)
3028 2940 3096 2999 et
3139 2933 3224 3000 ad
3265 2956 3412 3003 eam
3455 2957 3625 3021 quae
3668 2956 3823 3005 vere
3865 2945 3934 3005 et
3985 2937 4127 3004 sola
4167 2937 4310 3003 vita
4350 2944 4458 3003 est
4497 2932 4619 3001 col-

2677 3015 2866 3117 lectis
2929 3018 3278 3089 sarcinulis
3339 3022 3907 3109 migraturientem
3921 3075 3937 3103 ,
4003 3023 4132 3090 fide
4194 3020 4620 3109 flagrantibus

2677 3109 2852 3255 {otis
2868 3104 3043 3256 1ἓιέιιιῑ
3100 3115 3476 3176 constanter
3535 3109 3789 3176 adiuva.
3859 3108 4173 3176 Vitoduri
4214 3112 4299 3193 xj.
4345 3106 4620 3175 Decem·

2723 3209 2818 3256 ns
3035 3240 3051 3255 .

3640 3334 3825 3400 Tuus
3866 3340 3942 3399 ιιι
3982 3331 4211 3398 nullus
4249 3351 4459 3418 aeque

3724 3419 3952 3486 Ambr.
3991 3417 4368 3486 Blaurerus.

3554 3997 3753 4070 8⁰42.

3298 4156 3545 4224 BEzA
3584 4152 4013 4222 OALVINO.

2859 4328 3145 4395 Parisiis
3184 4333 3455 4396 retentus
3482 4333 3736 4412 patrm
3765 4346 3893 4411 pro
3932 4331 4199 4409 temore
4230 4344 4355 4393 non
4387 4324 4615 4392 invisa-

2704 4414 2890 4484 Varii
2948 4420 3155 4481 motus
3212 4416 3283 4480 in
3344 4414 3615 4483 diversis
3675 4414 3856 4499 reqni
3908 4410 4210 4497 partibus
4270 4416 4329 4477 d
4376 4425 4619 4504 passm·

2688 4500 2851 4674 iggit-
2881 4500 3317 4653 &mmmmmur
3317 4500 3486 4580 itiae,
3553 4500 3642 4567 aa
3702 4517 3865 4581 quas
3925 4498 4393 4583 compescendas
4446 4495 4619 4563 misas

2847 4756 3186 4827 autographo
3233 4756 3364 4812 Ood.
3413 4756 3619 4812 Gener.
3667 4753 3765 4809 117
3829 4755 3926 4811 tol.
3970 4754 4057 4823 52,
4104 4756 4227 4813 coll.
4260 4771 4294 4809 c
4342 4755 4473 4811 cod.
4512 4748 4617 4814 119,

2593 4881 2600 4886 .
2710 4829 2781 4884 οι.
2814 4825 2898 4894 se,
2935 4826 3064 4882 cod.
3098 4825 3439 4964 sempnff.
3472 4824 3565 4880 ιη.
3601 4841 3654 4894 ρ.
3689 4795 3810 4892 θεὲ,
3844 4825 3975 4881 cod.
4012 4824 4228 4881 simleri
4263 4823 4380 4879 102.
4438 4819 4618 4878 mdiu

2963 4893 3134 4949 saum
3168 4895 3261 4964 Ap
3458 4892 3572 4948 140.
3642 4894 3941 4964 metipso
3973 4894 4355 4957 desideratur.)

2890 5151 2927 5276 ἓ
2987 5151 3188 5275 {Qum
3228 5190 3354 5276 ’erat
3397 5238 3450 5278 a.
3499 5219 3650 5275 1492.
3725 5219 4024 5277 Laudatur
4065 5223 4250 5275 tamen
4289 5235 4329 5275 a
4365 5212 4617 5274 Praemia

2685 5288 2893 5359 (4131.
2967 5328 2980 5342 .
3020 5287 3144 5354 143)
3181 5303 3213 5343 e
3263 5289 3277 5303 '
3322 5290 3412 5347 ola
3446 5292 3566 5346 eius
3597 5291 3698 5346 hoc
3729 5290 3851 5358 ipso
3884 5303 4065 5345 menae
4097 5288 4304 5359 scripta
4336 5289 4400 5343 in
4430 5300 4538 5358 qua
4567 5293 4618 5338 u

2687 5357 2823 5415 dicit
3073 5372 3149 5428 qo
3287 5373 3315 5414 e
3346 5359 3659 5416 camdeno
3689 5374 3805 5429 qua
3837 5363 3966 5415 anto
3997 5358 4198 5427 viciat·
4229 5371 4421 5414 annon.
