<?xml version="1.0" encoding="UTF-8"?>
<!DOCTYPE html PUBLIC "-//W3C//DTD XHTML 1.0 Transitional//EN"
    "http://www.w3.org/TR/xhtml1/DTD/xhtml1-transitional.dtd">
<html xmlns="http://www.w3.org/1999/xhtml" xml:lang="en" lang="en">
 <head>
  <title>
</title>
<meta http-equiv="Content-Type" content="text/html;charset=utf-8" />
  <meta name='ocr-system' content='tesseract 3.04.00' />
  <meta name='ocr-capabilities' content='ocr_page ocr_carea ocr_par ocr_line ocrx_word'/>
</head>
<body>
  <div class='ocr_page' id='page_1' title='image "./ioanniscalvinio05unkngoog_0306.png"; bbox 0 0 4850 6117; ppageno 0'>
   <div class='ocr_carea' id='block_1_1' title="bbox 63 5 66 660">
    <p class='ocr_par' dir='ltr' id='par_1_1' title="bbox 63 5 66 660">
     <span class='ocr_line' id='line_1_1' title="bbox 63 5 66 660; baseline 0 0"><span class='ocrx_word' id='word_1_1' title='bbox 63 5 66 660; x_wconf 95' lang='lat' dir='ltr'><strong> </strong></span> 
     </span>
    </p>
   </div>
   <div class='ocr_carea' id='block_1_2' title="bbox 638 411 766 476">
    <p class='ocr_par' dir='ltr' id='par_1_2' title="bbox 638 411 766 476">
     <span class='ocr_line' id='line_1_2' title="bbox 638 411 766 476; baseline -0.016 0"><span class='ocrx_word' id='word_1_2' title='bbox 638 411 766 476; x_wconf 78' lang='lat'><strong>587</strong></span> 
     </span>
    </p>
   </div>
   <div class='ocr_carea' id='block_1_3' title="bbox 1075 586 2155 817">
    <p class='ocr_par' dir='ltr' id='par_1_3' title="bbox 1075 586 2155 817">
     <span class='ocr_line' id='line_1_3' title="bbox 1514 586 1723 659; baseline 0 0"><span class='ocrx_word' id='word_1_3' title='bbox 1514 586 1723 659; x_wconf 76' lang='lat'><strong>888⁰.</strong></span> 
     </span>
     <span class='ocr_line' id='line_1_4' title="bbox 1075 738 2155 817; baseline -0.006 -2"><span class='ocrx_word' id='word_1_4' title='bbox 1075 743 1600 815; x_wconf 77' lang='lat' dir='ltr'><strong>CASTELLIO</strong></span> <span class='ocrx_word' id='word_1_5' title='bbox 1643 742 1746 809; x_wconf 88' lang='lat' dir='ltr'><strong>IN</strong></span> <span class='ocrx_word' id='word_1_6' title='bbox 1748 738 2073 809; x_wconf 84' lang='lat' dir='ltr'><strong>CER&#39;I&#39;O.</strong></span> <span class='ocrx_word' id='word_1_7' title='bbox 2102 743 2155 817; x_wconf 86' lang='lat'><strong>¹)</strong></span> 
     </span>
    </p>
   </div>
   <div class='ocr_carea' id='block_1_4' title="bbox 644 912 2593 1089">
    <p class='ocr_par' dir='ltr' id='par_1_4' title="bbox 644 912 2593 1089">
     <span class='ocr_line' id='line_1_5' title="bbox 814 912 2593 1003; baseline -0.008 -15"><span class='ocrx_word' id='word_1_8' title='bbox 814 922 917 989; x_wconf 84' lang='lat' dir='ltr'><strong>De</strong></span> <span class='ocrx_word' id='word_1_9' title='bbox 969 918 1447 1003; x_wconf 70' lang='lat' dir='ltr'><strong>persequutione</strong></span> <span class='ocrx_word' id='word_1_10' title='bbox 1492 916 1933 982; x_wconf 76' lang='lat' dir='ltr'><strong>haereticorum</strong></span> <span class='ocrx_word' id='word_1_11' title='bbox 1972 912 2343 978; x_wconf 73' lang='lat' dir='ltr'><strong><em>sententiam</em></strong></span> <span class='ocrx_word' id='word_1_12' title='bbox 2405 928 2593 976; x_wconf 77' lang='lat' dir='ltr'><strong>suam</strong></span> 
     </span>
     <span class='ocr_line' id='line_1_6' title="bbox 644 1003 1769 1089; baseline -0.01 -12"><span class='ocrx_word' id='word_1_13' title='bbox 644 1031 690 1077; x_wconf 80' lang='lat' dir='ltr'><strong>a</strong></span> <span class='ocrx_word' id='word_1_14' title='bbox 730 1013 910 1075; x_wconf 70' lang='lat' dir='ltr'><strong>suda</strong></span> <span class='ocrx_word' id='word_1_15' title='bbox 946 1006 1142 1089; x_wconf 69' lang='lat' dir='ltr'><strong>praxi</strong></span> <span class='ocrx_word' id='word_1_16' title='bbox 1184 1006 1463 1072; x_wconf 79' lang='lat' dir='ltr'><strong>alienam</strong></span> <span class='ocrx_word' id='word_1_17' title='bbox 1503 1003 1769 1085; x_wconf 70' lang='lat' dir='ltr'><strong>exponit.</strong></span> 
     </span>
    </p>
   </div>
   <div class='ocr_carea' id='block_1_5' title="bbox 645 1168 2594 1381">
    <p class='ocr_par' dir='ltr' id='par_1_5' title="bbox 645 1168 2594 1381">
     <span class='ocr_line' id='line_1_7' title="bbox 737 1168 2594 1238; baseline -0.008 -3"><span class='ocrx_word' id='word_1_18' title='bbox 737 1180 966 1234; x_wconf 71' lang='lat' dir='ltr'><strong>nutrium</strong></span> <span class='ocrx_word' id='word_1_19' title='bbox 1036 1182 1095 1232; x_wconf 90' lang='lat' dir='ltr'><strong>et</strong></span> <span class='ocrx_word' id='word_1_20' title='bbox 1160 1177 1432 1232; x_wconf 80' lang='lat' dir='ltr'><strong>clarorum</strong></span> <span class='ocrx_word' id='word_1_21' title='bbox 1500 1173 1743 1228; x_wconf 81' lang='lat' dir='ltr'><strong>virorum</strong></span> <span class='ocrx_word' id='word_1_22' title='bbox 1805 1171 2071 1238; x_wconf 85' lang='lat' dir='ltr'><strong>epistolae</strong></span> <span class='ocrx_word' id='word_1_23' title='bbox 2135 1169 2449 1224; x_wconf 73' lang='lat' dir='ltr'><strong>selectiores</strong></span> <span class='ocrx_word' id='word_1_24' title='bbox 2503 1168 2594 1222; x_wconf 81' lang='lat' dir='ltr'><strong>vel</strong></span> 
     </span>
     <span class='ocr_line' id='line_1_8' title="bbox 645 1235 2591 1321; baseline -0.008 -15"><span class='ocrx_word' id='word_1_25' title='bbox 645 1269 680 1306; x_wconf 87' lang='lat' dir='ltr'><strong>a</strong></span> <span class='ocrx_word' id='word_1_26' title='bbox 713 1250 899 1321; x_wconf 87' lang='lat' dir='ltr'><strong>Belgis</strong></span> <span class='ocrx_word' id='word_1_27' title='bbox 934 1248 1024 1302; x_wconf 82' lang='lat' dir='ltr'><strong>vel</strong></span> <span class='ocrx_word' id='word_1_28' title='bbox 1068 1246 1140 1300; x_wconf 89' lang='lat' dir='ltr'><strong>ad</strong></span> <span class='ocrx_word' id='word_1_29' title='bbox 1186 1246 1384 1314; x_wconf 82' lang='lat' dir='ltr'><strong>Belgas</strong></span> <span class='ocrx_word' id='word_1_30' title='bbox 1430 1243 1666 1311; x_wconf 85' lang='lat' dir='ltr'><strong>scriptae</strong></span> <span class='ocrx_word' id='word_1_31' title='bbox 1701 1241 1786 1295; x_wconf 92' lang='lat' dir='ltr'><strong>ed.</strong></span> <span class='ocrx_word' id='word_1_32' title='bbox 1821 1241 2056 1295; x_wconf 78' lang='lat' dir='ltr'><strong>Ber-tius.</strong></span> <span class='ocrx_word' id='word_1_33' title='bbox 2104 1238 2170 1293; x_wconf 91' lang='lat' dir='ltr'><strong>L.</strong></span> <span class='ocrx_word' id='word_1_34' title='bbox 2217 1240 2284 1292; x_wconf 91' lang='lat' dir='ltr'><strong>B.</strong></span> <span class='ocrx_word' id='word_1_35' title='bbox 2331 1235 2487 1292; x_wconf 80' lang='lat'><strong>1617.</strong></span> <span class='ocrx_word' id='word_1_36' title='bbox 2537 1236 2591 1291; x_wconf 91' lang='grc'><strong>8.</strong></span> 
     </span>
     <span class='ocr_line' id='line_1_9' title="bbox 1154 1307 2093 1381; baseline -0.012 -13"><span class='ocrx_word' id='word_1_37' title='bbox 1154 1313 1410 1369; x_wconf 85' lang='lat' dir='ltr'><strong>Centuria</strong></span> <span class='ocrx_word' id='word_1_38' title='bbox 1443 1311 1595 1381; x_wconf 88' lang='lat' dir='ltr'><strong>prior</strong></span> <span class='ocrx_word' id='word_1_39' title='bbox 1625 1309 1694 1365; x_wconf 76' lang='lat' dir='ltr'><strong>N.</strong></span> <span class='ocrx_word' id='word_1_40' title='bbox 1730 1308 1813 1364; x_wconf 79' lang='lat'><strong>70.</strong></span> <span class='ocrx_word' id='word_1_41' title='bbox 1848 1326 1911 1379; x_wconf 88' lang='lat' dir='ltr'><strong>p.</strong></span> <span class='ocrx_word' id='word_1_42' title='bbox 1940 1307 2093 1376; x_wconf 76' lang='lat'><strong>364.)</strong></span> 
     </span>
    </p>
   </div>
   <div class='ocr_carea' id='block_1_6' title="bbox 839 1477 2403 1565">
    <p class='ocr_par' dir='ltr' id='par_1_6' title="bbox 839 1477 2403 1565">
     <span class='ocr_line' id='line_1_10' title="bbox 839 1477 2403 1565; baseline -0.009 -7"><span class='ocrx_word' id='word_1_43' title='bbox 839 1487 1272 1558; x_wconf 77' lang='lat' dir='ltr'>Sebastianus</span> <span class='ocrx_word' id='word_1_44' title='bbox 1314 1481 1623 1552; x_wconf 89' lang='lat' dir='ltr'><strong>Castellio</strong></span> <span class='ocrx_word' id='word_1_45' title='bbox 1666 1480 1750 1548; x_wconf 87' lang='lat' dir='ltr'><strong>N.</strong></span> <span class='ocrx_word' id='word_1_46' title='bbox 1795 1480 1999 1547; x_wconf 89' lang='lat' dir='ltr'><strong>amico</strong></span> <span class='ocrx_word' id='word_1_47' title='bbox 2040 1478 2289 1565; x_wconf 81' lang='lat' dir='ltr'>Belgae</span> <span class='ocrx_word' id='word_1_48' title='bbox 2330 1477 2403 1545; x_wconf 81' lang='lat' dir='ltr'><strong>S.</strong></span> 
     </span>
    </p>
   </div>
   <div class='ocr_carea' id='block_1_7' title="bbox 640 1649 2597 5176">
    <p class='ocr_par' dir='ltr' id='par_1_7' title="bbox 640 1649 2597 3871">
     <span class='ocr_line' id='line_1_11' title="bbox 817 1649 2593 1742; baseline -0.005 -16"><span class='ocrx_word' id='word_1_49' title='bbox 817 1656 1014 1742; x_wconf 78' lang='lat' dir='ltr'><strong>Quod</strong></span> <span class='ocrx_word' id='word_1_50' title='bbox 1055 1658 1203 1725; x_wconf 90' lang='lat' dir='ltr'><strong>istic</strong></span> <span class='ocrx_word' id='word_1_51' title='bbox 1247 1657 1339 1724; x_wconf 90' lang='lat' dir='ltr'><strong>sic</strong></span> <span class='ocrx_word' id='word_1_52' title='bbox 1380 1655 1630 1741; x_wconf 88' lang='lat' dir='ltr'><strong>passim</strong></span> <span class='ocrx_word' id='word_1_53' title='bbox 1672 1652 1969 1719; x_wconf 79' lang='lat' dir='ltr'><strong>saevitur</strong></span> <span class='ocrx_word' id='word_1_54' title='bbox 2010 1650 2081 1717; x_wconf 91' lang='lat' dir='ltr'><strong>in</strong></span> <span class='ocrx_word' id='word_1_55' title='bbox 2128 1649 2593 1735; x_wconf 87' lang='lat' dir='ltr'><strong>Anabaptistas</strong></span> 
     </span>
     <span class='ocr_line' id='line_1_12' title="bbox 645 1742 2594 1828; baseline -0.006 -15"><span class='ocrx_word' id='word_1_56' title='bbox 645 1746 830 1814; x_wconf 91' lang='lat' dir='ltr'><strong>doleo</strong></span> <span class='ocrx_word' id='word_1_57' title='bbox 876 1753 947 1811; x_wconf 90' lang='lat' dir='ltr'><strong>et</strong></span> <span class='ocrx_word' id='word_1_58' title='bbox 999 1742 1576 1828; x_wconf 79' lang='lat' dir='ltr'><strong>persequutoribus</strong></span> <span class='ocrx_word' id='word_1_59' title='bbox 1620 1760 1849 1806; x_wconf 89' lang='lat' dir='ltr'><strong>sanam</strong></span> <span class='ocrx_word' id='word_1_60' title='bbox 1891 1743 2184 1805; x_wconf 77' lang='lat' dir='ltr'><strong>mentem</strong></span> <span class='ocrx_word' id='word_1_61' title='bbox 2224 1747 2395 1822; x_wconf 88' lang='lat' dir='ltr'><strong>opto,</strong></span> <span class='ocrx_word' id='word_1_62' title='bbox 2456 1758 2594 1803; x_wconf 89' lang='lat' dir='ltr'><strong>non</strong></span> 
     </span>
     <span class='ocr_line' id='line_1_13' title="bbox 643 1821 2594 1919; baseline -0.006 -19"><span class='ocrx_word' id='word_1_63' title='bbox 643 1829 820 1919; x_wconf 91' lang='lat' dir='ltr'><strong>quod</strong></span> <span class='ocrx_word' id='word_1_64' title='bbox 871 1832 1200 1897; x_wconf 89' lang='lat' dir='ltr'><strong>erroribus</strong></span> <span class='ocrx_word' id='word_1_65' title='bbox 1256 1829 1514 1895; x_wconf 86' lang='lat' dir='ltr'><strong>faveam</strong></span> <span class='ocrx_word' id='word_1_66' title='bbox 1572 1825 2174 1909; x_wconf 83' lang='lat' dir='ltr'><strong>Anabaptistarum,</strong></span> <span class='ocrx_word' id='word_1_67' title='bbox 2239 1822 2357 1890; x_wconf 88' lang='lat' dir='ltr'><strong>sed</strong></span> <span class='ocrx_word' id='word_1_68' title='bbox 2419 1821 2594 1907; x_wconf 89' lang='lat' dir='ltr'><strong>quod</strong></span> 
     </span>
     <span class='ocr_line' id='line_1_14' title="bbox 640 1909 2588 2002; baseline -0.005 -17"><span class='ocrx_word' id='word_1_69' title='bbox 640 1926 710 1987; x_wconf 86' lang='lat' dir='ltr'><strong>et</strong></span> <span class='ocrx_word' id='word_1_70' title='bbox 762 1918 890 2002; x_wconf 90' lang='lat' dir='ltr'><strong>ipsi</strong></span> <span class='ocrx_word' id='word_1_71' title='bbox 923 1922 1425 2001; x_wconf 87' lang='lat' dir='ltr'><strong>persequutores</strong></span> <span class='ocrx_word' id='word_1_72' title='bbox 1460 1921 1530 1980; x_wconf 85' lang='lat' dir='ltr'><strong>et</strong></span> <span class='ocrx_word' id='word_1_73' title='bbox 1563 1912 1892 1978; x_wconf 91' lang='lat' dir='ltr'><strong>erroribus</strong></span> <span class='ocrx_word' id='word_1_74' title='bbox 1924 1931 2061 1976; x_wconf 90' lang='lat' dir='ltr'><strong>non</strong></span> <span class='ocrx_word' id='word_1_75' title='bbox 2094 1910 2333 1989; x_wconf 89' lang='lat' dir='ltr'><strong>minus,</strong></span> <span class='ocrx_word' id='word_1_76' title='bbox 2377 1909 2588 1990; x_wconf 87' lang='lat' dir='ltr'><strong>credo,</strong></span> 
     </span>
     <span class='ocr_line' id='line_1_15' title="bbox 642 1995 2594 2092; baseline -0.006 -20"><span class='ocrx_word' id='word_1_77' title='bbox 642 2003 1055 2092; x_wconf 84' lang='lat' dir='ltr'><strong>gravioribus</strong></span> <span class='ocrx_word' id='word_1_78' title='bbox 1113 2009 1179 2068; x_wconf 88' lang='lat' dir='ltr'><strong>et</strong></span> <span class='ocrx_word' id='word_1_79' title='bbox 1234 2000 1587 2068; x_wconf 74' lang='lat' dir='ltr'><strong>sceleribus</strong></span> <span class='ocrx_word' id='word_1_80' title='bbox 1640 1997 1945 2064; x_wconf 87' lang='lat' dir='ltr'><strong>laborant</strong></span> <span class='ocrx_word' id='word_1_81' title='bbox 2001 1995 2447 2080; x_wconf 82' lang='lat' dir='ltr'><strong>gravissimis:</strong></span> <span class='ocrx_word' id='word_1_82' title='bbox 2526 2004 2594 2062; x_wconf 91' lang='lat' dir='ltr'><strong>et</strong></span> 
     </span>
     <span class='ocr_line' id='line_1_16' title="bbox 642 2082 2593 2162; baseline -0.006 -4"><span class='ocrx_word' id='word_1_83' title='bbox 642 2092 700 2158; x_wconf 93' lang='lat' dir='ltr'><strong>si</strong></span> <span class='ocrx_word' id='word_1_84' title='bbox 742 2101 1053 2157; x_wconf 87' lang='lat' dir='ltr'><strong>neutrum</strong></span> <span class='ocrx_word' id='word_1_85' title='bbox 1097 2095 1269 2155; x_wconf 88' lang='lat' dir='ltr'><strong>esset</strong></span> <span class='ocrx_word' id='word_1_86' title='bbox 1310 2094 1381 2152; x_wconf 89' lang='lat' dir='ltr'><strong>et</strong></span> <span class='ocrx_word' id='word_1_87' title='bbox 1421 2093 1679 2152; x_wconf 84' lang='lat' dir='ltr'><strong>caetera</strong></span> <span class='ocrx_word' id='word_1_88' title='bbox 1722 2084 2044 2162; x_wconf 88' lang='lat' dir='ltr'><strong>abessent,</strong></span> <span class='ocrx_word' id='word_1_89' title='bbox 2091 2082 2201 2149; x_wconf 81' lang='lat' dir='ltr'><strong>vel</strong></span> <span class='ocrx_word' id='word_1_90' title='bbox 2242 2082 2349 2149; x_wconf 91' lang='lat' dir='ltr'><strong>hic</strong></span> <span class='ocrx_word' id='word_1_91' title='bbox 2408 2102 2593 2148; x_wconf 91' lang='lat' dir='ltr'><strong>error</strong></span> 
     </span>
     <span class='ocr_line' id='line_1_17' title="bbox 640 2168 2593 2257; baseline -0.005 -14"><span class='ocrx_word' id='word_1_92' title='bbox 640 2184 708 2244; x_wconf 93' lang='lat' dir='ltr'><strong>et</strong></span> <span class='ocrx_word' id='word_1_93' title='bbox 763 2176 890 2242; x_wconf 90' lang='lat' dir='ltr'><strong>hoc</strong></span> <span class='ocrx_word' id='word_1_94' title='bbox 945 2174 1159 2241; x_wconf 89' lang='lat' dir='ltr'><strong>scelus</strong></span> <span class='ocrx_word' id='word_1_95' title='bbox 1216 2179 1388 2240; x_wconf 89' lang='lat' dir='ltr'><strong>esset</strong></span> <span class='ocrx_word' id='word_1_96' title='bbox 1443 2171 1675 2257; x_wconf 83' lang='lat' dir='ltr'><strong>quovis</strong></span> <span class='ocrx_word' id='word_1_97' title='bbox 1724 2168 2311 2253; x_wconf 83' lang='lat' dir='ltr'><strong>Anabaptistarum</strong></span> <span class='ocrx_word' id='word_1_98' title='bbox 2368 2187 2593 2234; x_wconf 88' lang='lat' dir='ltr'><strong>errore</strong></span> 
     </span>
     <span class='ocr_line' id='line_1_18' title="bbox 640 2253 2596 2349; baseline -0.005 -21"><span class='ocrx_word' id='word_1_99' title='bbox 640 2262 911 2349; x_wconf 83' lang='lat' dir='ltr'><strong>gravius</strong></span> <span class='ocrx_word' id='word_1_100' title='bbox 952 2259 1125 2344; x_wconf 93' lang='lat' dir='ltr'><strong>quod</strong></span> <span class='ocrx_word' id='word_1_101' title='bbox 1169 2258 1468 2325; x_wconf 89' lang='lat' dir='ltr'><strong>homines</strong></span> <span class='ocrx_word' id='word_1_102' title='bbox 1510 2257 1595 2323; x_wconf 92' lang='lat' dir='ltr'><strong>ob</strong></span> <span class='ocrx_word' id='word_1_103' title='bbox 1661 2254 2042 2341; x_wconf 81' lang='lat' dir='ltr'><strong>religionem</strong></span> <span class='ocrx_word' id='word_1_104' title='bbox 2082 2253 2487 2320; x_wconf 90' lang='lat' dir='ltr'><strong>interficiunt</strong></span> <span class='ocrx_word' id='word_1_105' title='bbox 2529 2260 2596 2320; x_wconf 90' lang='lat' dir='ltr'><strong>et</strong></span> 
     </span>
     <span class='ocr_line' id='line_1_19' title="bbox 640 2339 2594 2433; baseline -0.005 -19"><span class='ocrx_word' id='word_1_106' title='bbox 640 2355 881 2433; x_wconf 87' lang='lat' dir='ltr'><strong>putant</strong></span> <span class='ocrx_word' id='word_1_107' title='bbox 935 2342 1442 2412; x_wconf 88' lang='lat' dir='ltr'><strong>interficiendos.</strong></span> <span class='ocrx_word' id='word_1_108' title='bbox 1528 2342 1705 2409; x_wconf 89' lang='lat' dir='ltr'><strong>Nam</strong></span> <span class='ocrx_word' id='word_1_109' title='bbox 1757 2340 2025 2408; x_wconf 90' lang='lat' dir='ltr'><strong>omnino</strong></span> <span class='ocrx_word' id='word_1_110' title='bbox 2085 2339 2195 2406; x_wconf 91' lang='lat' dir='ltr'><strong>hic</strong></span> <span class='ocrx_word' id='word_1_111' title='bbox 2237 2360 2594 2424; x_wconf 88' lang='lat' dir='ltr'><strong>persequu-</strong></span> 
     </span>
     <span class='ocr_line' id='line_1_20' title="bbox 644 2425 2596 2516; baseline -0.003 -17"><span class='ocrx_word' id='word_1_112' title='bbox 644 2434 844 2499; x_wconf 85' lang='lat' dir='ltr'><strong>tionis</strong></span> <span class='ocrx_word' id='word_1_113' title='bbox 901 2432 1172 2516; x_wconf 82' lang='lat' dir='ltr'><strong>spiritus</strong></span> <span class='ocrx_word' id='word_1_114' title='bbox 1237 2430 1493 2497; x_wconf 89' lang='lat' dir='ltr'><strong>alienus</strong></span> <span class='ocrx_word' id='word_1_115' title='bbox 1536 2436 1639 2495; x_wconf 87' lang='lat' dir='ltr'><strong>est</strong></span> <span class='ocrx_word' id='word_1_116' title='bbox 1680 2448 1721 2493; x_wconf 87' lang='lat' dir='ltr'><strong>a</strong></span> <span class='ocrx_word' id='word_1_117' title='bbox 1761 2426 2014 2494; x_wconf 79' lang='lat' dir='ltr'><strong>Christi</strong></span> <span class='ocrx_word' id='word_1_118' title='bbox 2057 2425 2311 2511; x_wconf 84' lang='lat' dir='ltr'><strong>spiritu,</strong></span> <span class='ocrx_word' id='word_1_119' title='bbox 2372 2434 2440 2491; x_wconf 90' lang='lat' dir='ltr'><strong>et</strong></span> <span class='ocrx_word' id='word_1_120' title='bbox 2482 2426 2596 2510; x_wconf 91' lang='lat' dir='ltr'><strong>qui</strong></span> 
     </span>
     <span class='ocr_line' id='line_1_21' title="bbox 645 2513 2595 2602; baseline -0.004 -16"><span class='ocrx_word' id='word_1_121' title='bbox 645 2540 722 2586; x_wconf 91' lang='lat' dir='ltr'><strong>eo</strong></span> <span class='ocrx_word' id='word_1_122' title='bbox 762 2517 1195 2602; x_wconf 88' lang='lat' dir='ltr'><strong>impelluntur</strong></span> <span class='ocrx_word' id='word_1_123' title='bbox 1235 2516 1537 2583; x_wconf 85' lang='lat' dir='ltr'><strong>nesciunt</strong></span> <span class='ocrx_word' id='word_1_124' title='bbox 1587 2514 1776 2581; x_wconf 92' lang='lat' dir='ltr'><strong>cuius</strong></span> <span class='ocrx_word' id='word_1_125' title='bbox 1817 2513 1951 2579; x_wconf 87' lang='lat' dir='ltr'><strong>sint</strong></span> <span class='ocrx_word' id='word_1_126' title='bbox 2015 2513 2299 2597; x_wconf 89' lang='lat' dir='ltr'><strong>spiritus.</strong></span> <span class='ocrx_word' id='word_1_127' title='bbox 2385 2513 2479 2578; x_wconf 83' lang='lat' dir='ltr'><strong>Et</strong></span> <span class='ocrx_word' id='word_1_128' title='bbox 2520 2520 2595 2579; x_wconf 89' lang='lat' dir='ltr'><strong>tu</strong></span> 
     </span>
     <span class='ocr_line' id='line_1_22' title="bbox 643 2600 2593 2686; baseline -0.004 -15"><span class='ocrx_word' id='word_1_129' title='bbox 643 2605 851 2671; x_wconf 82' lang='lat' dir='ltr'><strong>frater</strong></span> <span class='ocrx_word' id='word_1_130' title='bbox 891 2623 1071 2684; x_wconf 81' lang='lat' dir='ltr'><strong>cave,</strong></span> <span class='ocrx_word' id='word_1_131' title='bbox 1134 2622 1256 2686; x_wconf 91' lang='lat' dir='ltr'><strong>per</strong></span> <span class='ocrx_word' id='word_1_132' title='bbox 1295 2603 1517 2668; x_wconf 90' lang='lat' dir='ltr'><strong>Deum</strong></span> <span class='ocrx_word' id='word_1_133' title='bbox 1576 2608 1643 2666; x_wconf 91' lang='lat' dir='ltr'><strong>te</strong></span> <span class='ocrx_word' id='word_1_134' title='bbox 1741 2617 1957 2680; x_wconf 87' lang='lat' dir='ltr'><strong>uaes0,</strong></span> <span class='ocrx_word' id='word_1_135' title='bbox 2014 2620 2177 2666; x_wconf 81' lang='lat' dir='ltr'><strong>cave</strong></span> <span class='ocrx_word' id='word_1_136' title='bbox 2229 2618 2317 2664; x_wconf 92' lang='lat' dir='ltr'><strong>ne</strong></span> <span class='ocrx_word' id='word_1_137' title='bbox 2375 2606 2443 2664; x_wconf 90' lang='lat' dir='ltr'><strong>te</strong></span> <span class='ocrx_word' id='word_1_138' title='bbox 2487 2600 2593 2666; x_wconf 88' lang='lat' dir='ltr'><strong>vel</strong></span> 
     </span>
     <span class='ocr_line' id='line_1_23' title="bbox 642 2685 2591 2775; baseline -0.003 -18"><span class='ocrx_word' id='word_1_139' title='bbox 642 2689 1029 2775; x_wconf 84' lang='lat' dir='ltr'><strong>imprudens</strong></span> <span class='ocrx_word' id='word_1_140' title='bbox 1072 2688 1211 2755; x_wconf 92' lang='lat' dir='ltr'><strong>ulla</strong></span> <span class='ocrx_word' id='word_1_141' title='bbox 1251 2686 1772 2773; x_wconf 88' lang='lat' dir='ltr'><strong>persequutioms</strong></span> <span class='ocrx_word' id='word_1_142' title='bbox 1814 2686 2124 2751; x_wconf 85' lang='lat' dir='ltr'><strong>societate</strong></span> <span class='ocrx_word' id='word_1_143' title='bbox 2166 2685 2591 2752; x_wconf 77' lang='lat' dir='ltr'><strong>contamines.</strong></span> 
     </span>
     <span class='ocr_line' id='line_1_24' title="bbox 642 2770 2593 2861; baseline -0.003 -19"><span class='ocrx_word' id='word_1_144' title='bbox 642 2776 708 2842; x_wconf 90' lang='lat' dir='ltr'>N</span> <span class='ocrx_word' id='word_1_145' title='bbox 709 2798 797 2843; x_wconf 92' lang='lat' dir='ltr'><strong>on</strong></span> <span class='ocrx_word' id='word_1_146' title='bbox 834 2796 956 2861; x_wconf 88' lang='lat' dir='ltr'><strong>ego</strong></span> <span class='ocrx_word' id='word_1_147' title='bbox 999 2773 1082 2842; x_wconf 91' lang='lat' dir='ltr'><strong>de</strong></span> <span class='ocrx_word' id='word_1_148' title='bbox 1124 2775 1451 2842; x_wconf 88' lang='lat' dir='ltr'><strong>sententia</strong></span> <span class='ocrx_word' id='word_1_149' title='bbox 1492 2780 1608 2839; x_wconf 91' lang='lat' dir='ltr'><strong>tua</strong></span> <span class='ocrx_word' id='word_1_150' title='bbox 1647 2772 1874 2856; x_wconf 91' lang='lat' dir='ltr'><strong>loquor</strong></span> <span class='ocrx_word' id='word_1_151' title='bbox 1917 2792 2113 2855; x_wconf 90' lang='lat' dir='ltr'><strong>quam</strong></span> <span class='ocrx_word' id='word_1_152' title='bbox 2151 2770 2233 2838; x_wconf 88' lang='lat' dir='ltr'><strong>ab</strong></span> <span class='ocrx_word' id='word_1_153' title='bbox 2267 2771 2411 2837; x_wconf 87' lang='lat' dir='ltr'><strong>istis</strong></span> <span class='ocrx_word' id='word_1_154' title='bbox 2443 2792 2593 2856; x_wconf 89' lang='lat' dir='ltr'><strong>per-</strong></span> 
     </span>
     <span class='ocr_line' id='line_1_25' title="bbox 643 2856 2593 2947; baseline -0.003 -18"><span class='ocrx_word' id='word_1_155' title='bbox 643 2861 1141 2947; x_wconf 88' lang='lat' dir='ltr'><strong>sequutionibus</strong></span> <span class='ocrx_word' id='word_1_156' title='bbox 1204 2859 1556 2928; x_wconf 90' lang='lat' dir='ltr'><strong>abhorrere</strong></span> <span class='ocrx_word' id='word_1_157' title='bbox 1614 2857 1781 2923; x_wconf 90' lang='lat' dir='ltr'><strong>mihi</strong></span> <span class='ocrx_word' id='word_1_158' title='bbox 1834 2877 2226 2941; x_wconf 90' lang='lat' dir='ltr'><strong>persuasum</strong></span> <span class='ocrx_word' id='word_1_159' title='bbox 2281 2865 2410 2923; x_wconf 87' lang='lat' dir='ltr'><strong>est:</strong></span> <span class='ocrx_word' id='word_1_160' title='bbox 2478 2856 2593 2924; x_wconf 91' lang='lat' dir='ltr'><strong>sed</strong></span> 
     </span>
     <span class='ocr_line' id='line_1_26' title="bbox 643 2943 2596 3031; baseline -0.003 -16"><span class='ocrx_word' id='word_1_161' title='bbox 643 2947 726 3015; x_wconf 90' lang='lat' dir='ltr'><strong>de</strong></span> <span class='ocrx_word' id='word_1_162' title='bbox 767 2956 1009 3015; x_wconf 87' lang='lat' dir='ltr'><strong>eventu</strong></span> <span class='ocrx_word' id='word_1_163' title='bbox 1073 2947 1187 3031; x_wconf 91' lang='lat' dir='ltr'><strong>qui</strong></span> <span class='ocrx_word' id='word_1_164' title='bbox 1242 2946 1349 3013; x_wconf 84' lang='lat' dir='ltr'><strong>vel</strong></span> <span class='ocrx_word' id='word_1_165' title='bbox 1402 2945 1611 3013; x_wconf 83' lang='lat' dir='ltr'><strong>invito</strong></span> <span class='ocrx_word' id='word_1_166' title='bbox 1669 2951 1737 3010; x_wconf 89' lang='lat' dir='ltr'><strong>te</strong></span> <span class='ocrx_word' id='word_1_167' title='bbox 1789 2943 2206 3027; x_wconf 73' lang='lat' dir='ltr'><strong>consequitur</strong></span> <span class='ocrx_word' id='word_1_168' title='bbox 2247 2949 2397 3009; x_wconf 89' lang='lat' dir='ltr'><strong>tuas</strong></span> <span class='ocrx_word' id='word_1_169' title='bbox 2442 2964 2596 3011; x_wconf 92' lang='lat' dir='ltr'><strong>cum</strong></span> 
     </span>
     <span class='ocr_line' id='line_1_27' title="bbox 642 3028 2595 3117; baseline -0.003 -16"><span class='ocrx_word' id='word_1_170' title='bbox 642 3033 1100 3117; x_wconf 84' lang='lat' dir='ltr'><strong>Anabaptistis</strong></span> <span class='ocrx_word' id='word_1_171' title='bbox 1157 3032 1649 3116; x_wconf 80' lang='lat' dir='ltr'><strong>disputationes.</strong></span> <span class='ocrx_word' id='word_1_172' title='bbox 1734 3028 1984 3098; x_wconf 83' lang='lat' dir='ltr'><strong>Audivi</strong></span> <span class='ocrx_word' id='word_1_173' title='bbox 2041 3029 2218 3096; x_wconf 85' lang='lat' dir='ltr'><strong>enim</strong></span> <span class='ocrx_word' id='word_1_174' title='bbox 2272 3049 2386 3096; x_wconf 88' lang='lat' dir='ltr'><strong>eos</strong></span> <span class='ocrx_word' id='word_1_175' title='bbox 2446 3050 2486 3096; x_wconf 90' lang='lat' dir='ltr'><strong>a</strong></span> <span class='ocrx_word' id='word_1_176' title='bbox 2528 3037 2595 3095; x_wconf 85' lang='lat' dir='ltr'><strong>te</strong></span> 
     </span>
     <span class='ocr_line' id='line_1_28' title="bbox 642 3114 2596 3204; baseline -0.002 -19"><span class='ocrx_word' id='word_1_177' title='bbox 642 3119 716 3185; x_wconf 93' lang='lat' dir='ltr'><strong>in</strong></span> <span class='ocrx_word' id='word_1_178' title='bbox 755 3119 1039 3204; x_wconf 80' lang='lat' dir='ltr'><strong>gratiam</strong></span> <span class='ocrx_word' id='word_1_179' title='bbox 1083 3117 1413 3202; x_wconf 88' lang='lat' dir='ltr'><strong>Principis</strong></span> <span class='ocrx_word' id='word_1_180' title='bbox 1455 3116 1770 3184; x_wconf 85' lang='lat' dir='ltr'><strong>advocato</strong></span> <span class='ocrx_word' id='word_1_181' title='bbox 1812 3114 2041 3198; x_wconf 82' lang='lat' dir='ltr'><strong>refelli,</strong></span> <span class='ocrx_word' id='word_1_182' title='bbox 2106 3114 2342 3181; x_wconf 88' lang='lat' dir='ltr'><strong>deinde</strong></span> <span class='ocrx_word' id='word_1_183' title='bbox 2385 3136 2596 3200; x_wconf 92' lang='lat' dir='ltr'><strong>quum</strong></span> 
     </span>
     <span class='ocr_line' id='line_1_29' title="bbox 647 3200 2597 3287; baseline -0.002 -16"><span class='ocrx_word' id='word_1_184' title='bbox 647 3205 916 3271; x_wconf 88' lang='lat' dir='ltr'><strong>refutati</strong></span> <span class='ocrx_word' id='word_1_185' title='bbox 959 3212 1183 3271; x_wconf 90' lang='lat' dir='ltr'><strong>tamen</strong></span> <span class='ocrx_word' id='word_1_186' title='bbox 1224 3205 1297 3271; x_wconf 93' lang='lat' dir='ltr'><strong>in</strong></span> <span class='ocrx_word' id='word_1_187' title='bbox 1339 3203 1667 3271; x_wconf 88' lang='lat' dir='ltr'><strong>sententia</strong></span> <span class='ocrx_word' id='word_1_188' title='bbox 1722 3208 2147 3287; x_wconf 85' lang='lat' dir='ltr'><strong>perseverent</strong></span> <span class='ocrx_word' id='word_1_189' title='bbox 2186 3201 2426 3286; x_wconf 82' lang='lat' dir='ltr'><strong>puniri.</strong></span> <span class='ocrx_word' id='word_1_190' title='bbox 2517 3200 2597 3268; x_wconf 80' lang='lat' dir='ltr'><strong>Si</strong></span> 
     </span>
     <span class='ocr_line' id='line_1_30' title="bbox 647 3287 2595 3374; baseline -0.001 -19"><span class='ocrx_word' id='word_1_191' title='bbox 647 3289 743 3357; x_wconf 90' lang='lat' dir='ltr'><strong>ita</strong></span> <span class='ocrx_word' id='word_1_192' title='bbox 797 3298 899 3357; x_wconf 90' lang='lat' dir='ltr'><strong>est</strong></span> <span class='ocrx_word' id='word_1_193' title='bbox 961 3290 1191 3356; x_wconf 87' lang='lat' dir='ltr'><strong>malim</strong></span> <span class='ocrx_word' id='word_1_194' title='bbox 1252 3293 1322 3356; x_wconf 86' lang='lat' dir='ltr'><strong>te</strong></span> <span class='ocrx_word' id='word_1_195' title='bbox 1383 3290 1458 3355; x_wconf 92' lang='lat' dir='ltr'><strong>in</strong></span> <span class='ocrx_word' id='word_1_196' title='bbox 1521 3290 1679 3374; x_wconf 91' lang='lat' dir='ltr'><strong>ipsis</strong></span> <span class='ocrx_word' id='word_1_197' title='bbox 1740 3288 2113 3373; x_wconf 87' lang='lat' dir='ltr'><strong>principum</strong></span> <span class='ocrx_word' id='word_1_198' title='bbox 2156 3287 2485 3354; x_wconf 90' lang='lat' dir='ltr'><strong>erroribus</strong></span> <span class='ocrx_word' id='word_1_199' title='bbox 2527 3295 2595 3353; x_wconf 91' lang='lat' dir='ltr'><strong>et</strong></span> 
     </span>
     <span class='ocr_line' id='line_1_31' title="bbox 643 3373 2594 3461; baseline -0.001 -18"><span class='ocrx_word' id='word_1_200' title='bbox 643 3377 930 3461; x_wconf 89' lang='lat' dir='ltr'><strong>peccatis</strong></span> <span class='ocrx_word' id='word_1_201' title='bbox 972 3375 1368 3461; x_wconf 84' lang='lat' dir='ltr'><strong>castigandis</strong></span> <span class='ocrx_word' id='word_1_202' title='bbox 1424 3383 1492 3442; x_wconf 92' lang='lat' dir='ltr'><strong>et</strong></span> <span class='ocrx_word' id='word_1_203' title='bbox 1545 3374 1921 3441; x_wconf 87' lang='lat' dir='ltr'><strong>refellendis</strong></span> <span class='ocrx_word' id='word_1_204' title='bbox 1976 3374 2296 3458; x_wconf 89' lang='lat' dir='ltr'><strong>occupari,</strong></span> <span class='ocrx_word' id='word_1_205' title='bbox 2357 3373 2594 3457; x_wconf 91' lang='lat' dir='ltr'><strong>quibus</strong></span> 
     </span>
     <span class='ocr_line' id='line_1_32' title="bbox 644 3459 2596 3547; baseline -0.001 -20"><span class='ocrx_word' id='word_1_206' title='bbox 644 3482 756 3528; x_wconf 92' lang='lat' dir='ltr'><strong>eos</strong></span> <span class='ocrx_word' id='word_1_207' title='bbox 791 3469 1043 3529; x_wconf 87' lang='lat' dir='ltr'><strong>scatere</strong></span> <span class='ocrx_word' id='word_1_208' title='bbox 1077 3481 1213 3527; x_wconf 91' lang='lat' dir='ltr'><strong>non</strong></span> <span class='ocrx_word' id='word_1_209' title='bbox 1248 3462 1533 3547; x_wconf 87' lang='lat' dir='ltr'><strong>ignoras,</strong></span> <span class='ocrx_word' id='word_1_210' title='bbox 1569 3462 1793 3545; x_wconf 90' lang='lat' dir='ltr'><strong>eisque</strong></span> <span class='ocrx_word' id='word_1_211' title='bbox 1828 3459 1955 3528; x_wconf 90' lang='lat' dir='ltr'><strong>hoc</strong></span> <span class='ocrx_word' id='word_1_212' title='bbox 2035 3459 2276 3525; x_wconf 91' lang='lat' dir='ltr'><strong>rimum</strong></span> <span class='ocrx_word' id='word_1_213' title='bbox 2300 3459 2596 3525; x_wconf 86' lang='lat' dir='ltr'><strong>omnium</strong></span> 
     </span>
     <span class='ocr_line' id='line_1_33' title="bbox 643 3545 2594 3632; baseline -0.002 -17"><span class='ocrx_word' id='word_1_214' title='bbox 643 3546 1055 3632; x_wconf 87' lang='lat' dir='ltr'><strong>persuadere,</strong></span> <span class='ocrx_word' id='word_1_215' title='bbox 1093 3569 1230 3614; x_wconf 92' lang='lat' dir='ltr'><strong>non</strong></span> <span class='ocrx_word' id='word_1_216' title='bbox 1271 3568 1415 3614; x_wconf 89' lang='lat' dir='ltr'><strong>esse</strong></span> <span class='ocrx_word' id='word_1_217' title='bbox 1455 3547 1756 3613; x_wconf 87' lang='lat' dir='ltr'><strong>homines</strong></span> <span class='ocrx_word' id='word_1_218' title='bbox 1798 3545 1882 3613; x_wconf 93' lang='lat' dir='ltr'><strong>ob</strong></span> <span class='ocrx_word' id='word_1_219' title='bbox 1916 3568 1989 3613; x_wconf 91' lang='lat' dir='ltr'><strong>re</strong></span> <span class='ocrx_word' id='word_1_220' title='bbox 2021 3547 2034 3560; x_wconf 74' lang='lat'><em>⁶</em></span> <span class='ocrx_word' id='word_1_221' title='bbox 2090 3545 2303 3610; x_wconf 82' lang='lat' dir='ltr'><strong>‘onem</strong></span> <span class='ocrx_word' id='word_1_222' title='bbox 2336 3545 2594 3612; x_wconf 87' lang='lat' dir='ltr'><strong>interfi-</strong></span> 
     </span>
     <span class='ocr_line' id='line_1_34' title="bbox 644 3631 2595 3715; baseline -0.002 -14"><span class='ocrx_word' id='word_1_223' title='bbox 644 3633 926 3701; x_wconf 89' lang='lat' dir='ltr'><strong>ciendos.</strong></span> <span class='ocrx_word' id='word_1_224' title='bbox 1011 3633 1144 3699; x_wconf 90' lang='lat' dir='ltr'><strong>Ita.</strong></span> <span class='ocrx_word' id='word_1_225' title='bbox 1171 3631 1434 3704; x_wconf 86' lang='lat' dir='ltr'><strong>demum</strong></span> <span class='ocrx_word' id='word_1_226' title='bbox 1503 3633 1729 3700; x_wconf 89' lang='lat' dir='ltr'><strong>liceret</strong></span> <span class='ocrx_word' id='word_1_227' title='bbox 1771 3632 1954 3698; x_wconf 89' lang='lat' dir='ltr'><strong>nullo</strong></span> <span class='ocrx_word' id='word_1_228' title='bbox 2010 3631 2595 3715; x_wconf 86' lang='lat' dir='ltr'><strong>Anabaptistarum</strong></span> 
     </span>
     <span class='ocr_line' id='line_1_35' title="bbox 644 3716 2590 3871; baseline 0 -87"><span class='ocrx_word' id='word_1_229' title='bbox 644 3720 813 3871; x_wconf 52' lang='lat' dir='ltr'><strong>gion</strong></span> <span class='ocrx_word' id='word_1_230' title='bbox 877 3719 1088 3787; x_wconf 89' lang='lat' dir='ltr'><strong>dicam</strong></span> <span class='ocrx_word' id='word_1_231' title='bbox 1153 3720 1332 3787; x_wconf 90' lang='lat' dir='ltr'><strong>enim</strong></span> <span class='ocrx_word' id='word_1_232' title='bbox 1449 3719 1800 3802; x_wconf 87' lang='lat' dir='ltr'><strong>rincipum)</strong></span> <span class='ocrx_word' id='word_1_233' title='bbox 1886 3718 2176 3802; x_wconf 90' lang='lat' dir='ltr'><strong>periculo</strong></span> <span class='ocrx_word' id='word_1_234' title='bbox 2238 3716 2590 3801; x_wconf 90' lang='lat' dir='ltr'><strong>disputare.</strong></span> 
     </span>
    </p>

    <p class='ocr_par' dir='ltr' id='par_1_8' title="bbox 643 3804 2594 4747">
     <span class='ocr_line' id='line_1_36' title="bbox 713 3804 2592 3891; baseline 0 -20"><span class='ocrx_word' id='word_1_235' title='bbox 713 3826 841 3872; x_wconf 90' lang='lat' dir='ltr'><strong>unc</strong></span> <span class='ocrx_word' id='word_1_236' title='bbox 904 3806 1060 3871; x_wconf 91' lang='lat' dir='ltr'><strong>dum</strong></span> <span class='ocrx_word' id='word_1_237' title='bbox 1124 3805 1404 3891; x_wconf 91' lang='lat' dir='ltr'><strong>principi</strong></span> <span class='ocrx_word' id='word_1_238' title='bbox 1449 3827 1526 3872; x_wconf 90' lang='lat' dir='ltr'><strong>us</strong></span> <span class='ocrx_word' id='word_1_239' title='bbox 1588 3805 1703 3870; x_wconf 90' lang='lat' dir='ltr'><strong>illo</strong></span> <span class='ocrx_word' id='word_1_240' title='bbox 1766 3824 1985 3870; x_wconf 90' lang='lat' dir='ltr'><strong>errore</strong></span> <span class='ocrx_word' id='word_1_241' title='bbox 2049 3804 2306 3870; x_wconf 82' lang='lat' dir='ltr'><strong>infectis</strong></span> <span class='ocrx_word' id='word_1_242' title='bbox 2349 3804 2592 3871; x_wconf 86' lang='lat' dir='ltr'><strong>refellis</strong></span> 
     </span>
     <span class='ocr_line' id='line_1_37' title="bbox 645 3889 2591 3976; baseline 0.001 -20"><span class='ocrx_word' id='word_1_243' title='bbox 645 3891 1136 3975; x_wconf 83' lang='lat' dir='ltr'><strong>Anabaptistas,</strong></span> <span class='ocrx_word' id='word_1_244' title='bbox 1180 3891 1375 3976; x_wconf 91' lang='lat' dir='ltr'><strong>idque</strong></span> <span class='ocrx_word' id='word_1_245' title='bbox 1419 3892 1503 3957; x_wconf 89' lang='lat' dir='ltr'><strong>ab</strong></span> <span class='ocrx_word' id='word_1_246' title='bbox 1545 3891 1704 3974; x_wconf 91' lang='lat' dir='ltr'><strong>ipsis</strong></span> <span class='ocrx_word' id='word_1_247' title='bbox 1747 3890 2158 3975; x_wconf 65' lang='lat' dir='ltr'><strong>{principibus</strong></span> <span class='ocrx_word' id='word_1_248' title='bbox 2212 3889 2591 3967; x_wconf 77' lang='lat' dir='ltr'><strong>advocatus.</strong></span> 
     </span>
     <span class='ocr_line' id='line_1_38' title="bbox 645 3974 2591 4061; baseline 0 -18"><span class='ocrx_word' id='word_1_249' title='bbox 645 3985 723 4043; x_wconf 91' lang='lat' dir='ltr'><strong>ut</strong></span> <span class='ocrx_word' id='word_1_250' title='bbox 763 3997 927 4061; x_wconf 91' lang='lat' dir='ltr'><strong>quos</strong></span> <span class='ocrx_word' id='word_1_251' title='bbox 968 3976 1197 4044; x_wconf 85' lang='lat' dir='ltr'><strong>volens</strong></span> <span class='ocrx_word' id='word_1_252' title='bbox 1239 3977 1486 4044; x_wconf 84' lang='lat' dir='ltr'><strong>refellis</strong></span> <span class='ocrx_word' id='word_1_253' title='bbox 1527 3975 1761 4042; x_wconf 91' lang='lat' dir='ltr'><strong>iisdem</strong></span> <span class='ocrx_word' id='word_1_254' title='bbox 1815 3974 2044 4041; x_wconf 90' lang='lat' dir='ltr'><strong>nolens</strong></span> <span class='ocrx_word' id='word_1_255' title='bbox 2100 3996 2335 4042; x_wconf 89' lang='lat' dir='ltr'><strong>noceas</strong></span> <span class='ocrx_word' id='word_1_256' title='bbox 2376 3997 2591 4061; x_wconf 91' lang='lat' dir='ltr'><strong>neque</strong></span> 
     </span>
     <span class='ocr_line' id='line_1_39' title="bbox 643 4061 2592 4148; baseline 0 -20"><span class='ocrx_word' id='word_1_257' title='bbox 643 4062 806 4147; x_wconf 90' lang='lat' dir='ltr'><strong>ipsis</strong></span> <span class='ocrx_word' id='word_1_258' title='bbox 848 4062 1253 4148; x_wconf 90' lang='lat' dir='ltr'><strong>principibus</strong></span> <span class='ocrx_word' id='word_1_259' title='bbox 1295 4063 1646 4148; x_wconf 90' lang='lat' dir='ltr'><strong>quidquam</strong></span> <span class='ocrx_word' id='word_1_260' title='bbox 1688 4063 1899 4146; x_wconf 88' lang='lat' dir='ltr'><strong>prosis</strong></span> <span class='ocrx_word' id='word_1_261' title='bbox 1943 4066 2180 4145; x_wconf 91' lang='lat' dir='ltr'><strong>(neque</strong></span> <span class='ocrx_word' id='word_1_262' title='bbox 2222 4061 2400 4127; x_wconf 91' lang='lat' dir='ltr'><strong>enim</strong></span> <span class='ocrx_word' id='word_1_263' title='bbox 2443 4062 2592 4128; x_wconf 89' lang='lat' dir='ltr'><strong>red-</strong></span> 
     </span>
     <span class='ocr_line' id='line_1_40' title="bbox 645 4146 2592 4233; baseline 0 -19"><span class='ocrx_word' id='word_1_264' title='bbox 645 4149 892 4215; x_wconf 91' lang='lat' dir='ltr'><strong>duntur</strong></span> <span class='ocrx_word' id='word_1_265' title='bbox 935 4150 1221 4233; x_wconf 83' lang='lat' dir='ltr'><strong>profecto</strong></span> <span class='ocrx_word' id='word_1_266' title='bbox 1255 4156 1372 4214; x_wconf 88' lang='lat' dir='ltr'><strong>tua</strong></span> <span class='ocrx_word' id='word_1_267' title='bbox 1405 4149 1487 4214; x_wconf 91' lang='lat' dir='ltr'><strong>de</strong></span> <span class='ocrx_word' id='word_1_268' title='bbox 1522 4148 1753 4214; x_wconf 90' lang='lat' dir='ltr'><strong>alienis</strong></span> <span class='ocrx_word' id='word_1_269' title='bbox 1788 4146 2116 4212; x_wconf 89' lang='lat' dir='ltr'><strong>erroribus</strong></span> <span class='ocrx_word' id='word_1_270' title='bbox 2151 4146 2592 4231; x_wconf 88' lang='lat' dir='ltr'><strong>disputatione</strong></span> 
     </span>
     <span class='ocr_line' id='line_1_41' title="bbox 644 4233 2592 4314; baseline 0 -15"><span class='ocrx_word' id='word_1_271' title='bbox 644 4235 969 4312; x_wconf 90' lang='lat' dir='ltr'><strong>meliores,</strong></span> <span class='ocrx_word' id='word_1_272' title='bbox 1036 4234 1150 4302; x_wconf 88' lang='lat' dir='ltr'><strong>sed</strong></span> <span class='ocrx_word' id='word_1_273' title='bbox 1217 4234 1542 4301; x_wconf 81' lang='lat' dir='ltr'><strong>duntaxat</strong></span> <span class='ocrx_word' id='word_1_274' title='bbox 1616 4234 1686 4299; x_wconf 92' lang='lat' dir='ltr'><strong>in</strong></span> <span class='ocrx_word' id='word_1_275' title='bbox 1753 4254 1869 4300; x_wconf 92' lang='lat' dir='ltr'><strong>suo</strong></span> <span class='ocrx_word' id='word_1_276' title='bbox 1932 4233 2173 4299; x_wconf 89' lang='lat' dir='ltr'><strong>iniusto</strong></span> <span class='ocrx_word' id='word_1_277' title='bbox 2234 4233 2425 4314; x_wconf 86' lang='lat' dir='ltr'><strong>facto,</strong></span> <span class='ocrx_word' id='word_1_278' title='bbox 2506 4256 2592 4299; x_wconf 89' lang='lat' dir='ltr'><strong>ne</strong></span> 
     </span>
     <span class='ocr_line' id='line_1_42' title="bbox 646 4317 2594 4404; baseline 0.001 -19"><span class='ocrx_word' id='word_1_279' title='bbox 646 4319 802 4403; x_wconf 92' lang='lat' dir='ltr'><strong>quid</strong></span> <span class='ocrx_word' id='word_1_280' title='bbox 859 4321 1071 4387; x_wconf 89' lang='lat' dir='ltr'><strong>dicam</strong></span> <span class='ocrx_word' id='word_1_281' title='bbox 1128 4320 1439 4404; x_wconf 89' lang='lat' dir='ltr'><strong>asperius,</strong></span> <span class='ocrx_word' id='word_1_282' title='bbox 1506 4317 2046 4404; x_wconf 89' lang='lat' dir='ltr'><strong>confirmatiores)</strong></span> <span class='ocrx_word' id='word_1_283' title='bbox 2090 4320 2378 4385; x_wconf 89' lang='lat' dir='ltr'><strong>sanctius</strong></span> <span class='ocrx_word' id='word_1_284' title='bbox 2420 4330 2594 4386; x_wconf 88' lang='lat' dir='ltr'><strong>esset</strong></span> 
     </span>
     <span class='ocr_line' id='line_1_43' title="bbox 644 4405 2591 4490; baseline 0.001 -20"><span class='ocrx_word' id='word_1_285' title='bbox 644 4405 921 4490; x_wconf 88' lang='lat' dir='ltr'><strong>Deoque</strong></span> <span class='ocrx_word' id='word_1_286' title='bbox 964 4408 1290 4490; x_wconf 89' lang='lat' dir='ltr'><strong>acceptius</strong></span> <span class='ocrx_word' id='word_1_287' title='bbox 1334 4414 1398 4472; x_wconf 90' lang='lat' dir='ltr'><strong>te</strong></span> <span class='ocrx_word' id='word_1_288' title='bbox 1456 4413 1569 4471; x_wconf 88' lang='lat' dir='ltr'><strong>tuo</strong></span> <span class='ocrx_word' id='word_1_289' title='bbox 1623 4405 1913 4490; x_wconf 88' lang='lat' dir='ltr'><strong>periculo</strong></span> <span class='ocrx_word' id='word_1_290' title='bbox 1954 4405 2357 4489; x_wconf 87' lang='lat' dir='ltr'><strong>principibus</strong></span> <span class='ocrx_word' id='word_1_291' title='bbox 2399 4407 2591 4472; x_wconf 89' lang='lat' dir='ltr'><strong>refel-</strong></span> 
     </span>
     <span class='ocr_line' id='line_1_44' title="bbox 645 4489 2590 4575; baseline 0.002 -21"><span class='ocrx_word' id='word_1_292' title='bbox 645 4489 858 4558; x_wconf 89' lang='lat' dir='ltr'><strong>lendis</strong></span> <span class='ocrx_word' id='word_1_293' title='bbox 899 4513 1161 4575; x_wconf 86' lang='lat' dir='ltr'><strong>operam</strong></span> <span class='ocrx_word' id='word_1_294' title='bbox 1207 4491 1381 4571; x_wconf 83' lang='lat' dir='ltr'><strong>dare,</strong></span> <span class='ocrx_word' id='word_1_295' title='bbox 1425 4512 1622 4574; x_wconf 90' lang='lat' dir='ltr'><strong>quam</strong></span> <span class='ocrx_word' id='word_1_296' title='bbox 1665 4513 1751 4557; x_wconf 84' lang='lat' dir='ltr'><strong>ex</strong></span> <span class='ocrx_word' id='word_1_297' title='bbox 1795 4497 1933 4556; x_wconf 88' lang='lat' dir='ltr'><strong>tuto</strong></span> <span class='ocrx_word' id='word_1_298' title='bbox 1978 4489 2423 4575; x_wconf 87' lang='lat' dir='ltr'><strong>disputantem</strong></span> <span class='ocrx_word' id='word_1_299' title='bbox 2469 4493 2590 4558; x_wconf 86' lang='lat' dir='ltr'><strong>mi-</strong></span> 
     </span>
     <span class='ocr_line' id='line_1_45' title="bbox 648 4576 2591 4660; baseline 0.002 -19"><span class='ocrx_word' id='word_1_300' title='bbox 648 4595 943 4642; x_wconf 90' lang='lat' dir='ltr'><strong>serorum</strong></span> <span class='ocrx_word' id='word_1_301' title='bbox 999 4578 1334 4643; x_wconf 89' lang='lat' dir='ltr'><strong>miseriam</strong></span> <span class='ocrx_word' id='word_1_302' title='bbox 1377 4598 1633 4660; x_wconf 87' lang='lat' dir='ltr'><strong>augere.</strong></span> <span class='ocrx_word' id='word_1_303' title='bbox 1723 4576 1950 4660; x_wconf 90' lang='lat' dir='ltr'><strong>Neque</strong></span> <span class='ocrx_word' id='word_1_304' title='bbox 1993 4598 2150 4644; x_wconf 81' lang='lat' dir='ltr'><strong>vero</strong></span> <span class='ocrx_word' id='word_1_305' title='bbox 2191 4597 2445 4643; x_wconf 90' lang='lat' dir='ltr'><strong>errores</strong></span> <span class='ocrx_word' id='word_1_306' title='bbox 2488 4601 2591 4645; x_wconf 87' lang='lat' dir='ltr'><strong>re-</strong></span> 
     </span>
     <span class='ocr_line' id='line_1_46' title="bbox 647 4660 2587 4747; baseline 0.003 -21"><span class='ocrx_word' id='word_1_307' title='bbox 647 4660 966 4728; x_wconf 87' lang='lat' dir='ltr'><strong>fellendos</strong></span> <span class='ocrx_word' id='word_1_308' title='bbox 1009 4683 1150 4730; x_wconf 88' lang='lat' dir='ltr'><strong>esse</strong></span> <span class='ocrx_word' id='word_1_309' title='bbox 1193 4684 1379 4747; x_wconf 85' lang='lat' dir='ltr'><strong>nego,</strong></span> <span class='ocrx_word' id='word_1_310' title='bbox 1424 4662 1538 4728; x_wconf 87' lang='lat' dir='ltr'><strong>sed</strong></span> <span class='ocrx_word' id='word_1_311' title='bbox 1594 4664 1686 4729; x_wconf 89' lang='lat' dir='ltr'><strong>sic</strong></span> <span class='ocrx_word' id='word_1_312' title='bbox 1742 4662 2133 4729; x_wconf 84' lang='lat' dir='ltr'><strong>refellendos</strong></span> <span class='ocrx_word' id='word_1_313' title='bbox 2169 4684 2303 4728; x_wconf 90' lang='lat' dir='ltr'><strong>non</strong></span> <span class='ocrx_word' id='word_1_314' title='bbox 2354 4664 2587 4731; x_wconf 90' lang='lat' dir='ltr'><strong>iudico.</strong></span> 
     </span>
    </p>

    <p class='ocr_par' dir='ltr' id='par_1_9' title="bbox 647 4748 2592 5176">
     <span class='ocr_line' id='line_1_47' title="bbox 820 4748 2591 4832; baseline 0.002 -21"><span class='ocrx_word' id='word_1_315' title='bbox 820 4748 1004 4814; x_wconf 88' lang='lat' dir='ltr'><strong>Haec</strong></span> <span class='ocrx_word' id='word_1_316' title='bbox 1048 4770 1088 4814; x_wconf 89' lang='lat' dir='ltr'><strong>a</strong></span> <span class='ocrx_word' id='word_1_317' title='bbox 1129 4770 1236 4815; x_wconf 91' lang='lat' dir='ltr'><strong>me</strong></span> <span class='ocrx_word' id='word_1_318' title='bbox 1293 4749 1601 4815; x_wconf 83' lang='lat' dir='ltr'><strong>benevole</strong></span> <span class='ocrx_word' id='word_1_319' title='bbox 1658 4750 1986 4832; x_wconf 90' lang='lat' dir='ltr'><strong>amiceque</strong></span> <span class='ocrx_word' id='word_1_320' title='bbox 2041 4749 2168 4815; x_wconf 91' lang='lat' dir='ltr'><strong>dici</strong></span> <span class='ocrx_word' id='word_1_321' title='bbox 2228 4771 2360 4816; x_wconf 93' lang='lat' dir='ltr'><strong>non</strong></span> <span class='ocrx_word' id='word_1_322' title='bbox 2405 4751 2591 4816; x_wconf 90' lang='lat' dir='ltr'><strong>dubi·</strong></span> 
     </span>
     <span class='ocr_line' id='line_1_48' title="bbox 648 4832 2590 4919; baseline 0.002 -21"><span class='ocrx_word' id='word_1_323' title='bbox 648 4842 770 4899; x_wconf 87' lang='lat' dir='ltr'><strong>tas.</strong></span> <span class='ocrx_word' id='word_1_324' title='bbox 852 4832 1077 4899; x_wconf 86' lang='lat' dir='ltr'><strong>Movet</strong></span> <span class='ocrx_word' id='word_1_325' title='bbox 1117 4857 1225 4900; x_wconf 89' lang='lat' dir='ltr'><strong>me</strong></span> <span class='ocrx_word' id='word_1_326' title='bbox 1268 4842 1335 4902; x_wconf 90' lang='lat' dir='ltr'><strong>et</strong></span> <span class='ocrx_word' id='word_1_327' title='bbox 1377 4835 1637 4901; x_wconf 91' lang='lat' dir='ltr'><strong>illorum</strong></span> <span class='ocrx_word' id='word_1_328' title='bbox 1681 4836 1943 4901; x_wconf 88' lang='lat' dir='ltr'><strong>miseria</strong></span> <span class='ocrx_word' id='word_1_329' title='bbox 1990 4843 2059 4900; x_wconf 89' lang='lat' dir='ltr'><strong>et</strong></span> <span class='ocrx_word' id='word_1_330' title='bbox 2099 4847 2290 4900; x_wconf 90' lang='lat' dir='ltr'><strong>tuum</strong></span> <span class='ocrx_word' id='word_1_331' title='bbox 2334 4837 2590 4919; x_wconf 90' lang='lat' dir='ltr'><strong>pericu-</strong></span> 
     </span>
     <span class='ocr_line' id='line_1_49' title="bbox 648 4916 2591 5005; baseline 0.002 -21"><span class='ocrx_word' id='word_1_332' title='bbox 648 4918 808 4985; x_wconf 92' lang='lat' dir='ltr'><strong>lum.</strong></span> <span class='ocrx_word' id='word_1_333' title='bbox 900 4916 1047 4983; x_wconf 81' lang='lat' dir='ltr'><strong>Scis</strong></span> <span class='ocrx_word' id='word_1_334' title='bbox 1111 4921 1267 5001; x_wconf 90' lang='lat' dir='ltr'><strong>quid</strong></span> <span class='ocrx_word' id='word_1_335' title='bbox 1332 4942 1527 5005; x_wconf 89' lang='lat' dir='ltr'><strong>saepe</strong></span> <span class='ocrx_word' id='word_1_336' title='bbox 1592 4921 1899 4986; x_wconf 89' lang='lat' dir='ltr'><strong>audiente</strong></span> <span class='ocrx_word' id='word_1_337' title='bbox 1962 4942 2068 4986; x_wconf 92' lang='lat' dir='ltr'><strong>me</strong></span> <span class='ocrx_word' id='word_1_338' title='bbox 2126 4920 2398 4987; x_wconf 80' lang='lat' dir='ltr'><strong>dixeris:</strong></span> <span class='ocrx_word' id='word_1_339' title='bbox 2488 4922 2591 4988; x_wconf 89' lang='lat' dir='ltr'><strong>Ne</strong></span> 
     </span>
     <span class='ocr_line' id='line_1_50' title="bbox 647 5002 2592 5074; baseline 0.001 -3"><span class='ocrx_word' id='word_1_340' title='bbox 647 5026 767 5071; x_wconf 89' lang='lat' dir='ltr'><strong>nos</strong></span> <span class='ocrx_word' id='word_1_341' title='bbox 810 5002 1084 5070; x_wconf 87' lang='lat' dir='ltr'><strong>inducas</strong></span> <span class='ocrx_word' id='word_1_342' title='bbox 1139 5004 1210 5068; x_wconf 89' lang='lat' dir='ltr'><strong>in</strong></span> <span class='ocrx_word' id='word_1_343' title='bbox 1265 5009 1706 5072; x_wconf 88' lang='lat' dir='ltr'><strong>tentationem.</strong></span> <span class='ocrx_word' id='word_1_344' title='bbox 1797 5005 2095 5073; x_wconf 80' lang='lat' dir='ltr'><strong>Callidus</strong></span> <span class='ocrx_word' id='word_1_345' title='bbox 2129 5014 2229 5073; x_wconf 86' lang='lat' dir='ltr'><strong>est</strong></span> <span class='ocrx_word' id='word_1_346' title='bbox 2270 5006 2484 5074; x_wconf 83' lang='lat' dir='ltr'><strong>Satan</strong></span> <span class='ocrx_word' id='word_1_347' title='bbox 2526 5015 2592 5073; x_wconf 88' lang='lat' dir='ltr'><strong>et</strong></span> 
     </span>
     <span class='ocr_line' id='line_1_51' title="bbox 647 5089 2591 5176; baseline 0.002 -21"><span class='ocrx_word' id='word_1_348' title='bbox 647 5091 965 5174; x_wconf 89' lang='lat' dir='ltr'><strong>paulatim</strong></span> <span class='ocrx_word' id='word_1_349' title='bbox 1046 5089 1252 5154; x_wconf 88' lang='lat' dir='ltr'><strong>trahit</strong></span> <span class='ocrx_word' id='word_1_350' title='bbox 1325 5112 1739 5176; x_wconf 88' lang='lat' dir='ltr'><strong>quoscunque</strong></span> <span class='ocrx_word' id='word_1_351' title='bbox 1804 5101 2016 5176; x_wconf 88' lang='lat' dir='ltr'><strong>potest</strong></span> <span class='ocrx_word' id='word_1_352' title='bbox 2080 5093 2150 5158; x_wconf 88' lang='lat' dir='ltr'><strong>in</strong></span> <span class='ocrx_word' id='word_1_353' title='bbox 2215 5095 2591 5161; x_wconf 88' lang='lat' dir='ltr'><strong>societatem</strong></span> 
     </span>
    </p>
   </div>
   <div class='ocr_carea' id='block_1_8' title="bbox 654 5248 1048 5257">
    <p class='ocr_par' dir='ltr' id='par_1_10' title="bbox 654 5248 1048 5257">
     <span class='ocr_line' id='line_1_52' title="bbox 654 5248 1048 5257; baseline 0 0"><span class='ocrx_word' id='word_1_354' title='bbox 654 5248 1048 5257; x_wconf 95' lang='lat' dir='ltr'><strong> </strong></span> 
     </span>
    </p>
   </div>
   <div class='ocr_carea' id='block_1_9' title="bbox 647 5328 2010 5400">
    <p class='ocr_par' dir='ltr' id='par_1_11' title="bbox 647 5328 2010 5400">
     <span class='ocr_line' id='line_1_53' title="bbox 647 5328 2010 5400; baseline 0.001 -17"><span class='ocrx_word' id='word_1_355' title='bbox 647 5329 835 5384; x_wconf 82' lang='lat'><strong>3880.</strong></span> <span class='ocrx_word' id='word_1_356' title='bbox 856 5330 913 5398; x_wconf 92' lang='lat'><strong>1)</strong></span> <span class='ocrx_word' id='word_1_357' title='bbox 945 5331 1120 5388; x_wconf 78' lang='lat' dir='ltr'><strong>amieo</strong></span> <span class='ocrx_word' id='word_1_358' title='bbox 1153 5328 1360 5399; x_wconf 71' lang='lat' dir='ltr'><strong>Belqae</strong></span> <span class='ocrx_word' id='word_1_359' title='bbox 1391 5333 1454 5386; x_wconf 81' lang='lat' dir='ltr'><strong>ut</strong></span> <span class='ocrx_word' id='word_1_360' title='bbox 1486 5329 1641 5387; x_wconf 77' lang='lat' dir='ltr'><strong>habet</strong></span> <span class='ocrx_word' id='word_1_361' title='bbox 1674 5331 2010 5400; x_wconf 73' lang='lat' dir='ltr'><strong>impressum.</strong></span> 
     </span>
    </p>
   </div>
   <div class='ocr_carea' id='block_1_10' title="bbox 2142 394 3135 466">
    <p class='ocr_par' dir='ltr' id='par_1_12' title="bbox 2142 394 3135 466">
     <span class='ocr_line' id='line_1_54' title="bbox 2142 394 3135 466; baseline -0.001 -1"><span class='ocrx_word' id='word_1_362' title='bbox 2142 394 2672 465; x_wconf 71' lang='lat' dir='ltr'><strong>EPISTOLAE</strong></span> <span class='ocrx_word' id='word_1_363' title='bbox 2713 398 3135 466; x_wconf 74' lang='lat' dir='ltr'><strong>asso—3881</strong></span> 
     </span>
    </p>
   </div>
   <div class='ocr_carea' id='block_1_11' title="bbox 2639 584 2652 5367">
    <p class='ocr_par' dir='ltr' id='par_1_13' title="bbox 2639 584 2652 5367">
     <span class='ocr_line' id='line_1_55' title="bbox 2639 584 2652 5367; baseline 0 0"><span class='ocrx_word' id='word_1_364' title='bbox 2639 584 2652 5367; x_wconf 95' lang='lat' dir='ltr'><strong> </strong></span> 
     </span>
    </p>
   </div>
   <div class='ocr_carea' id='block_1_12' title="bbox 4501 411 4611 475">
    <p class='ocr_par' dir='ltr' id='par_1_14' title="bbox 4501 411 4611 475">
     <span class='ocr_line' id='line_1_56' title="bbox 4501 411 4611 475; baseline 0.027 -3"><span class='ocrx_word' id='word_1_365' title='bbox 4501 411 4611 475; x_wconf 82' lang='lat'><strong>588</strong></span> 
     </span>
    </p>
   </div>
   <div class='ocr_carea' id='block_1_13' title="bbox 2689 588 4625 1943">
    <p class='ocr_par' dir='ltr' id='par_1_15' title="bbox 2689 588 4625 1943">
     <span class='ocr_line' id='line_1_57' title="bbox 2690 588 4615 765; baseline 0.006 -27"><span class='ocrx_word' id='word_1_366' title='bbox 2690 607 2797 738; x_wconf 48' lang='grc' dir='ltr'><strong>ἰοὶ</strong></span> <span class='ocrx_word' id='word_1_367' title='bbox 2840 692 2881 737; x_wconf 90' lang='lat' dir='ltr'><strong>a</strong></span> <span class='ocrx_word' id='word_1_368' title='bbox 2922 607 3142 741; x_wconf 61' lang='lat' dir='ltr'><strong>vostea</strong></span> <span class='ocrx_word' id='word_1_369' title='bbox 3149 594 3620 740; x_wconf 52' lang='lat' dir='ltr'><strong>ssffirssaenffi</strong></span> <span class='ocrx_word' id='word_1_370' title='bbox 3664 588 3985 761; x_wconf 53' lang='lat' dir='ltr'><strong>gargogldling</strong></span> <span class='ocrx_word' id='word_1_371' title='bbox 4012 588 4615 765; x_wconf 43' lang='lat' dir='ltr'><strong>pollutffbssffiqdlg</strong></span> 
     </span>
     <span class='ocr_line' id='line_1_58' title="bbox 2689 757 4617 849; baseline 0.006 -27"><span class='ocrx_word' id='word_1_372' title='bbox 2689 765 2766 823; x_wconf 91' lang='lat' dir='ltr'><strong>ut</strong></span> <span class='ocrx_word' id='word_1_373' title='bbox 2807 758 3005 826; x_wconf 86' lang='lat' dir='ltr'><strong>officii</strong></span> <span class='ocrx_word' id='word_1_374' title='bbox 3070 759 3281 826; x_wconf 86' lang='lat' dir='ltr'><strong>nostri</strong></span> <span class='ocrx_word' id='word_1_375' title='bbox 3341 757 3499 843; x_wconf 90' lang='lat' dir='ltr'><strong>quid</strong></span> <span class='ocrx_word' id='word_1_376' title='bbox 3562 761 3649 828; x_wconf 88' lang='lat' dir='ltr'><strong>sit</strong></span> <span class='ocrx_word' id='word_1_377' title='bbox 3711 764 3993 828; x_wconf 90' lang='lat' dir='ltr'><strong>sciamus</strong></span> <span class='ocrx_word' id='word_1_378' title='bbox 4007 813 4023 838; x_wconf 90' lang='lat'>‚</span> <span class='ocrx_word' id='word_1_379' title='bbox 4088 763 4185 830; x_wconf 90' lang='lat' dir='ltr'><strong>sic</strong></span> <span class='ocrx_word' id='word_1_380' title='bbox 4247 763 4617 849; x_wconf 85' lang='lat' dir='ltr'><strong>cogitemus:</strong></span> 
     </span>
     <span class='ocr_line' id='line_1_59' title="bbox 2691 841 4619 949; baseline 0.004 -40"><span class='ocrx_word' id='word_1_381' title='bbox 2691 841 2869 925; x_wconf 82' lang='lat' dir='ltr'><strong>Quid</strong></span> <span class='ocrx_word' id='word_1_382' title='bbox 2891 845 3154 947; x_wconf 37' lang='lat' dir='ltr'><strong>‘faceret</strong></span> <span class='ocrx_word' id='word_1_383' title='bbox 3185 846 3376 946; x_wconf 62' lang='lat' dir='ltr'><strong>lesus</strong></span> <span class='ocrx_word' id='word_1_384' title='bbox 3417 845 3480 946; x_wconf 76' lang='lat' dir='ltr'><strong>si</strong></span> <span class='ocrx_word' id='word_1_385' title='bbox 3518 845 3629 911; x_wconf 90' lang='lat' dir='ltr'><strong>hic</strong></span> <span class='ocrx_word' id='word_1_386' title='bbox 3671 846 3884 949; x_wconf 74' lang='lat' dir='ltr'><strong>esset?</strong></span> <span class='ocrx_word' id='word_1_387' title='bbox 3967 848 4059 914; x_wconf 83' lang='lat' dir='ltr'><strong>Et</strong></span> <span class='ocrx_word' id='word_1_388' title='bbox 4098 848 4324 916; x_wconf 85' lang='lat' dir='ltr'><strong>statim</strong></span> <span class='ocrx_word' id='word_1_389' title='bbox 4366 870 4619 935; x_wconf 87' lang='lat' dir='ltr'><strong>respon·</strong></span> 
     </span>
     <span class='ocr_line' id='line_1_60' title="bbox 2691 931 4622 1091; baseline 0.005 -10"><span class='ocrx_word' id='word_1_390' title='bbox 2691 950 2841 996; x_wconf 59' lang='lat' dir='ltr'><strong>sum</strong></span> <span class='ocrx_word' id='word_1_391' title='bbox 2864 952 2968 1082; x_wconf 59' lang='grc' dir='ltr'>11)ῑὲ</span> <span class='ocrx_word' id='word_1_392' title='bbox 3000 951 3239 1084; x_wconf 56' lang='lat' dir='ltr'><strong>affl</strong></span> <span class='ocrx_word' id='word_1_393' title='bbox 3278 931 3929 1087; x_wconf 47' lang='lat' dir='ltr'><strong>zffisnislidlffiffis</strong></span> <span class='ocrx_word' id='word_1_394' title='bbox 3992 1021 4246 1088; x_wconf 80' lang='lat' dir='ltr'><strong>furores</strong></span> <span class='ocrx_word' id='word_1_395' title='bbox 4311 1021 4622 1091; x_wconf 89' lang='lat' dir='ltr'><strong>audimus.</strong></span> 
     </span>
     <span class='ocr_line' id='line_1_61' title="bbox 2691 1101 4624 1192; baseline 0.005 -25"><span class='ocrx_word' id='word_1_396' title='bbox 2691 1101 2982 1168; x_wconf 87' lang='lat' dir='ltr'><strong>Rhotom</strong></span> <span class='ocrx_word' id='word_1_397' title='bbox 3224 1110 3492 1189; x_wconf 88' lang='lat' dir='ltr'><strong>captum</strong></span> <span class='ocrx_word' id='word_1_398' title='bbox 3535 1124 3679 1170; x_wconf 91' lang='lat' dir='ltr'><strong>esse</strong></span> <span class='ocrx_word' id='word_1_399' title='bbox 3720 1106 3895 1171; x_wconf 86' lang='lat' dir='ltr'><strong>fama</strong></span> <span class='ocrx_word' id='word_1_400' title='bbox 3945 1112 4047 1172; x_wconf 87' lang='lat' dir='ltr'><strong>est</strong></span> <span class='ocrx_word' id='word_1_401' title='bbox 4087 1113 4155 1173; x_wconf 90' lang='lat' dir='ltr'><strong>et</strong></span> <span class='ocrx_word' id='word_1_402' title='bbox 4194 1108 4498 1192; x_wconf 88' lang='lat' dir='ltr'><strong>utrinque</strong></span> <span class='ocrx_word' id='word_1_403' title='bbox 4528 1127 4624 1175; x_wconf 89' lang='lat' dir='ltr'><strong>ce-</strong></span> 
     </span>
     <span class='ocr_line' id='line_1_62' title="bbox 2690 1186 4622 1276; baseline 0.004 -22"><span class='ocrx_word' id='word_1_404' title='bbox 2690 1186 2925 1254; x_wconf 90' lang='lat' dir='ltr'><strong>cidisse</strong></span> <span class='ocrx_word' id='word_1_405' title='bbox 2977 1209 3023 1273; x_wconf 92' lang='lat' dir='ltr'><strong>p</strong></span> <span class='ocrx_word' id='word_1_406' title='bbox 3049 1189 3317 1268; x_wconf 87' lang='lat' dir='ltr'><strong>urimos,</strong></span> <span class='ocrx_word' id='word_1_407' title='bbox 3386 1196 3455 1255; x_wconf 90' lang='lat' dir='ltr'><strong>et</strong></span> <span class='ocrx_word' id='word_1_408' title='bbox 3496 1199 3872 1276; x_wconf 82' lang='lat' dir='ltr'><strong>expugnata</strong></span> <span class='ocrx_word' id='word_1_409' title='bbox 3911 1190 4072 1258; x_wconf 91' lang='lat' dir='ltr'><strong>urbe</strong></span> <span class='ocrx_word' id='word_1_410' title='bbox 4114 1194 4209 1258; x_wconf 91' lang='lat' dir='ltr'><strong>ita</strong></span> <span class='ocrx_word' id='word_1_411' title='bbox 4251 1213 4397 1259; x_wconf 89' lang='lat' dir='ltr'><strong>esse</strong></span> <span class='ocrx_word' id='word_1_412' title='bbox 4437 1201 4622 1261; x_wconf 83' lang='lat' dir='ltr'><strong>saevi-</strong></span> 
     </span>
     <span class='ocr_line' id='line_1_63' title="bbox 2692 1274 4623 1361; baseline 0.004 -21"><span class='ocrx_word' id='word_1_413' title='bbox 2692 1280 2835 1340; x_wconf 91' lang='lat' dir='ltr'><strong>tum</strong></span> <span class='ocrx_word' id='word_1_414' title='bbox 2873 1275 2946 1339; x_wconf 92' lang='lat' dir='ltr'><strong>in</strong></span> <span class='ocrx_word' id='word_1_415' title='bbox 2987 1274 3370 1359; x_wconf 88' lang='lat' dir='ltr'><strong>oppidanos,</strong></span> <span class='ocrx_word' id='word_1_416' title='bbox 3433 1281 3513 1342; x_wconf 90' lang='lat' dir='ltr'><strong>ut</strong></span> <span class='ocrx_word' id='word_1_417' title='bbox 3567 1285 3815 1342; x_wconf 88' lang='lat' dir='ltr'><strong>matres</strong></span> <span class='ocrx_word' id='word_1_418' title='bbox 3877 1297 4005 1361; x_wconf 90' lang='lat' dir='ltr'><strong>quo</strong></span> <span class='ocrx_word' id='word_1_419' title='bbox 4073 1277 4364 1345; x_wconf 90' lang='lat' dir='ltr'><strong>hostium</strong></span> <span class='ocrx_word' id='word_1_420' title='bbox 4406 1300 4623 1350; x_wconf 86' lang='lat' dir='ltr'><strong>manus</strong></span> 
     </span>
     <span class='ocr_line' id='line_1_64' title="bbox 2693 1359 4623 1451; baseline 0.003 -26"><span class='ocrx_word' id='word_1_421' title='bbox 2693 1359 3037 1440; x_wconf 77' lang='lat' dir='ltr'><strong>evitarent,</strong></span> <span class='ocrx_word' id='word_1_422' title='bbox 3083 1381 3281 1444; x_wconf 88' lang='lat' dir='ltr'><strong>seque</strong></span> <span class='ocrx_word' id='word_1_423' title='bbox 3323 1381 3602 1447; x_wconf 89' lang='lat' dir='ltr'><strong>suosque</strong></span> <span class='ocrx_word' id='word_1_424' title='bbox 3643 1370 3835 1428; x_wconf 90' lang='lat' dir='ltr'><strong>natos</strong></span> <span class='ocrx_word' id='word_1_425' title='bbox 3884 1363 3958 1427; x_wconf 93' lang='lat' dir='ltr'><strong>in</strong></span> <span class='ocrx_word' id='word_1_426' title='bbox 4011 1365 4259 1430; x_wconf 90' lang='lat' dir='ltr'><strong>flumen</strong></span> <span class='ocrx_word' id='word_1_427' title='bbox 4302 1363 4623 1451; x_wconf 87' lang='lat' dir='ltr'><strong>demerge·</strong></span> 
     </span>
     <span class='ocr_line' id='line_1_65' title="bbox 2693 1447 4622 1536; baseline 0.004 -25"><span class='ocrx_word' id='word_1_428' title='bbox 2693 1455 2860 1512; x_wconf 92' lang='lat' dir='ltr'><strong>rent.</strong></span> <span class='ocrx_word' id='word_1_429' title='bbox 2945 1447 3248 1532; x_wconf 87' lang='lat' dir='ltr'><strong>Denique</strong></span> <span class='ocrx_word' id='word_1_430' title='bbox 3310 1455 3448 1514; x_wconf 88' lang='lat' dir='ltr'><strong>tota</strong></span> <span class='ocrx_word' id='word_1_431' title='bbox 3502 1447 3723 1515; x_wconf 79' lang='lat' dir='ltr'><strong>Gallia</strong></span> <span class='ocrx_word' id='word_1_432' title='bbox 3780 1448 3949 1514; x_wconf 89' lang='lat' dir='ltr'><strong>nihil</strong></span> <span class='ocrx_word' id='word_1_433' title='bbox 4012 1450 4314 1517; x_wconf 88' lang='lat' dir='ltr'><strong>miserius</strong></span> <span class='ocrx_word' id='word_1_434' title='bbox 4370 1454 4622 1536; x_wconf 84' lang='lat' dir='ltr'><strong>cogitari</strong></span> 
     </span>
     <span class='ocr_line' id='line_1_66' title="bbox 2739 1533 4623 1619; baseline 0.003 -22"><span class='ocrx_word' id='word_1_435' title='bbox 2739 1539 2924 1599; x_wconf 84' lang='lat' dir='ltr'><strong>otest.</strong></span> <span class='ocrx_word' id='word_1_436' title='bbox 3000 1533 3146 1598; x_wconf 84' lang='lat' dir='ltr'><strong>Vae</strong></span> <span class='ocrx_word' id='word_1_437' title='bbox 3190 1534 3544 1613; x_wconf 87' lang='lat' dir='ltr'><strong>autoribus,</strong></span> <span class='ocrx_word' id='word_1_438' title='bbox 3588 1555 3711 1602; x_wconf 81' lang='lat' dir='ltr'><strong>vae</strong></span> <span class='ocrx_word' id='word_1_439' title='bbox 3754 1536 4212 1619; x_wconf 88' lang='lat' dir='ltr'><strong>sanguinariis,</strong></span> <span class='ocrx_word' id='word_1_440' title='bbox 4257 1556 4385 1604; x_wconf 82' lang='lat' dir='ltr'><strong>vae</strong></span> <span class='ocrx_word' id='word_1_441' title='bbox 4418 1537 4623 1604; x_wconf 90' lang='lat' dir='ltr'><strong>incen-</strong></span> 
     </span>
     <span class='ocr_line' id='line_1_67' title="bbox 2743 1618 4623 1705; baseline 0.003 -22"><span class='ocrx_word' id='word_1_442' title='bbox 2743 1618 2919 1684; x_wconf 85' lang='lat' dir='ltr'><strong>‘ariis</strong></span> <span class='ocrx_word' id='word_1_443' title='bbox 2962 1626 3030 1684; x_wconf 92' lang='lat' dir='ltr'><strong>et</strong></span> <span class='ocrx_word' id='word_1_444' title='bbox 3069 1620 3442 1704; x_wconf 90' lang='lat' dir='ltr'><strong>principum</strong></span> <span class='ocrx_word' id='word_1_445' title='bbox 3484 1621 3995 1705; x_wconf 88' lang='lat' dir='ltr'><strong>instigatoribus.</strong></span> <span class='ocrx_word' id='word_1_446' title='bbox 4056 1621 4152 1687; x_wconf 87' lang='lat' dir='ltr'><strong>Hi</strong></span> <span class='ocrx_word' id='word_1_447' title='bbox 4189 1629 4355 1688; x_wconf 87' lang='lat' dir='ltr'><strong>sunt</strong></span> <span class='ocrx_word' id='word_1_448' title='bbox 4390 1623 4623 1691; x_wconf 79' lang='lat' dir='ltr'><strong>fructus</strong></span> 
     </span>
     <span class='ocr_line' id='line_1_68' title="bbox 2694 1702 4625 1790; baseline 0.003 -20"><span class='ocrx_word' id='word_1_449' title='bbox 2694 1702 3026 1771; x_wconf 89' lang='lat' dir='ltr'><strong>doctrinae</strong></span> <span class='ocrx_word' id='word_1_450' title='bbox 3070 1705 3151 1771; x_wconf 91' lang='lat' dir='ltr'><strong>de</strong></span> <span class='ocrx_word' id='word_1_451' title='bbox 3178 1706 3659 1790; x_wconf 30' lang='lat' dir='ltr'><strong>‚persequendis</strong></span> <span class='ocrx_word' id='word_1_452' title='bbox 3698 1706 4060 1774; x_wconf 88' lang='lat' dir='ltr'><strong>haereticis.</strong></span> <span class='ocrx_word' id='word_1_453' title='bbox 4127 1709 4463 1775; x_wconf 87' lang='lat' dir='ltr'><strong>Amarunt</strong></span> <span class='ocrx_word' id='word_1_454' title='bbox 4492 1730 4625 1776; x_wconf 80' lang='lat' dir='ltr'><strong>san·</strong></span> 
     </span>
     <span class='ocr_line' id='line_1_69' title="bbox 2694 1790 4623 1942; baseline 0.002 -85"><span class='ocrx_word' id='word_1_455' title='bbox 2694 1790 2981 1942; x_wconf 50' lang='lat' dir='ltr'>gmffim&#39;</span> <span class='ocrx_word' id='word_1_456' title='bbox 3047 1798 3115 1858; x_wconf 89' lang='lat' dir='ltr'><strong>et</strong></span> <span class='ocrx_word' id='word_1_457' title='bbox 3155 1791 3563 1878; x_wconf 89' lang='lat' dir='ltr'><strong>sanguinem,</strong></span> <span class='ocrx_word' id='word_1_458' title='bbox 3628 1812 3667 1858; x_wconf 89' lang='lat' dir='ltr'><strong>o</strong></span> <span class='ocrx_word' id='word_1_459' title='bbox 3709 1793 3879 1860; x_wconf 87' lang='lat' dir='ltr'><strong>iuste</strong></span> <span class='ocrx_word' id='word_1_460' title='bbox 3930 1794 4132 1860; x_wconf 86' lang='lat' dir='ltr'><strong>iudex</strong></span> <span class='ocrx_word' id='word_1_461' title='bbox 4173 1794 4488 1876; x_wconf 86' lang='lat' dir='ltr'><strong>coelestis,</strong></span> <span class='ocrx_word' id='word_1_462' title='bbox 4542 1797 4623 1861; x_wconf 88' lang='lat' dir='ltr'><strong>eis</strong></span> 
     </span>
     <span class='ocr_line' id='line_1_70' title="bbox 2740 1877 2930 1943; baseline -0.005 0"><span class='ocrx_word' id='word_1_463' title='bbox 2740 1897 2776 1943; x_wconf 87' lang='lat' dir='ltr'><strong>e</strong></span> <span class='ocrx_word' id='word_1_464' title='bbox 2826 1877 2838 1890; x_wconf 88' lang='lat'>&#39;</span> <span class='ocrx_word' id='word_1_465' title='bbox 2879 1877 2930 1942; x_wconf 90' lang='lat' dir='ltr'><strong>ti</strong></span> 
     </span>
    </p>
   </div>
   <div class='ocr_carea' id='block_1_14' title="bbox 2865 1926 4625 2050">
    <p class='ocr_par' dir='ltr' id='par_1_16' title="bbox 2865 1926 4625 2050">
     <span class='ocr_line' id='line_1_71' title="bbox 2865 1926 4625 2050; baseline 0.002 -20"><span class='ocrx_word' id='word_1_466' title='bbox 2865 1926 3002 2030; x_wconf 73' lang='lat' dir='ltr'><strong>Sed</strong></span> <span class='ocrx_word' id='word_1_467' title='bbox 3042 1965 3244 2028; x_wconf 89' lang='lat' dir='ltr'><strong>finem</strong></span> <span class='ocrx_word' id='word_1_468' title='bbox 3286 1963 3540 2043; x_wconf 88' lang='lat' dir='ltr'><strong>faciam,</strong></span> <span class='ocrx_word' id='word_1_469' title='bbox 3604 1985 3760 2030; x_wconf 89' lang='lat' dir='ltr'><strong>nam</strong></span> <span class='ocrx_word' id='word_1_470' title='bbox 3804 1964 3973 2030; x_wconf 91' lang='lat' dir='ltr'><strong>nihil</strong></span> <span class='ocrx_word' id='word_1_471' title='bbox 4012 1966 4319 2050; x_wconf 86' lang='lat' dir='ltr'><strong>proficio:</strong></span> <span class='ocrx_word' id='word_1_472' title='bbox 4385 1973 4625 2032; x_wconf 86' lang='lat' dir='ltr'><strong>tantum</strong></span> 
     </span>
    </p>
   </div>
   <div class='ocr_carea' id='block_1_15' title="bbox 2694 2048 4625 2206">
    <p class='ocr_par' dir='ltr' id='par_1_17' title="bbox 2694 2048 4625 2206">
     <span class='ocr_line' id='line_1_72' title="bbox 2694 2048 4625 2137; baseline 0.003 -24"><span class='ocrx_word' id='word_1_473' title='bbox 2694 2048 3128 2116; x_wconf 88' lang='lat' dir='ltr'><strong>iustissimum</strong></span> <span class='ocrx_word' id='word_1_474' title='bbox 3169 2070 3390 2116; x_wconf 91' lang='lat' dir='ltr'><strong>meum</strong></span> <span class='ocrx_word' id='word_1_475' title='bbox 3433 2050 3721 2116; x_wconf 89' lang='lat' dir='ltr'><strong>dolorem</strong></span> <span class='ocrx_word' id='word_1_476' title='bbox 3764 2051 3835 2116; x_wconf 90' lang='lat' dir='ltr'><strong>in</strong></span> <span class='ocrx_word' id='word_1_477' title='bbox 3877 2050 4241 2119; x_wconf 89' lang='lat' dir='ltr'><strong>fidelissimi</strong></span> <span class='ocrx_word' id='word_1_478' title='bbox 4281 2052 4625 2137; x_wconf 87' lang='lat' dir='ltr'><strong>optimique</strong></span> 
     </span>
     <span class='ocr_line' id='line_1_73' title="bbox 2694 2135 4568 2206; baseline 0.003 -5"><span class='ocrx_word' id='word_1_479' title='bbox 2694 2135 2889 2201; x_wconf 91' lang='lat' dir='ltr'><strong>amici</strong></span> <span class='ocrx_word' id='word_1_480' title='bbox 2931 2136 3154 2203; x_wconf 89' lang='lat' dir='ltr'><strong>sinum</strong></span> <span class='ocrx_word' id='word_1_481' title='bbox 3195 2135 3482 2203; x_wconf 83' lang='lat' dir='ltr'><strong>effundo.</strong></span> <span class='ocrx_word' id='word_1_482' title='bbox 3570 2135 3758 2202; x_wconf 81' lang='lat' dir='ltr'><strong>xxiii.</strong></span> <span class='ocrx_word' id='word_1_483' title='bbox 3802 2136 4160 2205; x_wconf 81' lang='lat' dir='ltr'><strong>Novembr.</strong></span> <span class='ocrx_word' id='word_1_484' title='bbox 4202 2136 4568 2206; x_wconf 77' lang='lat' dir='ltr'><strong>MDLXII.</strong></span> 
     </span>
    </p>
   </div>
   <div class='ocr_carea' id='block_1_16' title="bbox 3936 2273 4471 2344">
    <p class='ocr_par' dir='ltr' id='par_1_18' title="bbox 3936 2273 4471 2344">
     <span class='ocr_line' id='line_1_74' title="bbox 3936 2273 4471 2344; baseline 0 -2"><span class='ocrx_word' id='word_1_485' title='bbox 3936 2273 4088 2342; x_wconf 75' lang='lat' dir='ltr'><strong>Eeb.</strong></span> <span class='ocrx_word' id='word_1_486' title='bbox 4135 2275 4471 2344; x_wconf 89' lang='lat' dir='ltr'><strong>Castellio.</strong></span> 
     </span>
    </p>
   </div>
   <div class='ocr_carea' id='block_1_17' title="bbox 2867 2787 4342 3358">
    <p class='ocr_par' dir='ltr' id='par_1_19' title="bbox 2867 2787 4342 3358">
     <span class='ocr_line' id='line_1_75' title="bbox 3568 2787 3769 2862; baseline 0.015 -3"><span class='ocrx_word' id='word_1_487' title='bbox 3568 2787 3769 2862; x_wconf 71' lang='lat'><strong>8881.</strong></span> 
     </span>
     <span class='ocr_line' id='line_1_76' title="bbox 3195 2937 4173 3012; baseline 0.002 -4"><span class='ocrx_word' id='word_1_488' title='bbox 3195 2937 3690 3011; x_wconf 81' lang='lat' dir='ltr'><strong>VA&#39;I&#39;ELLUS</strong></span> <span class='ocrx_word' id='word_1_489' title='bbox 3735 2941 4173 3012; x_wconf 86' lang='lat' dir='ltr'><strong>CALVINO.</strong></span> 
     </span>
     <span class='ocr_line' id='line_1_77' title="bbox 2867 3113 3561 3199; baseline -0.009 -14"><span class='ocrx_word' id='word_1_490' title='bbox 2867 3113 3488 3199; x_wconf 73' lang='lat' dir='ltr'><strong>Mombezqardensia.</strong></span> <span class='ocrx_word' id='word_1_491' title='bbox 3513 3116 3561 3195; x_wconf 90' lang='lat'><strong>¹)</strong></span> 
     </span>
     <span class='ocr_line' id='line_1_78' title="bbox 3001 3282 4342 3358; baseline 0.001 -19"><span class='ocrx_word' id='word_1_492' title='bbox 3001 3286 3115 3357; x_wconf 71' lang='lat' dir='ltr'><strong>(nx</strong></span> <span class='ocrx_word' id='word_1_493' title='bbox 3148 3285 3484 3355; x_wconf 72' lang='lat' dir='ltr'><strong>autographo</strong></span> <span class='ocrx_word' id='word_1_494' title='bbox 3517 3282 3647 3340; x_wconf 78' lang='lat' dir='ltr'><strong>eod.</strong></span> <span class='ocrx_word' id='word_1_495' title='bbox 3674 3284 3880 3342; x_wconf 71' lang='lat' dir='ltr'><strong>cem.</strong></span> <span class='ocrx_word' id='word_1_496' title='bbox 3916 3284 4037 3358; x_wconf 88' lang='lat'><strong>109,</strong></span> <span class='ocrx_word' id='word_1_497' title='bbox 4068 3286 4162 3345; x_wconf 80' lang='lat' dir='ltr'><strong>fol.</strong></span> <span class='ocrx_word' id='word_1_498' title='bbox 4196 3285 4342 3356; x_wconf 83' lang='lat'><strong>198.)</strong></span> 
     </span>
    </p>
   </div>
   <div class='ocr_carea' id='block_1_18' title="bbox 2649 3445 4628 3611">
    <p class='ocr_par' dir='ltr' id='par_1_20' title="bbox 2649 3445 4628 3611">
     <span class='ocr_line' id='line_1_79' title="bbox 2649 3445 4628 3611; baseline -0.003 -86"><span class='ocrx_word' id='word_1_499' title='bbox 2649 3445 2892 3611; x_wconf 35' lang='lat' dir='ltr'><strong>h{Hic</strong></span> <span class='ocrx_word' id='word_1_500' title='bbox 2955 3464 3024 3526; x_wconf 89' lang='lat' dir='ltr'><strong>et</strong></span> <span class='ocrx_word' id='word_1_501' title='bbox 3100 3457 3357 3524; x_wconf 90' lang='lat' dir='ltr'><strong>erudito</strong></span> <span class='ocrx_word' id='word_1_502' title='bbox 3421 3457 3565 3526; x_wconf 83' lang='lat' dir='ltr'><strong>viro</strong></span> <span class='ocrx_word' id='word_1_503' title='bbox 3627 3458 3932 3544; x_wconf 90' lang='lat' dir='ltr'><strong>fidelique</strong></span> <span class='ocrx_word' id='word_1_504' title='bbox 3988 3458 4242 3526; x_wconf 78' lang='lat' dir='ltr'><strong>Christi</strong></span> <span class='ocrx_word' id='word_1_505' title='bbox 4306 3477 4499 3526; x_wconf 85' lang='lat' dir='ltr'><strong>servo</strong></span> <span class='ocrx_word' id='word_1_506' title='bbox 4551 3455 4628 3521; x_wconf 90' lang='lat' dir='ltr'><strong>D.</strong></span> 
     </span>
    </p>
   </div>
   <div class='ocr_carea' id='block_1_19' title="bbox 2696 3542 4628 3784">
    <p class='ocr_par' dir='ltr' id='par_1_21' title="bbox 2696 3542 4628 3784">
     <span class='ocr_line' id='line_1_80' title="bbox 2733 3542 4628 3630; baseline -0.002 -19"><span class='ocrx_word' id='word_1_507' title='bbox 2733 3546 2933 3611; x_wconf 86' lang='lat' dir='ltr'><strong>oanni</strong></span> <span class='ocrx_word' id='word_1_508' title='bbox 2972 3544 3251 3612; x_wconf 86' lang='lat' dir='ltr'><strong>Calvino</strong></span> <span class='ocrx_word' id='word_1_509' title='bbox 3293 3543 3604 3612; x_wconf 91' lang='lat' dir='ltr'><strong>ecclesiae</strong></span> <span class='ocrx_word' id='word_1_510' title='bbox 3638 3544 4049 3612; x_wconf 83' lang='lat' dir='ltr'><strong>Genevensis</strong></span> <span class='ocrx_word' id='word_1_511' title='bbox 4089 3545 4336 3629; x_wconf 87' lang='lat' dir='ltr'><strong>pastori</strong></span> <span class='ocrx_word' id='word_1_512' title='bbox 4370 3542 4628 3630; x_wconf 82' lang='lat' dir='ltr'><strong>vigilan-</strong></span> 
     </span>
     <span class='ocr_line' id='line_1_81' title="bbox 2696 3629 4627 3781; baseline -0.002 -83"><span class='ocrx_word' id='word_1_513' title='bbox 2696 3631 2953 3698; x_wconf 88' lang='lat' dir='ltr'><strong>tissimo</strong></span> <span class='ocrx_word' id='word_1_514' title='bbox 3009 3630 3180 3715; x_wconf 90' lang='lat' dir='ltr'><strong>patri</strong></span> <span class='ocrx_word' id='word_1_515' title='bbox 3243 3651 3390 3697; x_wconf 90' lang='lat' dir='ltr'><strong>meo</strong></span> <span class='ocrx_word' id='word_1_516' title='bbox 3443 3631 3517 3696; x_wconf 89' lang='lat' dir='ltr'><strong>in</strong></span> <span class='ocrx_word' id='word_1_517' title='bbox 3573 3629 3864 3781; x_wconf 54' lang='grc' dir='ltr'>Βοέιιίιιο</span> <span class='ocrx_word' id='word_1_518' title='bbox 3928 3630 4263 3699; x_wconf 90' lang='lat' dir='ltr'><strong>carissimo</strong></span> <span class='ocrx_word' id='word_1_519' title='bbox 4317 3650 4396 3698; x_wconf 87' lang='lat' dir='ltr'><strong>ac</strong></span> <span class='ocrx_word' id='word_1_520' title='bbox 4448 3649 4627 3698; x_wconf 71' lang='lat' dir='ltr'><strong>vene-⁵</strong></span> 
     </span>
     <span class='ocr_line' id='line_1_82' title="bbox 3558 3737 3784 3784; baseline 0.004 -2"><span class='ocrx_word' id='word_1_521' title='bbox 3558 3737 3680 3782; x_wconf 88' lang='lat' dir='ltr'><strong>ran</strong></span> <span class='ocrx_word' id='word_1_522' title='bbox 3728 3738 3784 3784; x_wconf 92' lang='grc' dir='ltr'><strong>ο.</strong></span> 
     </span>
    </p>
   </div>
   <div class='ocr_carea' id='block_1_20' title="bbox 2692 3884 4629 5004">
    <p class='ocr_par' dir='ltr' id='par_1_22' title="bbox 2692 3884 4629 5004">
     <span class='ocr_line' id='line_1_83' title="bbox 2868 3884 4623 3956; baseline -0.002 -2"><span class='ocrx_word' id='word_1_523' title='bbox 2868 3886 2938 3955; x_wconf 79' lang='lat' dir='ltr'><strong>S.</strong></span> <span class='ocrx_word' id='word_1_524' title='bbox 2984 3888 3062 3954; x_wconf 92' lang='lat' dir='ltr'><strong>P.</strong></span> <span class='ocrx_word' id='word_1_525' title='bbox 3118 3888 3322 3954; x_wconf 89' lang='lat' dir='ltr'><strong>Pater</strong></span> <span class='ocrx_word' id='word_1_526' title='bbox 3363 3887 3437 3953; x_wconf 93' lang='lat' dir='ltr'><strong>in</strong></span> <span class='ocrx_word' id='word_1_527' title='bbox 3473 3887 3742 3955; x_wconf 86' lang='lat' dir='ltr'><strong>Christo</strong></span> <span class='ocrx_word' id='word_1_528' title='bbox 3774 3887 4107 3956; x_wconf 89' lang='lat' dir='ltr'><strong>carissime</strong></span> <span class='ocrx_word' id='word_1_529' title='bbox 4149 3895 4217 3955; x_wconf 85' lang='lat' dir='ltr'><strong>et</strong></span> <span class='ocrx_word' id='word_1_530' title='bbox 4258 3884 4623 3956; x_wconf 86' lang='lat' dir='ltr'><strong>venerande.</strong></span> 
     </span>
     <span class='ocr_line' id='line_1_84' title="bbox 2694 3972 4629 4057; baseline -0.003 -16"><span class='ocrx_word' id='word_1_531' title='bbox 2694 3972 2891 4057; x_wconf 79' lang='lat' dir='ltr'><strong>Quod</strong></span> <span class='ocrx_word' id='word_1_532' title='bbox 2943 3974 3080 4040; x_wconf 88' lang='lat' dir='ltr'><strong>noti</strong></span> <span class='ocrx_word' id='word_1_533' title='bbox 3134 3974 3255 4041; x_wconf 85' lang='lat' dir='ltr'><strong>tibi</strong></span> <span class='ocrx_word' id='word_1_534' title='bbox 3311 3973 3614 4041; x_wconf 81' lang='lat' dir='ltr'><strong>veritatis</strong></span> <span class='ocrx_word' id='word_1_535' title='bbox 3666 3973 3887 4042; x_wconf 87' lang='lat' dir='ltr'><strong>hostes</strong></span> <span class='ocrx_word' id='word_1_536' title='bbox 3943 3973 4258 4042; x_wconf 84' lang='lat' dir='ltr'><strong>adversus</strong></span> <span class='ocrx_word' id='word_1_537' title='bbox 4313 3994 4533 4040; x_wconf 87' lang='lat' dir='ltr'><strong>sanam</strong></span> <span class='ocrx_word' id='word_1_538' title='bbox 4571 3980 4629 4037; x_wconf 92' lang='lat' dir='ltr'><strong>et</strong></span> 
     </span>
     <span class='ocr_line' id='line_1_85' title="bbox 2692 4057 4627 4145; baseline -0.002 -18"><span class='ocrx_word' id='word_1_539' title='bbox 2692 4058 3124 4127; x_wconf 89' lang='lat' dir='ltr'><strong>orthodoxam</strong></span> <span class='ocrx_word' id='word_1_540' title='bbox 3168 4060 3251 4125; x_wconf 92' lang='lat' dir='ltr'><strong>de</strong></span> <span class='ocrx_word' id='word_1_541' title='bbox 3296 4067 3564 4126; x_wconf 88' lang='lat' dir='ltr'><strong>aeterna</strong></span> <span class='ocrx_word' id='word_1_542' title='bbox 3603 4060 3736 4126; x_wconf 91' lang='lat' dir='ltr'><strong>Dei</strong></span> <span class='ocrx_word' id='word_1_543' title='bbox 3777 4058 4369 4145; x_wconf 88' lang='lat' dir='ltr'><strong>praedestinatione</strong></span> <span class='ocrx_word' id='word_1_544' title='bbox 4411 4057 4627 4126; x_wconf 86' lang='lat' dir='ltr'><strong>doctri·</strong></span> 
     </span>
     <span class='ocr_line' id='line_1_86' title="bbox 2694 4143 4625 4223; baseline -0.002 -10"><span class='ocrx_word' id='word_1_545' title='bbox 2694 4168 2850 4213; x_wconf 89' lang='lat' dir='ltr'><strong>nam</strong></span> <span class='ocrx_word' id='word_1_546' title='bbox 2866 4150 2925 4223; x_wconf 82' lang='lat'><strong>²)</strong></span> <span class='ocrx_word' id='word_1_547' title='bbox 2977 4146 3296 4212; x_wconf 88' lang='lat' dir='ltr'><strong>cuniculis</strong></span> <span class='ocrx_word' id='word_1_548' title='bbox 3348 4153 3415 4211; x_wconf 89' lang='lat' dir='ltr'><strong>et</strong></span> <span class='ocrx_word' id='word_1_549' title='bbox 3458 4143 3894 4212; x_wconf 84' lang='lat' dir='ltr'><strong>fraudulentis</strong></span> <span class='ocrx_word' id='word_1_550' title='bbox 3951 4147 4203 4214; x_wconf 88' lang='lat' dir='ltr'><strong>artibus</strong></span> <span class='ocrx_word' id='word_1_551' title='bbox 4260 4166 4338 4213; x_wconf 85' lang='lat' dir='ltr'><strong>ac</strong></span> <span class='ocrx_word' id='word_1_552' title='bbox 4392 4144 4625 4212; x_wconf 85' lang='lat' dir='ltr'><strong>technis</strong></span> 
     </span>
     <span class='ocr_line' id='line_1_87' title="bbox 2693 4227 4624 4309; baseline -0.003 -11"><span class='ocrx_word' id='word_1_553' title='bbox 2693 4233 2762 4299; x_wconf 91' lang='lat' dir='ltr'><strong>in</strong></span> <span class='ocrx_word' id='word_1_554' title='bbox 2806 4232 2933 4297; x_wconf 90' lang='lat' dir='ltr'><strong>hac</strong></span> <span class='ocrx_word' id='word_1_555' title='bbox 2975 4231 3246 4298; x_wconf 87' lang='lat' dir='ltr'><strong>ecclesia</strong></span> <span class='ocrx_word' id='word_1_556' title='bbox 3289 4232 3567 4299; x_wconf 85' lang='lat' dir='ltr'><strong>antehac</strong></span> <span class='ocrx_word' id='word_1_557' title='bbox 3600 4232 3945 4299; x_wconf 89' lang='lat' dir='ltr'><strong>struebant</strong></span> <span class='ocrx_word' id='word_1_558' title='bbox 3977 4253 4053 4299; x_wconf 89' lang='lat' dir='ltr'><strong>ac</strong></span> <span class='ocrx_word' id='word_1_559' title='bbox 4084 4232 4536 4309; x_wconf 88' lang='lat' dir='ltr'><strong>moliebantur,</strong></span> <span class='ocrx_word' id='word_1_560' title='bbox 4566 4227 4624 4293; x_wconf 85' lang='lat' dir='ltr'><strong>id</strong></span> 
     </span>
     <span class='ocr_line' id='line_1_88' title="bbox 2693 4314 4624 4403; baseline -0.002 -19"><span class='ocrx_word' id='word_1_561' title='bbox 2693 4320 2911 4402; x_wconf 90' lang='lat' dir='ltr'><strong>ipsum</strong></span> <span class='ocrx_word' id='word_1_562' title='bbox 2952 4317 3152 4383; x_wconf 90' lang='lat' dir='ltr'><strong>iidem</strong></span> <span class='ocrx_word' id='word_1_563' title='bbox 3194 4318 3293 4384; x_wconf 91' lang='lat' dir='ltr'><strong>illi</strong></span> <span class='ocrx_word' id='word_1_564' title='bbox 3335 4317 3652 4384; x_wconf 90' lang='lat' dir='ltr'><strong>hodierno</strong></span> <span class='ocrx_word' id='word_1_565' title='bbox 3697 4318 3802 4383; x_wconf 91' lang='lat' dir='ltr'><strong>die</strong></span> <span class='ocrx_word' id='word_1_566' title='bbox 3845 4318 4026 4384; x_wconf 89' lang='lat' dir='ltr'><strong>omni</strong></span> <span class='ocrx_word' id='word_1_567' title='bbox 4067 4318 4316 4403; x_wconf 90' lang='lat' dir='ltr'><strong>pudore</strong></span> <span class='ocrx_word' id='word_1_568' title='bbox 4360 4314 4624 4401; x_wconf 80' lang='lat' dir='ltr'><strong>deposito</strong></span> 
     </span>
     <span class='ocr_line' id='line_1_89' title="bbox 2694 4401 4623 4489; baseline -0.003 -17"><span class='ocrx_word' id='word_1_569' title='bbox 2694 4413 2918 4489; x_wconf 87' lang='lat' dir='ltr'><strong>aperto</strong></span> <span class='ocrx_word' id='word_1_570' title='bbox 2961 4412 3170 4470; x_wconf 85' lang='lat' dir='ltr'><strong>marte</strong></span> <span class='ocrx_word' id='word_1_571' title='bbox 3227 4412 3490 4470; x_wconf 88' lang='lat' dir='ltr'><strong>struunt</strong></span> <span class='ocrx_word' id='word_1_572' title='bbox 3546 4424 3621 4469; x_wconf 89' lang='lat' dir='ltr'><strong>ac</strong></span> <span class='ocrx_word' id='word_1_573' title='bbox 3663 4405 4042 4471; x_wconf 88' lang='lat' dir='ltr'><strong>moliuntur.</strong></span> <span class='ocrx_word' id='word_1_574' title='bbox 4126 4403 4418 4471; x_wconf 89' lang='lat' dir='ltr'><strong>Istorum</strong></span> <span class='ocrx_word' id='word_1_575' title='bbox 4464 4401 4623 4468; x_wconf 89' lang='lat' dir='ltr'><strong>enim</strong></span> 
     </span>
     <span class='ocr_line' id='line_1_90' title="bbox 2693 4487 4623 4573; baseline -0.004 -16"><span class='ocrx_word' id='word_1_576' title='bbox 2693 4510 2767 4557; x_wconf 89' lang='lat' dir='ltr'><strong>os</strong></span> <span class='ocrx_word' id='word_1_577' title='bbox 2814 4487 3080 4556; x_wconf 89' lang='lat' dir='ltr'><strong>tandem</strong></span> <span class='ocrx_word' id='word_1_578' title='bbox 3143 4489 3491 4573; x_wconf 89' lang='lat' dir='ltr'><strong>aliquando</strong></span> <span class='ocrx_word' id='word_1_579' title='bbox 3545 4512 3628 4556; x_wconf 84' lang='lat' dir='ltr'><strong>ex</strong></span> <span class='ocrx_word' id='word_1_580' title='bbox 3684 4490 4090 4557; x_wconf 86' lang='lat' dir='ltr'><strong>abundantia</strong></span> <span class='ocrx_word' id='word_1_581' title='bbox 4142 4489 4355 4557; x_wconf 89' lang='lat' dir='ltr'><strong>cordis</strong></span> <span class='ocrx_word' id='word_1_582' title='bbox 4411 4489 4500 4555; x_wconf 90' lang='lat' dir='ltr'><strong>sic</strong></span> <span class='ocrx_word' id='word_1_583' title='bbox 4537 4493 4623 4552; x_wconf 83' lang='lat' dir='ltr'><strong>est</strong></span> 
     </span>
     <span class='ocr_line' id='line_1_91' title="bbox 2693 4574 4623 4661; baseline -0.002 -20"><span class='ocrx_word' id='word_1_584' title='bbox 2693 4578 3042 4660; x_wconf 86' lang='lat' dir='ltr'><strong>loquutum</strong></span> <span class='ocrx_word' id='word_1_585' title='bbox 3062 4583 3138 4641; x_wconf 91' lang='lat' dir='ltr'><strong>ut</strong></span> <span class='ocrx_word' id='word_1_586' title='bbox 3170 4575 3448 4642; x_wconf 89' lang='lat' dir='ltr'><strong>insidiae</strong></span> <span class='ocrx_word' id='word_1_587' title='bbox 3468 4596 3696 4642; x_wconf 91' lang='lat' dir='ltr'><strong>omnes</strong></span> <span class='ocrx_word' id='word_1_588' title='bbox 3719 4585 3990 4661; x_wconf 87' lang='lat' dir='ltr'><strong>pateant</strong></span> <span class='ocrx_word' id='word_1_589' title='bbox 4023 4586 4089 4643; x_wconf 90' lang='lat' dir='ltr'><strong>et</strong></span> <span class='ocrx_word' id='word_1_590' title='bbox 4109 4575 4224 4642; x_wconf 91' lang='lat' dir='ltr'><strong>diu</strong></span> <span class='ocrx_word' id='word_1_591' title='bbox 4246 4574 4623 4643; x_wconf 87' lang='lat' dir='ltr'><strong>occultatum</strong></span> 
     </span>
     <span class='ocr_line' id='line_1_92' title="bbox 2694 4660 4622 4747; baseline -0.003 -21"><span class='ocrx_word' id='word_1_592' title='bbox 2694 4661 3063 4747; x_wconf 72' lang='grc' dir='ltr'><strong><em>ὕποκρίσεως</em></strong></span> <span class='ocrx_word' id='word_1_593' title='bbox 3104 4662 3287 4728; x_wconf 83' lang='lat' dir='ltr'><strong>virus</strong></span> <span class='ocrx_word' id='word_1_594' title='bbox 3344 4670 3495 4728; x_wconf 89' lang='lat' dir='ltr'><strong>ante</strong></span> <span class='ocrx_word' id='word_1_595' title='bbox 3537 4664 3831 4728; x_wconf 89' lang='lat' dir='ltr'><strong>omnium</strong></span> <span class='ocrx_word' id='word_1_596' title='bbox 3873 4663 4093 4729; x_wconf 88' lang='lat' dir='ltr'><strong>oculos</strong></span> <span class='ocrx_word' id='word_1_597' title='bbox 4136 4661 4406 4728; x_wconf 84' lang='lat' dir='ltr'><strong>allatum</strong></span> <span class='ocrx_word' id='word_1_598' title='bbox 4448 4660 4528 4726; x_wconf 88' lang='lat' dir='ltr'><strong>sit</strong></span> <span class='ocrx_word' id='word_1_599' title='bbox 4565 4665 4622 4722; x_wconf 91' lang='lat' dir='ltr'><strong>et</strong></span> 
     </span>
     <span class='ocr_line' id='line_1_93' title="bbox 2695 4746 4621 4831; baseline -0.003 -16"><span class='ocrx_word' id='word_1_600' title='bbox 2695 4755 3034 4815; x_wconf 87' lang='lat' dir='ltr'><strong>statutum.</strong></span> <span class='ocrx_word' id='word_1_601' title='bbox 3136 4746 3470 4831; x_wconf 89' lang='lat' dir='ltr'><strong>Obstupui</strong></span> <span class='ocrx_word' id='word_1_602' title='bbox 3540 4754 3715 4814; x_wconf 88' lang='lat' dir='ltr'><strong>certe</strong></span> <span class='ocrx_word' id='word_1_603' title='bbox 3758 4749 3943 4814; x_wconf 88' lang='lat' dir='ltr'><strong>initio</strong></span> <span class='ocrx_word' id='word_1_604' title='bbox 3997 4769 4131 4815; x_wconf 86' lang='lat' dir='ltr'><strong>non</strong></span> <span class='ocrx_word' id='word_1_605' title='bbox 4184 4747 4408 4813; x_wconf 90' lang='lat' dir='ltr'><strong>minus</strong></span> <span class='ocrx_word' id='word_1_606' title='bbox 4448 4762 4621 4830; x_wconf 87' lang='lat' dir='ltr'><strong>quam</strong></span> 
     </span>
     <span class='ocr_line' id='line_1_94' title="bbox 2694 4830 4622 4917; baseline -0.003 -16"><span class='ocrx_word' id='word_1_607' title='bbox 2694 4835 2753 4901; x_wconf 88' lang='lat' dir='ltr'><strong>si</strong></span> <span class='ocrx_word' id='word_1_608' title='bbox 2795 4855 3043 4901; x_wconf 89' lang='lat' dir='ltr'><strong>cornua</strong></span> <span class='ocrx_word' id='word_1_609' title='bbox 3084 4856 3121 4898; x_wconf 91' lang='lat' dir='ltr'><strong>e</strong></span> <span class='ocrx_word' id='word_1_610' title='bbox 3164 4833 3378 4916; x_wconf 89' lang='lat' dir='ltr'><strong>capite</strong></span> <span class='ocrx_word' id='word_1_611' title='bbox 3414 4854 3558 4900; x_wconf 92' lang='lat' dir='ltr'><strong>meo</strong></span> <span class='ocrx_word' id='word_1_612' title='bbox 3593 4844 3750 4900; x_wconf 89' lang='lat' dir='ltr'><strong>nata</strong></span> <span class='ocrx_word' id='word_1_613' title='bbox 3783 4841 4016 4902; x_wconf 91' lang='lat' dir='ltr'><strong>essent.</strong></span> <span class='ocrx_word' id='word_1_614' title='bbox 4082 4834 4436 4917; x_wconf 88' lang='lat' dir='ltr'><strong>Nunquam</strong></span> <span class='ocrx_word' id='word_1_615' title='bbox 4468 4830 4622 4896; x_wconf 88' lang='lat' dir='ltr'><strong>enim</strong></span> 
     </span>
     <span class='ocr_line' id='line_1_95' title="bbox 2693 4919 4622 5004; baseline -0.002 -20"><span class='ocrx_word' id='word_1_616' title='bbox 2693 4929 3028 5004; x_wconf 86' lang='lat' dir='ltr'><strong>putassem</strong></span> <span class='ocrx_word' id='word_1_617' title='bbox 3088 4920 3582 5004; x_wconf 82' lang='lat' dir='ltr'><strong>hypocritarum</strong></span> <span class='ocrx_word' id='word_1_618' title='bbox 3624 4921 3873 4988; x_wconf 91' lang='lat' dir='ltr'><strong>rabiem</strong></span> <span class='ocrx_word' id='word_1_619' title='bbox 3918 4942 3995 4987; x_wconf 88' lang='lat' dir='ltr'><strong>eo</strong></span> <span class='ocrx_word' id='word_1_620' title='bbox 4036 4940 4386 4988; x_wconf 83' lang='lat' dir='ltr'><strong>evasuram</strong></span> <span class='ocrx_word' id='word_1_621' title='bbox 4428 4919 4622 5002; x_wconf 88' lang='lat' dir='ltr'><strong>impu·</strong></span> 
     </span>
    </p>
   </div>
   <div class='ocr_carea' id='block_1_21' title="bbox 2693 5059 3104 5072">
    <p class='ocr_par' dir='ltr' id='par_1_23' title="bbox 2693 5059 3104 5072">
     <span class='ocr_line' id='line_1_96' title="bbox 2693 5059 3104 5072; baseline 0 0"><span class='ocrx_word' id='word_1_622' title='bbox 2693 5059 3104 5072; x_wconf 95' lang='lat' dir='ltr'><strong> </strong></span> 
     </span>
    </p>
   </div>
   <div class='ocr_carea' id='block_1_22' title="bbox 2687 5124 4616 5401">
    <p class='ocr_par' dir='ltr' id='par_1_24' title="bbox 2687 5124 4616 5401">
     <span class='ocr_line' id='line_1_97' title="bbox 2693 5124 4615 5264; baseline 0.001 -16"><span class='ocrx_word' id='word_1_623' title='bbox 2693 5125 2867 5180; x_wconf 47' lang='lat'>3881·</span> <span class='ocrx_word' id='word_1_624' title='bbox 2893 5125 2956 5256; x_wconf 64' lang='grc'>12))</span> <span class='ocrx_word' id='word_1_625' title='bbox 2988 5125 3155 5250; x_wconf 47' lang='lat'><strong>242⁷</strong></span> <span class='ocrx_word' id='word_1_626' title='bbox 3177 5124 3386 5264; x_wconf 49' lang='lat' dir='ltr'><strong>ffque</strong></span> <span class='ocrx_word' id='word_1_627' title='bbox 3419 5194 3707 5250; x_wconf 76' lang='lat' dir='ltr'><strong>ostendunt</strong></span> <span class='ocrx_word' id='word_1_628' title='bbox 3739 5197 4049 5252; x_wconf 73' lang='lat' dir='ltr'><strong>comitatum</strong></span> <span class='ocrx_word' id='word_1_629' title='bbox 4076 5193 4615 5264; x_wconf 68' lang='lat' dir='ltr'><strong>Mombdqczraemen</strong></span> 
     </span>
     <span class='ocr_line' id='line_1_98' title="bbox 2687 5260 4616 5401; baseline -0.001 -83"><span class='ocrx_word' id='word_1_630' title='bbox 2687 5263 3289 5401; x_wconf 46' lang='lat' dir='ltr'><strong>‘affisslzutheranismum</strong></span> <span class='ocrx_word' id='word_1_631' title='bbox 3318 5265 3635 5333; x_wconf 78' lang='lat' dir='ltr'><strong>pertrahere</strong></span> <span class='ocrx_word' id='word_1_632' title='bbox 3677 5265 3943 5322; x_wconf 75' lang='lat' dir='ltr'><strong>tutoribus</strong></span> <span class='ocrx_word' id='word_1_633' title='bbox 3985 5264 4262 5334; x_wconf 74' lang='lat' dir='ltr'><strong>principis</strong></span> <span class='ocrx_word' id='word_1_634' title='bbox 4302 5260 4616 5334; x_wconf 66' lang='lat' dir='ltr'><strong>propositum</strong></span> 
     </span>
    </p>
   </div>
  </div>
 </body>
</html>
