4850 6117
595 405 740 471 583

785 587 921 657 Sed
983 588 1119 654 iam
1180 585 1334 654 nolo
1397 587 1607 671 plura,
1673 591 2020 670 postquam
2088 582 2275 652 vobis
2337 605 2562 652 meum

603 675 817 743 breve
858 672 1175 758 scriptum
1240 673 1431 739 mitto
1487 693 1615 756 quo
1657 672 1873 738 refuto
1919 670 2311 738 Stanearmn.
2325 670 2387 756 ὅ)
2473 669 2562 736 11·

610 759 735 828 lud
774 759 1013 826 iudicio
1058 765 1273 827 vestro
1330 758 1660 840 submitto,
1723 758 1816 823 ita
1879 765 1956 823 ut
2007 755 2069 823 si
2118 754 2275 841 quid
2326 757 2563 822 melius

605 867 699 913 ex
740 844 941 913 verbo
981 844 1113 911 Dei
1154 844 1518 929 proferatis,
1560 851 1629 911 et
1683 861 1790 911 me
1833 851 2159 910 errantem
2202 841 2562 909 revincatis

615 931 816 998 verbo
857 931 1008 1011 Dei,
1050 931 1331 999 libenter
1371 930 1497 997 sim
1553 949 1855 997 cessurus
1913 927 2096 996 vobis
2137 928 2454 995 fratribus
2496 937 2564 994 et

610 1018 914 1102 patribus
954 1017 1027 1082 in
1066 1016 1376 1095 Domino,
1434 1037 1553 1101 per
1594 1035 1758 1099 quos
1801 1013 1885 1080 ad
1928 1036 2050 1082 nos
2088 1014 2417 1081 Dominus
2459 1013 2561 1079 lu·

611 1123 756 1169 cem
818 1103 1115 1171 veritatis
1178 1123 1335 1167 suae
1397 1101 1777 1168 transmisit.
1875 1100 2140 1167 Interea
2198 1120 2432 1166 moneo
2496 1107 2562 1166 et

607 1187 841 1255 hortor
886 1195 963 1254 ut
1011 1188 1121 1255 hic
1170 1187 1372 1255 solius
1416 1187 1543 1253 Dei
1601 1187 1874 1271 gloriam
1915 1186 2327 1264 intueamini,
2372 1186 2561 1254 verbi

608 1275 742 1341 Dei
784 1273 1268 1358 simplicitatem
1307 1281 1373 1339 et
1406 1273 1778 1357 puritatem,
1856 1294 1989 1339 non
2025 1272 2136 1339 hic
2168 1272 2558 1337 intueamini

608 1358 771 1445 quid
813 1360 1015 1445 aliqui
1056 1360 1436 1445 scripserint
1478 1367 1543 1425 et
1586 1378 1781 1442 quam
1815 1358 2024 1424 multa
2059 1377 2170 1424 eos
2204 1364 2560 1423 retractare

605 1454 925 1597 {porteat
1013 1446 1345 1596 Humffi
1367 1452 1521 1596 saltim
1563 1445 1801 1596 istanet
1834 1442 2246 1595 ”Qnsslllffl'iae
2278 1443 2410 1594 izei
2421 1442 2559 1595 l{head

659 1552 952 1597 ominum
994 1551 1252 1598 servien
1347 1581 1363 1596 .
1483 1552 1572 1597 on
1608 1552 1680 1596 1n
1754 1550 1995 1596 eamim
2085 1536 2275 1606 ostes,
2341 1550 2421 1595 ur
2538 1577 2555 1596 .

603 1617 796 1683 Ruat
835 1616 1140 1697 mundus,
1182 1616 1377 1682 modo
1409 1616 1542 1682 Dei
1575 1616 1661 1682 sit
1693 1615 1902 1701 gloria
1944 1622 2012 1682 et
2051 1615 2172 1681 filii
2212 1614 2345 1681 Dei
2378 1615 2555 1680 veri-

607 1711 715 1769 tas
758 1723 954 1787 quam
996 1711 1274 1768 tuemur.
1341 1703 1704 1769 Pretiosior
1739 1723 1882 1768 esse
1923 1702 2111 1768 nobis
2155 1701 2347 1767 debet
2378 1722 2556 1767 unus

605 1786 2074 1941 325¹.{32{D1⁶3.3⁰3fffi22’?¹531?1¹3¹23¹i..¹32¹
2097 1786 2555 1940 ἔθιξὲιῖὶὤῗε

601 1958 765 2044 quid
828 1959 937 2026 hic
1000 1959 1250 2040 celetis,
1330 1982 1415 2026 ne
1480 1958 1637 2044 quid
1708 1958 2011 2042 ambigue
2074 1957 2552 2044 respondeatis:

599 2046 848 2112 veritas
900 2046 987 2112 sit
1042 2045 1235 2112 nuda.
1316 2044 1509 2128 Quod
1567 2045 1626 2112 si
1679 2064 1837 2112 vero
1894 2066 2011 2111 vos
2067 2043 2241 2111 ferre
2286 2045 2554 2111 veritati

597 2132 1054 2198 testimonium
1112 2130 1646 2212 detrectaveritis,
1713 2139 1831 2196 aut
1871 2129 2206 2214 obliquum
2250 2130 2553 2212 tuleritis,

596 2215 785 2283 dabit
848 2215 1176 2283 Dominus
1241 2239 1350 2283 eos
1414 2218 1523 2301 qui
1589 2217 1727 2283 eius
1791 2217 2056 2282 veritati
2119 2215 2553 2283 subscribent.

597 2301 744 2368 Vos
787 2324 945 2371 vero
987 2311 1211 2370 cavete
1252 2325 1358 2383 ne,
1402 2304 1513 2386 qui
1554 2324 1731 2369 nune
1773 2304 1930 2369 estis
1973 2303 2188 2388 primi,
2231 2304 2548 2387 postremi

597 2387 770 2468 sitis,
836 2410 921 2454 ne
963 2388 1235 2473 dissipet
1285 2410 1406 2455 vos
1448 2389 1777 2456 Dominus
1830 2397 1898 2455 et
1950 2409 2188 2455 nomen
2249 2396 2550 2455 sanctum

598 2493 797 2539 suum
880 2474 1181 2542 obliteret
1242 2476 1418 2540 inter
1479 2496 1616 2554 vos,
1690 2483 1758 2540 et
1810 2474 1881 2539 in
1946 2473 2366 2558 opprobrium
2429 2495 2550 2541 vos

595 2563 846 2626 statuat
908 2559 1228 2646 gentibus,
1288 2559 1460 2644 quod
1510 2560 1665 2626 fecit
1728 2567 1921 2625 antea
1972 2558 2258 2639 Iudaeis,
2322 2568 2549 2643 postea

592 2645 874 2730 papistis
935 2653 1001 2710 et
1064 2645 1226 2712 aliis.
1314 2646 1461 2713 Iam
1518 2645 1644 2711 hoc
1705 2644 1904 2711 celari
1966 2667 2100 2712 non
2165 2652 2382 2729 potest
2440 2645 2545 2712 vel

594 2732 856 2816 contegi
913 2731 1048 2797 ullo
1110 2731 1339 2798 modo:
1405 2732 1652 2798 veritas
1715 2731 1866 2810 iam,
1932 2740 2001 2798 et
2042 2732 2302 2815 quidem
2347 2732 2542 2812 nuda,

593 2816 680 2883 ab
721 2818 1020 2884 omnibus
1077 2818 1431 2901 quaeritur.
1516 2818 1661 2883 Iam
1705 2822 1957 2902 spectat
1997 2838 2104 2882 res
2148 2817 2231 2883 ad
2275 2816 2545 2884 dissidia

591 2909 662 2968 et
703 2904 1113 2988 sanguinem.
1181 2902 1432 2970 Cavete
1476 2924 1560 2969 ne
1603 2902 1801 2968 ullius
1835 2904 2173 2988 sanguinis
2206 2902 2541 2984 fundendi,

591 2988 1041 3055 confirmando
1077 2988 1486 3056 adversarios
1529 2989 1847 3070 veritatis,
1894 2988 2039 3055 sitis
2081 2988 2212 3056 rei:
2271 2989 2541 3075 sanguis

591 3074 770 3139 enim
812 3074 1000 3140 fusus
1043 3074 1345 3141 clamabit
1385 3075 1457 3140 in
1499 3074 1731 3143 coelos.

763 3158 1018 3239 Valete,
1083 3157 1321 3226 fratres
1383 3161 1457 3226 in
1520 3160 1805 3227 Domino
1869 3160 2259 3227 honorandi.
2354 3159 2542 3242 Quae

589 3245 825 3325 scribo,
868 3246 1057 3312 Deus
1099 3247 1282 3313 testis
1324 3255 1441 3326 est,
1506 3268 1590 3313 ex
1650 3247 1859 3313 vestri
1921 3246 2137 3314 studio
2189 3253 2256 3312 et
2318 3246 2540 3314 obser·

588 3331 824 3397 vantia
902 3331 1087 3398 facio.
1174 3333 1346 3398 Amo
1389 3331 1566 3399 enim
1621 3354 1758 3413 vos,
1825 3353 2149 3413 revereor,
2215 3332 2537 3399 admiror:

591 3416 656 3481 si
712 3414 870 3500 quid
928 3416 1076 3500 plus
1132 3416 1374 3499 liceret,
1429 3418 1731 3485 facerem.
1819 3418 2042 3501 Quare
2095 3418 2266 3484 nihil
2310 3418 2390 3484 de
2433 3439 2541 3484 me

588 3503 1011 3585 suspicemini
1052 3503 1322 3585 sinistri,
1368 3524 1546 3589 rogo.
1636 3503 1883 3571 Omnia
1924 3505 2099 3570 enim
2145 3524 2311 3588 quae
2354 3505 2536 3571 intus

588 3599 751 3652 sunt
795 3587 1106 3672 descripsi
1159 3596 1227 3655 et
1280 3611 1458 3657 nune
1515 3598 1582 3656 et
1638 3598 1806 3669 ante,
1873 3597 1943 3656 et
1994 3590 2158 3655 nihil
2217 3590 2326 3657 hie
2378 3610 2540 3674 prae

588 3673 798 3739 oeulis
862 3674 1072 3741 habeo
1138 3695 1333 3758 quam
1386 3676 1514 3741 Dei
1574 3675 1868 3761 gloriam.
1969 3676 2296 3742 Dominus
2349 3677 2539 3743 vobis

587 3758 950 3837 benedicat,
1017 3780 1131 3828 vos
1175 3770 1392 3828 servet
1448 3762 1520 3826 in
1576 3761 1853 3846 gloriam
1896 3781 2083 3827 suam
2126 3769 2193 3829 et
2235 3761 2537 3830 fortiores

587 3844 804 3911 indies
868 3846 1100 3913 reddat
1162 3847 1431 3913 veritati
1495 3868 1655 3913 suae
1726 3847 2188 3914 defendendae.
2298 3850 2535 3916 Amen.

589 3928 954 4001 Graeoviae
1001 3937 1098 3999 17.
1142 3932 1537 4001 Novembris
1580 3934 1769 4000 Anno
1817 3937 1999 4000 1562.

1231 4069 1475 4137 Frater
1516 4069 1586 4135 in
1632 4071 1919 4136 Domino
1960 4078 2140 4136 totus
2182 4091 2268 4137 ex
2312 4072 2534 4139 animo

1546 4156 1910 4242 Gregorius
1952 4155 2202 4223 Paulus

1468 4242 1768 4309 minister
1806 4241 2280 4309 Oracoviensis.

790 4493 1335 4577 &Sa-name&
1377 4496 2533 4579 ΙαυάωΕρὸεωωᾳαᾱβυΠὺιοΜόη

577 4569 1067 4702 mmm.
1080 4580 1250 4701 ‘ree
1269 4566 1337 4690 τε
1362 4574 1777 4718 mm.
1784 4566 2104 4705 1²...ae
2115 4565 2532 4695 mm

577 4705 777 4756 nom
807 4701 1156 4770 constandum
1188 4718 1303 4759 esse
1335 4717 1461 4760 vero
1496 4705 1824 4761 malinam
1859 4711 1948 4761 stt.

2110 394 2637 465 EPISTOLAE
2679 395 3104 462 8877-8879

3544 582 3746 656 3878.

3049 735 3547 807 SARNIOIUS
3592 737 4224 808 BULLINGERO.

2834 907 3063 977 Denuo
3113 910 3399 994 queritur
3461 910 3538 975 de
3586 909 4120 992 Ammitariis,
4183 912 4473 979 Troeium
4528 914 4597 980 in

2668 993 2999 1062 Poloniam
3039 1000 3293 1076 revocat,
3337 996 3556 1062 literas
3586 997 3673 1063 ad
3703 1016 3992 1081 proceres
4031 997 4394 1066 scribendae
4425 999 4599 1084 βαρί-

2664 1085 2776 1164 tat,
2823 1080 3118 1168 Greyorii
3163 1080 3363 1149 Pauli
3401 1081 3688 1149 schedam
3728 1085 4107 1151 transmittit.

2666 1253 2780 1320 (Ex
2823 1253 3161 1324 autographo
3195 1253 3362 1308 Arch.
3399 1254 3576 1308 Turio.
3611 1255 3758 1309 Plut.
3792 1254 3891 1311 VI.
3925 1254 4044 1311 Vol.
4090 1254 4207 1325 168,
4254 1257 4393 1311 olim
4435 1256 4595 1313 Sci-iu.

2888 1322 2950 1378 Ο.
2983 1324 3125 1393 Epp.
3160 1322 3313 1381 Tem.
3347 1321 3432 1391 25,
3465 1323 3559 1380 fol.
3592 1322 3707 1378 173.
3743 1353 3813 1364 -
3849 1325 4048 1379 Simler
4083 1326 4201 1381 Vol.
4238 1324 4388 1393 105.)

2828 1492 3152 1560 Doctrina
3193 1502 3261 1561 et
3314 1494 3557 1580 pietate
3611 1497 4167 1580 praestantissimo
4229 1497 4377 1564 viro
4420 1497 4595 1564 Hen-

2656 1578 2864 1664 rycho
2902 1580 3312 1666 Bullingem,
3357 1580 3736 1648 fidelissimo
3777 1591 3846 1649 et
3886 1583 4422 1651 constantissimo
4464 1585 4597 1651 veri

2657 1664 2876 1731 cultus
2918 1664 3050 1731 Dei
3108 1668 3281 1751 apud
3324 1667 3677 1753 Tigurinos
3732 1668 4158 1736 instauratori
4214 1668 4481 1736 domino
4534 1677 4597 1737 et

2656 1749 2848 1816 fratri
2890 1751 3056 1818 mihi
3097 1763 3479 1821 reverenter
3520 1753 3804 1820 colendo.

3553 1840 3699 1920 cito,
3744 1841 3889 1921 cito,
3933 1841 4079 1920 cito,
4122 1839 4430 1909 fideliter.

2828 2010 3132 2076 Gratiam
3174 2018 3240 2077 et
3292 2031 3518 2095 pacem
3562 2031 3681 2096 per
3721 2011 3943 2078 Iesum
3984 2012 4329 2079 Christum
4377 2022 4446 2079 et
4499 2035 4594 2081 sa-

2653 2093 2863 2161 lutem
2919 2096 3293 2181 plurimam.
3380 2098 3547 2175 Misi,
3606 2097 3821 2176 eredo,
3881 2098 4067 2165 binas
4120 2097 4351 2166 literas
4411 2122 4593 2184 supe-

2654 2182 2936 2249 rioribus
2978 2183 3061 2248 ad
3103 2190 3186 2263 te,
3233 2185 3338 2251 vir
3379 2184 3754 2263 clarissime,
3812 2184 4046 2267 quibus
4086 2187 4313 2251 curavi
4382 2188 4597 2253 omnia

2653 2288 2817 2350 quae
2874 2268 2981 2335 hic
3037 2276 3323 2354 aguntur
3380 2270 3565 2337 vobis
3622 2269 4002 2337 describere.
4090 2270 4280 2353 Quae
4332 2272 4396 2337 si
4449 2282 4593 2339 sunt

2654 2353 2738 2419 ad
2780 2361 2847 2419 te
2889 2354 3194 2438 perlatae,
3252 2376 3382 2420 non
3428 2355 3651 2422 dubito
3693 2376 3815 2423 vos
3857 2356 4079 2421 omnia
4134 2364 4368 2424 exacte
4411 2358 4593 2424 intel·

2651 2437 2908 2521 lexisse,
2965 2451 3033 2506 et
3075 2440 3310 2524 quibus
3362 2441 3707 2508 itineribus
3749 2442 4043 2508 diabolus
4083 2443 4167 2507 ad
4210 2464 4594 2529 expugnan-

2654 2525 2805 2590 dam
2859 2526 3201 2593 ecclesiam
3257 2527 3712 2611 progrediatur
3767 2527 3957 2594 facile
4008 2528 4232 2595 videre
4286 2531 4590 2612 potuisse.

2653 2609 2731 2677 Si
2775 2621 2995 2678 autem
3037 2621 3194 2679 sunt
3235 2634 3640 2698 suppressae,
3700 2634 3900 2698 opera
3953 2614 4228 2680 istorum
4272 2635 4592 2685 novorum

2651 2698 3089 2780 apostolorum
3152 2696 3223 2764 id
3284 2699 3535 2765 factum
3593 2721 3739 2766 esse
3799 2699 4098 2766 arbitror.
4185 2699 4369 2766 Sunt
4425 2703 4591 2767 enim

2647 2783 2982 2850 mirabiles
3042 2783 3413 2865 dolobellae,
3438 2793 3475 2828 ¹⁸
3538 2795 3607 2851 et
3646 2785 3817 2851 nihil
3860 2786 4102 2870 absque
4144 2783 4310 2852 dolis
4356 2788 4588 2872 agitur.

2650 2866 2801 2950 Quo
2863 2878 3086 2936 autem
3150 2871 3464 2938 certiores
3528 2871 3702 2950 sitis,
3777 2891 3855 2937 ea
3917 2892 4085 2955 quae
4147 2869 4232 2936 ad
4300 2872 4590 2940 Trecium

2648 2954 2879 3039 scripsi
2920 2955 3017 3021 ita
3049 2978 3120 3023 se
3153 2955 3412 3036 habere,
3455 2958 3644 3022 mitto
3676 2958 3813 3023 iam
3846 2976 4024 3025 nunc
4056 2958 4227 3024 hanc
4261 2958 4587 3039 schedam,

2645 3040 2720 3105 in
2754 3061 2884 3124 qua
2916 3044 3136 3108 omnia
3170 3044 3459 3109 evomuit
3498 3043 3841 3128 Greyorius
3881 3052 3949 3109 et
3989 3044 4343 3127 evulgavit.
4427 3044 4588 3111 Dico

2646 3133 2868 3191 autem
2911 3148 3062 3193 eum
3105 3129 3325 3195 omnia
3389 3127 3738 3213 evulgasse
3794 3149 3872 3195 ea
3929 3150 4098 3213 quae
4150 3150 4235 3195 ex
4288 3151 4364 3195 re
4421 3132 4587 3214 ipso-

2644 3232 2814 3293 rum,
2857 3211 2983 3278 hoe
3023 3215 3409 3297 praesertim
3451 3223 3763 3299 tempore,
3805 3213 4178 3300 evulganda
4217 3224 4286 3282 et
4325 3217 4404 3281 in
4447 3215 4587 3283 vul·

2648 3318 2773 3382 gus
2814 3300 3184 3383 spargenda
3225 3307 3564 3383 putarunt.
3638 3300 3812 3366 Nam
3853 3321 4084 3366 eorum
4117 3322 4282 3385 quae
4322 3303 4398 3366 in
4442 3303 4586 3368 sinu

2643 3403 2764 3449 suo
2828 3385 3160 3451 occultant
3222 3397 3662 3452 monstrorum
3725 3386 3949 3453 nullus
4013 3395 4115 3453 est
4174 3387 4347 3454 finis.
4459 3388 4585 3454 Per

2642 3489 2884 3535 nomen
2908 3471 3036 3537 Dei
3071 3492 3380 3556 rogamus
3422 3481 3490 3539 et
3531 3474 3951 3553 obtestamur,
3995 3481 4069 3539 ut
4096 3473 4358 3539 Preciae
4392 3493 4582 3559 quam

2639 3555 2929 3638 primum
2974 3554 3058 3622 ad
3101 3578 3221 3625 nos
3262 3557 3507 3639 redeat,
3561 3559 3677 3625 sed
3720 3560 4080 3626 instructus
4122 3580 4163 3624 a
4203 3558 4422 3625 vobis:
4480 3559 4581 3625 cui

2641 3642 2839 3707 etiam
2895 3641 3122 3709 literas
3180 3643 3263 3710 ad
3318 3666 3429 3711 eos
3486 3646 3682 3726 viros,
3751 3646 3863 3727 qui
3926 3654 4082 3712 sunt
4136 3645 4244 3712 hic
4307 3644 4578 3713 alicuius

2638 3729 2953 3794 momenti
3010 3728 3266 3795 tradite.
3353 3729 3490 3797 Sed
3553 3731 3706 3814 quia
3757 3731 4101 3797 retroactis
4177 3731 4578 3816 temporibus

2641 3811 2721 3879 de
2772 3815 3074 3881 omnibus
3130 3817 3276 3883 istis
3326 3817 3527 3883 rebus
3584 3816 3820 3882 diffuse
3875 3818 4037 3883 satis
4090 3825 4158 3882 et
4211 3816 4581 3884 luculenter

2637 3901 3706 4072 &Jossfit'issffifiefJ-fissffssffiffl
3760 3901 3937 4054 {335³
3939 3903 4184 4055 2¹1¹?ss
4184 3903 4576 4054 ‘ffiffl

2638 4071 2857 4137 Deum
2900 4080 2975 4138 ut
3016 4093 3139 4140 vos
3182 4093 3377 4140 sanos
3422 4083 3491 4141 et
3530 4073 3891 4141 incolumes
3934 4076 4006 4141 in
4048 4075 4326 4161 gloriam
4369 4073 4574 4141 nomi-

2636 4158 2742 4223 nis
2807 4158 2913 4224 sui
2986 4159 3380 4228 sanctissimi
3445 4169 3803 4229 conservet.
3912 4162 4161 4228 Datum
4226 4160 4575 4230 Oracoviae

2642 4246 2740 4310 19.
2785 4243 3179 4313 Novembris
3223 4265 3397 4313 anno
3440 4246 3711 4314 Domini
3759 4249 3942 4312 1562.

3497 4382 3821 4450 Stanislas
3864 4382 4206 4451 Sarnicius

3130 4468 3319 4536 verbi
3361 4470 3491 4537 Dei
3531 4469 3831 4537 minister
3873 4468 4314 4538 deditissimus
4355 4469 4564 4535 frater.
