<?xml version="1.0" encoding="UTF-8"?>
<!DOCTYPE html PUBLIC "-//W3C//DTD XHTML 1.0 Transitional//EN"
    "http://www.w3.org/TR/xhtml1/DTD/xhtml1-transitional.dtd">
<html xmlns="http://www.w3.org/1999/xhtml" xml:lang="en" lang="en">
 <head>
  <title>
</title>
<meta http-equiv="Content-Type" content="text/html;charset=utf-8" />
  <meta name='ocr-system' content='tesseract 3.04.00' />
  <meta name='ocr-capabilities' content='ocr_page ocr_carea ocr_par ocr_line ocrx_word'/>
</head>
<body>
  <div class='ocr_page' id='page_1' title='image "./ioanniscalvinio05unkngoog_0047.png"; bbox 0 0 4850 6117; ppageno 0'>
   <div class='ocr_carea' id='block_1_1' title="bbox 320 408 413 470">
    <p class='ocr_par' dir='ltr' id='par_1_1' title="bbox 320 408 413 470">
     <span class='ocr_line' id='line_1_1' title="bbox 320 408 413 470; baseline 0 0"><span class='ocrx_word' id='word_1_1' title='bbox 320 408 413 470; x_wconf 70' lang='lat'><strong>69</strong></span> 
     </span>
    </p>
   </div>
   <div class='ocr_carea' id='block_1_2' title="bbox 322 591 2280 747">
    <p class='ocr_par' dir='ltr' id='par_1_2' title="bbox 322 591 2280 747">
     <span class='ocr_line' id='line_1_2' title="bbox 322 591 2280 747; baseline -0.001 -88"><span class='ocrx_word' id='word_1_2' title='bbox 322 591 415 660; x_wconf 82' lang='lat'><strong>1).</strong></span> <span class='ocrx_word' id='word_1_3' title='bbox 472 592 754 661; x_wconf 78' lang='lat' dir='ltr'><strong>Calvino</strong></span> <span class='ocrx_word' id='word_1_4' title='bbox 810 594 1054 677; x_wconf 73' lang='lat' dir='ltr'><strong>pastori</strong></span> <span class='ocrx_word' id='word_1_5' title='bbox 1109 592 1486 747; x_wconf 47' lang='grc' dir='ltr'><strong>ωὲιιξέἓηῗ</strong></span> <span class='ocrx_word' id='word_1_6' title='bbox 1538 593 1804 662; x_wconf 87' lang='lat' dir='ltr'><strong>domino</strong></span> <span class='ocrx_word' id='word_1_7' title='bbox 1856 613 2001 658; x_wconf 88' lang='lat' dir='ltr'><strong>mec</strong></span> <span class='ocrx_word' id='word_1_8' title='bbox 2059 593 2280 660; x_wconf 87' lang='lat' dir='ltr'><strong>colen-</strong></span> 
     </span>
    </p>
   </div>
   <div class='ocr_carea' id='block_1_3' title="bbox 286 850 2295 3162">
    <p class='ocr_par' dir='ltr' id='par_1_3' title="bbox 503 850 1441 930">
     <span class='ocr_line' id='line_1_3' title="bbox 503 850 1441 930; baseline -0.001 -11"><span class='ocrx_word' id='word_1_9' title='bbox 503 850 1122 919; x_wconf 89' lang='lat' dir='ltr'><strong>Observandissime</strong></span> <span class='ocrx_word' id='word_1_10' title='bbox 1160 850 1441 930; x_wconf 86' lang='lat' dir='ltr'><strong>domine,</strong></span> 
     </span>
    </p>

    <p class='ocr_par' dir='ltr' id='par_1_4' title="bbox 286 937 2295 3089">
     <span class='ocr_line' id='line_1_4' title="bbox 506 937 2285 1022; baseline -0.001 -19"><span class='ocrx_word' id='word_1_11' title='bbox 506 937 734 1019; x_wconf 82' lang='lat' dir='ltr'><strong>Quum</strong></span> <span class='ocrx_word' id='word_1_12' title='bbox 811 938 1185 1003; x_wconf 80' lang='lat' dir='ltr'><strong>existimem</strong></span> <span class='ocrx_word' id='word_1_13' title='bbox 1262 938 1566 1021; x_wconf 80' lang='lat' dir='ltr'>precibus</span> <span class='ocrx_word' id='word_1_14' title='bbox 1642 940 1775 1004; x_wconf 90' lang='lat' dir='ltr'><strong>tuis</strong></span> <span class='ocrx_word' id='word_1_15' title='bbox 1851 938 2152 1022; x_wconf 80' lang='lat' dir='ltr'><strong>inprimis</strong></span> <span class='ocrx_word' id='word_1_16' title='bbox 2217 945 2285 1002; x_wconf 91' lang='lat' dir='ltr'><strong>et</strong></span> 
     </span>
     <span class='ocr_line' id='line_1_5' title="bbox 325 1022 2284 1107; baseline -0.002 -16"><span class='ocrx_word' id='word_1_17' title='bbox 325 1024 631 1102; x_wconf 82' lang='lat' dir='ltr'><strong>aliorum,</strong></span> <span class='ocrx_word' id='word_1_18' title='bbox 667 1025 779 1107; x_wconf 89' lang='lat' dir='ltr'><strong>qui</strong></span> <span class='ocrx_word' id='word_1_19' title='bbox 821 1024 1044 1090; x_wconf 91' lang='lat' dir='ltr'><strong>Iesum</strong></span> <span class='ocrx_word' id='word_1_20' title='bbox 1091 1022 1428 1089; x_wconf 77' lang='lat' dir='ltr'><strong>Christum</strong></span> <span class='ocrx_word' id='word_1_21' title='bbox 1474 1026 1666 1091; x_wconf 87' lang='lat' dir='ltr'><strong>unice</strong></span> <span class='ocrx_word' id='word_1_22' title='bbox 1711 1034 1954 1103; x_wconf 85' lang='lat' dir='ltr'><strong>amant,</strong></span> <span class='ocrx_word' id='word_1_23' title='bbox 1998 1045 2106 1090; x_wconf 90' lang='lat' dir='ltr'><strong>me</strong></span> <span class='ocrx_word' id='word_1_24' title='bbox 2141 1043 2284 1088; x_wconf 91' lang='lat' dir='ltr'><strong>esse</strong></span> 
     </span>
     <span class='ocr_line' id='line_1_6' title="bbox 326 1108 2283 1194; baseline -0.001 -19"><span class='ocrx_word' id='word_1_25' title='bbox 326 1110 653 1189; x_wconf 79' lang='lat' dir='ltr'><strong>adiutum,</strong></span> <span class='ocrx_word' id='word_1_26' title='bbox 717 1131 845 1194; x_wconf 91' lang='grc'><strong>888</strong></span> <span class='ocrx_word' id='word_1_27' title='bbox 898 1109 1248 1176; x_wconf 86' lang='lat' dir='ltr'><strong>incolumis</strong></span> <span class='ocrx_word' id='word_1_28' title='bbox 1303 1129 1452 1176; x_wconf 89' lang='lat' dir='ltr'><strong>cum</strong></span> <span class='ocrx_word' id='word_1_29' title='bbox 1508 1111 1759 1176; x_wconf 88' lang='lat' dir='ltr'><strong>familia</strong></span> <span class='ocrx_word' id='word_1_30' title='bbox 1814 1120 1881 1176; x_wconf 91' lang='lat' dir='ltr'><strong>et</strong></span> <span class='ocrx_word' id='word_1_31' title='bbox 1935 1108 2283 1176; x_wconf 73' lang='lat' dir='ltr'><strong>comitibus</strong></span> 
     </span>
     <span class='ocr_line' id='line_1_7' title="bbox 328 1195 2288 1278; baseline -0.003 -15"><span class='ocrx_word' id='word_1_32' title='bbox 328 1198 406 1263; x_wconf 84' lang='lat' dir='ltr'><strong>in</strong></span> <span class='ocrx_word' id='word_1_33' title='bbox 461 1217 678 1262; x_wconf 89' lang='lat' dir='ltr'><strong>meam</strong></span> <span class='ocrx_word' id='word_1_34' title='bbox 744 1196 1088 1263; x_wconf 88' lang='lat' dir='ltr'><strong>ecclesiam</strong></span> <span class='ocrx_word' id='word_1_35' title='bbox 1143 1217 1184 1260; x_wconf 96' lang='lat' dir='ltr'><strong>a</strong></span> <span class='ocrx_word' id='word_1_36' title='bbox 1235 1195 1379 1261; x_wconf 90' lang='lat' dir='ltr'><strong>Deo</strong></span> <span class='ocrx_word' id='word_1_37' title='bbox 1443 1204 1510 1262; x_wconf 92' lang='lat' dir='ltr'><strong>et</strong></span> <span class='ocrx_word' id='word_1_38' title='bbox 1552 1197 2059 1263; x_wconf 87' lang='lat' dir='ltr'><strong>clementissimo</strong></span> <span class='ocrx_word' id='word_1_39' title='bbox 2102 1203 2288 1278; x_wconf 80' lang='lat' dir='ltr'><strong>patre</strong></span> 
     </span>
     <span class='ocr_line' id='line_1_8' title="bbox 329 1280 2287 1366; baseline -0.002 -17"><span class='ocrx_word' id='word_1_40' title='bbox 329 1294 562 1349; x_wconf 80' lang='lat' dir='ltr'><strong>nostro</strong></span> <span class='ocrx_word' id='word_1_41' title='bbox 626 1281 1009 1348; x_wconf 89' lang='lat' dir='ltr'><strong>deducerer:</strong></span> <span class='ocrx_word' id='word_1_42' title='bbox 1098 1280 1278 1347; x_wconf 92' lang='lat' dir='ltr'><strong>nolui</strong></span> <span class='ocrx_word' id='word_1_43' title='bbox 1343 1283 1868 1364; x_wconf 76' lang='lat' dir='ltr'><strong>praetermittere</strong></span> <span class='ocrx_word' id='word_1_44' title='bbox 1942 1282 2102 1366; x_wconf 90' lang='lat' dir='ltr'><strong>quin</strong></span> <span class='ocrx_word' id='word_1_45' title='bbox 2166 1281 2287 1346; x_wconf 91' lang='lat' dir='ltr'><strong>tibi</strong></span> 
     </span>
     <span class='ocr_line' id='line_1_9' title="bbox 330 1368 2288 1454; baseline -0.002 -19"><span class='ocrx_word' id='word_1_46' title='bbox 330 1389 614 1454; x_wconf 84' lang='lat' dir='ltr'><strong>magnas</strong></span> <span class='ocrx_word' id='word_1_47' title='bbox 647 1389 913 1453; x_wconf 89' lang='lat' dir='ltr'><strong>agerem</strong></span> <span class='ocrx_word' id='word_1_48' title='bbox 945 1368 1214 1452; x_wconf 88' lang='lat' dir='ltr'><strong>gratias.</strong></span> <span class='ocrx_word' id='word_1_49' title='bbox 1281 1368 1406 1434; x_wconf 82' lang='lat' dir='ltr'><strong>Est</strong></span> <span class='ocrx_word' id='word_1_50' title='bbox 1426 1390 1679 1452; x_wconf 87' lang='grc'><strong>888888</strong></span> <span class='ocrx_word' id='word_1_51' title='bbox 1715 1368 1846 1434; x_wconf 85' lang='lat' dir='ltr'><strong>alia</strong></span> <span class='ocrx_word' id='word_1_52' title='bbox 1878 1389 2089 1447; x_wconf 86' lang='lat' dir='ltr'><strong>causa,</strong></span> <span class='ocrx_word' id='word_1_53' title='bbox 2120 1388 2288 1451; x_wconf 88' lang='lat' dir='ltr'><strong>quae</strong></span> 
     </span>
     <span class='ocr_line' id='line_1_10' title="bbox 330 1452 2290 1538; baseline -0.002 -17"><span class='ocrx_word' id='word_1_54' title='bbox 330 1476 446 1521; x_wconf 87' lang='lat' dir='ltr'><strong>me</strong></span> <span class='ocrx_word' id='word_1_55' title='bbox 501 1454 588 1521; x_wconf 89' lang='lat' dir='ltr'><strong>ad</strong></span> <span class='ocrx_word' id='word_1_56' title='bbox 636 1455 761 1521; x_wconf 89' lang='lat' dir='ltr'><strong>hoc</strong></span> <span class='ocrx_word' id='word_1_57' title='bbox 814 1454 1107 1519; x_wconf 86' lang='lat' dir='ltr'><strong>officium</strong></span> <span class='ocrx_word' id='word_1_58' title='bbox 1170 1453 1472 1537; x_wconf 88' lang='lat' dir='ltr'><strong>impellit,</strong></span> <span class='ocrx_word' id='word_1_59' title='bbox 1537 1452 1709 1538; x_wconf 89' lang='lat' dir='ltr'><strong>quod</strong></span> <span class='ocrx_word' id='word_1_60' title='bbox 1770 1454 1932 1521; x_wconf 89' lang='lat' dir='ltr'><strong>adeo</strong></span> <span class='ocrx_word' id='word_1_61' title='bbox 1992 1462 2290 1519; x_wconf 88' lang='lat' dir='ltr'><strong>amanter</strong></span> 
     </span>
     <span class='ocr_line' id='line_1_11' title="bbox 331 1539 2289 1624; baseline -0.002 -17"><span class='ocrx_word' id='word_1_62' title='bbox 331 1549 652 1624; x_wconf 75' lang='lat' dir='ltr'><strong>tantaque</strong></span> <span class='ocrx_word' id='word_1_63' title='bbox 687 1561 836 1606; x_wconf 90' lang='lat' dir='ltr'><strong>cum</strong></span> <span class='ocrx_word' id='word_1_64' title='bbox 881 1539 1223 1624; x_wconf 88' lang='lat' dir='ltr'><strong>diligentia</strong></span> <span class='ocrx_word' id='word_1_65' title='bbox 1255 1561 1441 1606; x_wconf 87' lang='lat' dir='ltr'><strong>meae</strong></span> <span class='ocrx_word' id='word_1_66' title='bbox 1476 1540 1785 1607; x_wconf 87' lang='lat' dir='ltr'><strong>ecclesiae</strong></span> <span class='ocrx_word' id='word_1_67' title='bbox 1820 1561 1926 1605; x_wconf 92' lang='lat' dir='ltr'><strong>me</strong></span> <span class='ocrx_word' id='word_1_68' title='bbox 1960 1561 2289 1606; x_wconf 89' lang='lat' dir='ltr'><strong>commen·-</strong></span> 
     </span>
     <span class='ocr_line' id='line_1_12' title="bbox 328 1625 2289 1710; baseline -0.002 -16"><span class='ocrx_word' id='word_1_69' title='bbox 328 1626 601 1693; x_wconf 81' lang='lat' dir='ltr'><strong>daveris</strong></span> <span class='ocrx_word' id='word_1_70' title='bbox 633 1634 711 1692; x_wconf 91' lang='lat' dir='ltr'><strong>ut</strong></span> <span class='ocrx_word' id='word_1_71' title='bbox 744 1627 1076 1692; x_wconf 88' lang='lat' dir='ltr'><strong>amantius</strong></span> <span class='ocrx_word' id='word_1_72' title='bbox 1112 1625 1573 1710; x_wconf 79' lang='lat' dir='ltr'><strong>diligentiusve</strong></span> <span class='ocrx_word' id='word_1_73' title='bbox 1607 1627 1751 1693; x_wconf 88' lang='lat' dir='ltr'><strong>fieri</strong></span> <span class='ocrx_word' id='word_1_74' title='bbox 1789 1627 2061 1691; x_wconf 91' lang='lat' dir='ltr'><strong>minime</strong></span> <span class='ocrx_word' id='word_1_75' title='bbox 2095 1634 2289 1708; x_wconf 93' lang='lat' dir='ltr'><strong>potu·</strong></span> 
     </span>
     <span class='ocr_line' id='line_1_13' title="bbox 330 1710 2290 1797; baseline -0.002 -18"><span class='ocrx_word' id='word_1_76' title='bbox 330 1713 483 1779; x_wconf 86' lang='lat' dir='ltr'><strong>crit.</strong></span> <span class='ocrx_word' id='word_1_77' title='bbox 568 1713 816 1780; x_wconf 85' lang='lat' dir='ltr'><strong>Precor</strong></span> <span class='ocrx_word' id='word_1_78' title='bbox 859 1711 1083 1777; x_wconf 89' lang='lat' dir='ltr'><strong>Deum</strong></span> <span class='ocrx_word' id='word_1_79' title='bbox 1125 1710 1282 1797; x_wconf 88' lang='lat' dir='ltr'><strong>Opt.</strong></span> <span class='ocrx_word' id='word_1_80' title='bbox 1325 1714 1506 1780; x_wconf 78' lang='lat' dir='ltr'><strong>Max,</strong></span> <span class='ocrx_word' id='word_1_81' title='bbox 1544 1723 1619 1779; x_wconf 91' lang='lat' dir='ltr'><strong>ut</strong></span> <span class='ocrx_word' id='word_1_82' title='bbox 1652 1734 1770 1796; x_wconf 90' lang='lat' dir='ltr'><strong>per</strong></span> <span class='ocrx_word' id='word_1_83' title='bbox 1803 1712 2027 1779; x_wconf 89' lang='lat' dir='ltr'><strong>Iesum</strong></span> <span class='ocrx_word' id='word_1_84' title='bbox 2061 1710 2290 1778; x_wconf 79' lang='lat' dir='ltr'><strong>Chris-</strong></span> 
     </span>
     <span class='ocr_line' id='line_1_14' title="bbox 333 1797 2292 1884; baseline -0.002 -18"><span class='ocrx_word' id='word_1_85' title='bbox 333 1807 491 1866; x_wconf 78' lang='lat' dir='ltr'><strong>tum</strong></span> <span class='ocrx_word' id='word_1_86' title='bbox 533 1820 640 1864; x_wconf 90' lang='lat' dir='ltr'><strong>me</strong></span> <span class='ocrx_word' id='word_1_87' title='bbox 678 1800 774 1865; x_wconf 90' lang='lat' dir='ltr'><strong>ita</strong></span> <span class='ocrx_word' id='word_1_88' title='bbox 817 1799 1059 1883; x_wconf 88' lang='lat' dir='ltr'><strong>spiritu</strong></span> <span class='ocrx_word' id='word_1_89' title='bbox 1094 1820 1214 1865; x_wconf 91' lang='lat' dir='ltr'><strong>suo</strong></span> <span class='ocrx_word' id='word_1_90' title='bbox 1259 1809 1466 1883; x_wconf 87' lang='lat' dir='ltr'><strong>regat,</strong></span> <span class='ocrx_word' id='word_1_91' title='bbox 1533 1820 1661 1884; x_wconf 90' lang='grc'><strong>888</strong></span> <span class='ocrx_word' id='word_1_92' title='bbox 1707 1799 1907 1884; x_wconf 84' lang='lat' dir='ltr'><strong>digna</strong></span> <span class='ocrx_word' id='word_1_93' title='bbox 1948 1798 2121 1863; x_wconf 88' lang='lat' dir='ltr'><strong>tanti</strong></span> <span class='ocrx_word' id='word_1_94' title='bbox 2162 1797 2292 1863; x_wconf 88' lang='lat' dir='ltr'><strong>viri</strong></span> 
     </span>
     <span class='ocr_line' id='line_1_15' title="bbox 333 1884 2292 1969; baseline -0.003 -16"><span class='ocrx_word' id='word_1_95' title='bbox 333 1906 418 1953; x_wconf 83' lang='lat' dir='ltr'><strong>ac</strong></span> <span class='ocrx_word' id='word_1_96' title='bbox 452 1885 573 1951; x_wconf 81' lang='lat' dir='ltr'><strong>tali</strong></span> <span class='ocrx_word' id='word_1_97' title='bbox 606 1884 1170 1952; x_wconf 76' lang='lat' dir='ltr'><strong>commendatione</strong></span> <span class='ocrx_word' id='word_1_98' title='bbox 1192 1905 1423 1969; x_wconf 80' lang='lat' dir='ltr'><strong>gerere</strong></span> <span class='ocrx_word' id='word_1_99' title='bbox 1445 1887 1720 1963; x_wconf 84' lang='lat' dir='ltr'><strong>valeam,</strong></span> <span class='ocrx_word' id='word_1_100' title='bbox 1765 1895 1959 1966; x_wconf 85' lang='lat' dir='ltr'><strong>teque</strong></span> <span class='ocrx_word' id='word_1_101' title='bbox 1982 1884 2292 1950; x_wconf 86' lang='lat' dir='ltr'><strong>ecclesiae</strong></span> 
     </span>
     <span class='ocr_line' id='line_1_16' title="bbox 333 1970 2294 2054; baseline -0.003 -14"><span class='ocrx_word' id='word_1_102' title='bbox 333 1992 500 2040; x_wconf 84' lang='grc'><strong>8888</strong></span> <span class='ocrx_word' id='word_1_103' title='bbox 543 1970 911 2038; x_wconf 78' lang='lat' dir='ltr'><strong>diutissime</strong></span> <span class='ocrx_word' id='word_1_104' title='bbox 951 1979 1191 2050; x_wconf 86' lang='lat' dir='ltr'><strong>servet,</strong></span> <span class='ocrx_word' id='word_1_105' title='bbox 1247 1991 1443 2054; x_wconf 89' lang='lat' dir='ltr'><strong>quem</strong></span> <span class='ocrx_word' id='word_1_106' title='bbox 1488 1972 1848 2038; x_wconf 85' lang='lat' dir='ltr'><strong>habeamus</strong></span> <span class='ocrx_word' id='word_1_107' title='bbox 1890 1992 2089 2038; x_wconf 85' lang='lat' dir='ltr'><strong>verae</strong></span> <span class='ocrx_word' id='word_1_108' title='bbox 2131 1970 2294 2036; x_wconf 85' lang='lat' dir='ltr'><strong>cari·</strong></span> 
     </span>
     <span class='ocr_line' id='line_1_17' title="bbox 286 2055 2294 2141; baseline -0.001 -16"><span class='ocrx_word' id='word_1_109' title='bbox 286 2088 293 2092; x_wconf 91' lang='lat'><strong>·</strong></span> <span class='ocrx_word' id='word_1_110' title='bbox 322 2058 501 2125; x_wconf 71' lang='grc'><strong>18118</strong></span> <span class='ocrx_word' id='word_1_111' title='bbox 534 2058 931 2128; x_wconf 74' lang='lat' dir='ltr'><strong>christianae</strong></span> <span class='ocrx_word' id='word_1_112' title='bbox 964 2058 1314 2141; x_wconf 88' lang='lat' dir='ltr'><strong>specimen.</strong></span> <span class='ocrx_word' id='word_1_113' title='bbox 1390 2055 1746 2139; x_wconf 75' lang='lat' dir='ltr'><strong>Stephanus</strong></span> <span class='ocrx_word' id='word_1_114' title='bbox 1778 2066 2004 2124; x_wconf 89' lang='lat' dir='ltr'><strong>noster</strong></span> <span class='ocrx_word' id='word_1_115' title='bbox 2034 2055 2294 2141; x_wconf 86' lang='lat' dir='ltr'><strong>publice</strong></span> 
     </span>
     <span class='ocr_line' id='line_1_18' title="bbox 334 2143 2292 2222; baseline -0.004 -9"><span class='ocrx_word' id='word_1_116' title='bbox 334 2144 769 2213; x_wconf 86' lang='lat' dir='ltr'><strong>concionatur</strong></span> <span class='ocrx_word' id='word_1_117' title='bbox 811 2144 1058 2222; x_wconf 88' lang='lat' dir='ltr'><strong>Cherii,</strong></span> <span class='ocrx_word' id='word_1_118' title='bbox 1123 2143 1314 2210; x_wconf 91' lang='lat' dir='ltr'><strong>cuius</strong></span> <span class='ocrx_word' id='word_1_119' title='bbox 1371 2144 1666 2210; x_wconf 82' lang='lat' dir='ltr'><strong>concioni</strong></span> <span class='ocrx_word' id='word_1_120' title='bbox 1732 2143 2018 2210; x_wconf 88' lang='lat' dir='ltr'><strong>adfuisse</strong></span> <span class='ocrx_word' id='word_1_121' title='bbox 2060 2144 2292 2221; x_wconf 91' lang='lat' dir='ltr'><strong>fertur,</strong></span> 
     </span>
     <span class='ocr_line' id='line_1_19' title="bbox 333 2228 2292 2317; baseline -0.003 -19"><span class='ocrx_word' id='word_1_122' title='bbox 333 2230 525 2298; x_wconf 88' lang='lat' dir='ltr'><strong>mille</strong></span> <span class='ocrx_word' id='word_1_123' title='bbox 566 2242 637 2297; x_wconf 87' lang='lat' dir='ltr'><strong>et</strong></span> <span class='ocrx_word' id='word_1_124' title='bbox 715 2230 1020 2316; x_wconf 83' lang='lat' dir='ltr'><strong>uingenti</strong></span> <span class='ocrx_word' id='word_1_125' title='bbox 1060 2228 1407 2295; x_wconf 90' lang='lat' dir='ltr'><strong>auditores.</strong></span> <span class='ocrx_word' id='word_1_126' title='bbox 1434 2229 1486 2317; x_wconf 87' lang='lat'><strong>²)</strong></span> <span class='ocrx_word' id='word_1_127' title='bbox 1566 2229 1792 2312; x_wconf 78' lang='lat' dir='ltr'><strong>Quare</strong></span> <span class='ocrx_word' id='word_1_128' title='bbox 1827 2248 2176 2314; x_wconf 89' lang='lat' dir='ltr'><strong>speramus</strong></span> <span class='ocrx_word' id='word_1_129' title='bbox 2224 2229 2292 2293; x_wconf 90' lang='lat' dir='ltr'><strong>in</strong></span> 
     </span>
     <span class='ocr_line' id='line_1_20' title="bbox 332 2315 2294 2401; baseline -0.001 -19"><span class='ocrx_word' id='word_1_130' title='bbox 332 2315 478 2382; x_wconf 81' lang='lat' dir='ltr'><strong>illis</strong></span> <span class='ocrx_word' id='word_1_131' title='bbox 523 2317 676 2401; x_wconf 91' lang='lat' dir='ltr'><strong>oppi</strong></span> <span class='ocrx_word' id='word_1_132' title='bbox 720 2316 794 2394; x_wconf 85' lang='lat' dir='ltr'><strong>is,</strong></span> <span class='ocrx_word' id='word_1_133' title='bbox 840 2318 1077 2401; x_wconf 89' lang='lat' dir='ltr'><strong>quibus</strong></span> <span class='ocrx_word' id='word_1_134' title='bbox 1114 2315 1337 2382; x_wconf 82' lang='lat' dir='ltr'><strong>Gallia</strong></span> <span class='ocrx_word' id='word_1_135' title='bbox 1379 2316 1771 2394; x_wconf 85' lang='lat' dir='ltr'><strong>dominatur,</strong></span> <span class='ocrx_word' id='word_1_136' title='bbox 1818 2315 2108 2399; x_wconf 92' lang='lat' dir='ltr'><strong>amplum</strong></span> <span class='ocrx_word' id='word_1_137' title='bbox 2152 2335 2294 2381; x_wconf 88' lang='lat' dir='ltr'><strong>esse</strong></span> 
     </span>
     <span class='ocr_line' id='line_1_21' title="bbox 332 2399 2294 2487; baseline -0.001 -18"><span class='ocrx_word' id='word_1_138' title='bbox 332 2402 727 2469; x_wconf 78' lang='lat' dir='ltr'><strong>habiturum</strong></span> <span class='ocrx_word' id='word_1_139' title='bbox 769 2403 990 2467; x_wconf 86' lang='lat' dir='ltr'><strong>locum</strong></span> <span class='ocrx_word' id='word_1_140' title='bbox 1031 2402 1185 2468; x_wconf 90' lang='lat' dir='ltr'><strong>Iesu</strong></span> <span class='ocrx_word' id='word_1_141' title='bbox 1231 2401 1487 2468; x_wconf 87' lang='lat' dir='ltr'><strong>Christi</strong></span> <span class='ocrx_word' id='word_1_142' title='bbox 1529 2402 1966 2487; x_wconf 89' lang='lat' dir='ltr'><strong>evangelium,</strong></span> <span class='ocrx_word' id='word_1_143' title='bbox 2009 2400 2069 2468; x_wconf 90' lang='lat' dir='ltr'><strong>si</strong></span> <span class='ocrx_word' id='word_1_144' title='bbox 2107 2399 2294 2467; x_wconf 91' lang='lat' dir='ltr'><strong>Deus</strong></span> 
     </span>
     <span class='ocr_line' id='line_1_22' title="bbox 336 2487 2295 2574; baseline -0.002 -20"><span class='ocrx_word' id='word_1_145' title='bbox 336 2509 465 2573; x_wconf 86' lang='lat' dir='ltr'><strong>pro</strong></span> <span class='ocrx_word' id='word_1_146' title='bbox 518 2508 640 2554; x_wconf 88' lang='lat' dir='ltr'><strong>sua</strong></span> <span class='ocrx_word' id='word_1_147' title='bbox 680 2490 1006 2555; x_wconf 87' lang='lat' dir='ltr'><strong>immensa</strong></span> <span class='ocrx_word' id='word_1_148' title='bbox 1048 2487 1338 2554; x_wconf 88' lang='lat' dir='ltr'><strong>bonitate</strong></span> <span class='ocrx_word' id='word_1_149' title='bbox 1382 2487 1760 2574; x_wconf 82' lang='lat' dir='ltr'><strong>dignabitur</strong></span> <span class='ocrx_word' id='word_1_150' title='bbox 1794 2507 1963 2571; x_wconf 89' lang='lat' dir='ltr'><strong>quae</strong></span> <span class='ocrx_word' id='word_1_151' title='bbox 2006 2489 2295 2569; x_wconf 88' lang='lat' dir='ltr'><strong>coeperit</strong></span> 
     </span>
     <span class='ocr_line' id='line_1_23' title="bbox 336 2571 2292 2659; baseline -0.002 -18"><span class='ocrx_word' id='word_1_152' title='bbox 336 2575 672 2659; x_wconf 85' lang='lat' dir='ltr'><strong>perficere.</strong></span> <span class='ocrx_word' id='word_1_153' title='bbox 783 2577 877 2640; x_wconf 86' lang='lat' dir='ltr'><strong>At</strong></span> <span class='ocrx_word' id='word_1_154' title='bbox 939 2583 1161 2641; x_wconf 84' lang='lat' dir='ltr'><strong>noster</strong></span> <span class='ocrx_word' id='word_1_155' title='bbox 1223 2571 1429 2658; x_wconf 77' lang='grc' dir='ltr'><strong><em>Ἅρχός</em></strong></span> <span class='ocrx_word' id='word_1_156' title='bbox 1492 2582 1770 2658; x_wconf 85' lang='grc'><strong>8118888</strong></span> <span class='ocrx_word' id='word_1_157' title='bbox 1832 2594 1993 2640; x_wconf 89' lang='grc'><strong>8818</strong></span> <span class='ocrx_word' id='word_1_158' title='bbox 2057 2572 2292 2656; x_wconf 89' lang='lat' dir='ltr'><strong>lupum</strong></span> 
     </span>
     <span class='ocr_line' id='line_1_24' title="bbox 338 2660 2290 2745; baseline -0.002 -18"><span class='ocrx_word' id='word_1_159' title='bbox 338 2668 525 2727; x_wconf 85' lang='lat' dir='ltr'><strong>tenet</strong></span> <span class='ocrx_word' id='word_1_160' title='bbox 599 2661 939 2739; x_wconf 87' lang='lat' dir='ltr'><strong>hactenus,</strong></span> <span class='ocrx_word' id='word_1_161' title='bbox 1016 2670 1175 2745; x_wconf 88' lang='lat' dir='ltr'><strong>puto</strong></span> <span class='ocrx_word' id='word_1_162' title='bbox 1229 2660 1398 2726; x_wconf 89' lang='lat' dir='ltr'><strong>nihil</strong></span> <span class='ocrx_word' id='word_1_163' title='bbox 1465 2662 1678 2727; x_wconf 89' lang='lat' dir='ltr'><strong>solum</strong></span> <span class='ocrx_word' id='word_1_164' title='bbox 1734 2681 1876 2727; x_wconf 88' lang='lat' dir='ltr'><strong>esse</strong></span> <span class='ocrx_word' id='word_1_165' title='bbox 1940 2679 2290 2725; x_wconf 88' lang='lat' dir='ltr'><strong>ausurum:</strong></span> 
     </span>
     <span class='ocr_line' id='line_1_25' title="bbox 337 2745 2291 2832; baseline -0.001 -20"><span class='ocrx_word' id='word_1_166' title='bbox 337 2747 644 2831; x_wconf 85' lang='lat' dir='ltr'><strong>quamvis</strong></span> <span class='ocrx_word' id='word_1_167' title='bbox 686 2745 855 2812; x_wconf 87' lang='lat' dir='ltr'><strong>nihil</strong></span> <span class='ocrx_word' id='word_1_168' title='bbox 895 2748 1111 2831; x_wconf 88' lang='lat' dir='ltr'><strong>magis</strong></span> <span class='ocrx_word' id='word_1_169' title='bbox 1154 2754 1439 2831; x_wconf 85' lang='lat' dir='ltr'><strong>exoptat,</strong></span> <span class='ocrx_word' id='word_1_170' title='bbox 1516 2768 1713 2832; x_wconf 87' lang='lat' dir='ltr'><strong>quam</strong></span> <span class='ocrx_word' id='word_1_171' title='bbox 1756 2746 2029 2830; x_wconf 85' lang='lat' dir='ltr'><strong>perdere</strong></span> <span class='ocrx_word' id='word_1_172' title='bbox 2070 2745 2291 2812; x_wconf 91' lang='lat' dir='ltr'><strong>bonos.</strong></span> 
     </span>
     <span class='ocr_line' id='line_1_26' title="bbox 330 2832 2290 2918; baseline -0.002 -18"><span class='ocrx_word' id='word_1_173' title='bbox 330 2832 480 2900; x_wconf 85' lang='lat' dir='ltr'><strong>Nos</strong></span> <span class='ocrx_word' id='word_1_174' title='bbox 535 2854 691 2899; x_wconf 89' lang='lat' dir='ltr'><strong>vero</strong></span> <span class='ocrx_word' id='word_1_175' title='bbox 742 2832 1026 2898; x_wconf 76' lang='lat' dir='ltr'><strong>fruimur</strong></span> <span class='ocrx_word' id='word_1_176' title='bbox 1080 2853 1259 2917; x_wconf 87' lang='lat' dir='ltr'><strong>pace,</strong></span> <span class='ocrx_word' id='word_1_177' title='bbox 1338 2855 1539 2918; x_wconf 89' lang='lat' dir='ltr'><strong>quam</strong></span> <span class='ocrx_word' id='word_1_178' title='bbox 1599 2832 1882 2917; x_wconf 87' lang='lat' dir='ltr'><strong>largitur</strong></span> <span class='ocrx_word' id='word_1_179' title='bbox 1946 2832 2290 2911; x_wconf 86' lang='lat' dir='ltr'><strong>Dominus,</strong></span> 
     </span>
     <span class='ocr_line' id='line_1_27' title="bbox 330 2917 2289 2987; baseline 0.001 -3"><span class='ocrx_word' id='word_1_180' title='bbox 330 2918 511 2985; x_wconf 83' lang='lat' dir='ltr'><strong>nihil</strong></span> <span class='ocrx_word' id='word_1_181' title='bbox 564 2926 900 2985; x_wconf 86' lang='lat' dir='ltr'><strong>morantes</strong></span> <span class='ocrx_word' id='word_1_182' title='bbox 953 2918 1255 2985; x_wconf 89' lang='lat' dir='ltr'><strong>homines</strong></span> <span class='ocrx_word' id='word_1_183' title='bbox 1307 2928 1458 2987; x_wconf 89' lang='lat' dir='ltr'><strong>utut</strong></span> <span class='ocrx_word' id='word_1_184' title='bbox 1514 2920 1650 2986; x_wconf 90' lang='lat' dir='ltr'><strong>sint</strong></span> <span class='ocrx_word' id='word_1_185' title='bbox 1700 2920 1771 2985; x_wconf 90' lang='lat' dir='ltr'><strong>in</strong></span> <span class='ocrx_word' id='word_1_186' title='bbox 1830 2940 1946 2985; x_wconf 89' lang='lat' dir='ltr'><strong>nos</strong></span> <span class='ocrx_word' id='word_1_187' title='bbox 1997 2917 2289 2985; x_wconf 84' lang='lat' dir='ltr'><strong>animati.</strong></span> 
     </span>
     <span class='ocr_line' id='line_1_28' title="bbox 330 3002 2287 3089; baseline -0.002 -17"><span class='ocrx_word' id='word_1_188' title='bbox 330 3005 670 3072; x_wconf 89' lang='lat' dir='ltr'><strong>Dominus</strong></span> <span class='ocrx_word' id='word_1_189' title='bbox 709 3006 900 3072; x_wconf 90' lang='lat' dir='ltr'><strong>Iesus</strong></span> <span class='ocrx_word' id='word_1_190' title='bbox 943 3004 1253 3072; x_wconf 79' lang='lat' dir='ltr'><strong>Christus</strong></span> <span class='ocrx_word' id='word_1_191' title='bbox 1296 3013 1363 3071; x_wconf 88' lang='lat' dir='ltr'><strong>te</strong></span> <span class='ocrx_word' id='word_1_192' title='bbox 1417 3017 1655 3085; x_wconf 89' lang='lat' dir='ltr'><strong>servet,</strong></span> <span class='ocrx_word' id='word_1_193' title='bbox 1719 3004 1965 3089; x_wconf 88' lang='lat' dir='ltr'><strong>optime</strong></span> <span class='ocrx_word' id='word_1_194' title='bbox 2008 3002 2287 3070; x_wconf 88' lang='lat' dir='ltr'><strong>domine.</strong></span> 
     </span>
    </p>

    <p class='ocr_par' dir='ltr' id='par_1_5' title="bbox 512 3091 1615 3162">
     <span class='ocr_line' id='line_1_29' title="bbox 512 3091 1615 3162; baseline 0.001 -4"><span class='ocrx_word' id='word_1_195' title='bbox 512 3092 623 3158; x_wconf 84' lang='lat' dir='ltr'><strong>Ex</strong></span> <span class='ocrx_word' id='word_1_196' title='bbox 663 3091 885 3158; x_wconf 88' lang='lat' dir='ltr'><strong>Pratis</strong></span> <span class='ocrx_word' id='word_1_197' title='bbox 928 3095 1029 3157; x_wconf 82' lang='lat'><strong>22.</strong></span> <span class='ocrx_word' id='word_1_198' title='bbox 1075 3091 1383 3162; x_wconf 81' lang='lat' dir='ltr'><strong>Octobris</strong></span> <span class='ocrx_word' id='word_1_199' title='bbox 1431 3098 1615 3159; x_wconf 83' lang='lat'><strong>1561.</strong></span> 
     </span>
    </p>
   </div>
   <div class='ocr_carea' id='block_1_4' title="bbox 1435 3229 2125 3402">
    <p class='ocr_par' dir='ltr' id='par_1_6' title="bbox 1435 3229 2125 3402">
     <span class='ocr_line' id='line_1_30' title="bbox 1435 3229 2125 3296; baseline 0.001 -1"><span class='ocrx_word' id='word_1_200' title='bbox 1435 3230 1565 3296; x_wconf 85' lang='lat' dir='ltr'><strong>&#39;I&#39;ui</strong></span> <span class='ocrx_word' id='word_1_201' title='bbox 1608 3229 2125 3296; x_wconf 89' lang='lat' dir='ltr'><strong>studiosissimus</strong></span> 
     </span>
     <span class='ocr_line' id='line_1_31' title="bbox 1471 3315 2085 3402; baseline 0 -20"><span class='ocrx_word' id='word_1_202' title='bbox 1471 3315 1696 3402; x_wconf 82' lang='lat' dir='ltr'><strong>Scipio</strong></span> <span class='ocrx_word' id='word_1_203' title='bbox 1738 3316 2085 3382; x_wconf 84' lang='lat' dir='ltr'><strong>Lentulus.</strong></span> 
     </span>
    </p>
   </div>
   <div class='ocr_carea' id='block_1_5' title="bbox 326 3831 2297 4573">
    <p class='ocr_par' dir='ltr' id='par_1_7' title="bbox 326 3831 2297 4573">
     <span class='ocr_line' id='line_1_32' title="bbox 1214 3831 1418 3904; baseline 0.01 -2"><span class='ocrx_word' id='word_1_204' title='bbox 1214 3831 1418 3904; x_wconf 74' lang='lat'><strong>3582.</strong></span> 
     </span>
     <span class='ocr_line' id='line_1_33' title="bbox 555 3968 2083 4056; baseline 0 -2"><span class='ocrx_word' id='word_1_205' title='bbox 555 3968 992 4054; x_wconf 73' lang='lat' dir='ltr'><strong>L’Eemss</strong></span> <span class='ocrx_word' id='word_1_206' title='bbox 1037 3986 1165 4053; x_wconf 81' lang='lat' dir='ltr'><strong>DE</strong></span> <span class='ocrx_word' id='word_1_207' title='bbox 1208 3986 1558 4055; x_wconf 71' lang='lat' dir='ltr'><strong>msmss</strong></span> <span class='ocrx_word' id='word_1_208' title='bbox 1601 3992 1666 4054; x_wconf 80' lang='lat' dir='ltr'>A</span> <span class='ocrx_word' id='word_1_209' title='bbox 1708 3986 2083 4056; x_wconf 75' lang='lat' dir='ltr'><strong>oALvm.</strong></span> 
     </span>
     <span class='ocr_line' id='line_1_34' title="bbox 516 4155 2293 4242; baseline -0.001 -17"><span class='ocrx_word' id='word_1_210' title='bbox 516 4156 1052 4225; x_wconf 70' lang='lat' dir='ltr'><strong>Gommmication</strong></span> <span class='ocrx_word' id='word_1_211' title='bbox 1100 4158 1190 4224; x_wconf 72' lang='lat' dir='ltr'><strong>du</strong></span> <span class='ocrx_word' id='word_1_212' title='bbox 1238 4158 1392 4226; x_wconf 61' lang='lat' dir='ltr'><strong>recit</strong></span> <span class='ocrx_word' id='word_1_213' title='bbox 1440 4159 1563 4242; x_wconf 75' lang='lat' dir='ltr'><strong>fait</strong></span> <span class='ocrx_word' id='word_1_214' title='bbox 1606 4180 1736 4242; x_wconf 80' lang='lat' dir='ltr'><strong>par</strong></span> <span class='ocrx_word' id='word_1_215' title='bbox 1775 4178 1931 4226; x_wconf 71' lang='lat' dir='ltr'><strong>cm</strong></span> <span class='ocrx_word' id='word_1_216' title='bbox 1968 4155 2293 4224; x_wconf 78' lang='lat' dir='ltr'><strong>de&#39;Mont-</strong></span> 
     </span>
     <span class='ocr_line' id='line_1_35' title="bbox 326 4243 2294 4330; baseline -0.001 -19"><span class='ocrx_word' id='word_1_217' title='bbox 326 4243 559 4330; x_wconf 65' lang='lat' dir='ltr'><strong>pezzi-er</strong></span> <span class='ocrx_word' id='word_1_218' title='bbox 617 4245 802 4311; x_wconf 76' lang='lat' dir='ltr'><strong>d’mw</strong></span> <span class='ocrx_word' id='word_1_219' title='bbox 878 4245 1203 4330; x_wconf 73' lang='lat' dir='ltr'><strong>sanylante</strong></span> <span class='ocrx_word' id='word_1_220' title='bbox 1278 4244 1741 4330; x_wconf 65' lang='lat' dir='ltr'><strong>eohauffourrbo</strong></span> <span class='ocrx_word' id='word_1_221' title='bbox 1815 4244 2065 4311; x_wconf 60' lang='lat' dir='ltr'><strong>arrives</strong></span> <span class='ocrx_word' id='word_1_222' title='bbox 2127 4244 2294 4310; x_wconf 68' lang='lat' dir='ltr'><strong>dans</strong></span> 
     </span>
     <span class='ocr_line' id='line_1_36' title="bbox 336 4329 756 4416; baseline 0.012 -21"><span class='ocrx_word' id='word_1_223' title='bbox 336 4331 478 4396; x_wconf 72' lang='lat' dir='ltr'><strong>leur</strong></span> <span class='ocrx_word' id='word_1_224' title='bbox 513 4329 678 4398; x_wconf 72' lang='lat' dir='ltr'><strong>ville.</strong></span> <span class='ocrx_word' id='word_1_225' title='bbox 703 4329 756 4416; x_wconf 84' lang='grc' dir='ltr'><strong>ι)</strong></span> 
     </span>
     <span class='ocr_line' id='line_1_37' title="bbox 344 4500 2297 4573; baseline 0.002 -17"><span class='ocrx_word' id='word_1_226' title='bbox 344 4501 731 4573; x_wconf 75' lang='lat' dir='ltr'><strong>(Autcgrsphc</strong></span> <span class='ocrx_word' id='word_1_227' title='bbox 766 4501 836 4556; x_wconf 79' lang='lat' dir='ltr'><strong>de</strong></span> <span class='ocrx_word' id='word_1_228' title='bbox 871 4502 927 4556; x_wconf 78' lang='grc'><strong>18</strong></span> <span class='ocrx_word' id='word_1_229' title='bbox 959 4500 1340 4572; x_wconf 75' lang='lat' dir='ltr'><strong>Bibliotheque</strong></span> <span class='ocrx_word' id='word_1_230' title='bbox 1374 4502 1444 4558; x_wconf 85' lang='lat' dir='ltr'><strong>de</strong></span> <span class='ocrx_word' id='word_1_231' title='bbox 1474 4502 1690 4559; x_wconf 79' lang='lat' dir='ltr'><strong>Gen&#39;cve</strong></span> <span class='ocrx_word' id='word_1_232' title='bbox 1725 4503 1840 4560; x_wconf 76' lang='lat' dir='ltr'><strong>MS.</strong></span> <span class='ocrx_word' id='word_1_233' title='bbox 1876 4500 1996 4570; x_wconf 80' lang='grc'><strong>196,</strong></span> <span class='ocrx_word' id='word_1_234' title='bbox 2029 4502 2121 4557; x_wconf 77' lang='lat' dir='ltr'><strong>fol.</strong></span> <span class='ocrx_word' id='word_1_235' title='bbox 2148 4500 2297 4570; x_wconf 76' lang='lat'><strong>209.)</strong></span> 
     </span>
    </p>
   </div>
   <div class='ocr_carea' id='block_1_6' title="bbox 513 4673 2119 4829">
    <p class='ocr_par' dir='ltr' id='par_1_8' title="bbox 513 4673 2119 4829">
     <span class='ocr_line' id='line_1_38' title="bbox 513 4673 1259 4743; baseline 0.001 -3"><span class='ocrx_word' id='word_1_236' title='bbox 513 4678 578 4740; x_wconf 80' lang='lat' dir='ltr'>A</span> <span class='ocrx_word' id='word_1_237' title='bbox 621 4673 962 4741; x_wconf 81' lang='lat' dir='ltr'><strong>Monsieur</strong></span> <span class='ocrx_word' id='word_1_238' title='bbox 1002 4674 1259 4743; x_wconf 85' lang='lat' dir='ltr'><strong>Oalvin.</strong></span> 
     </span>
     <span class='ocr_line' id='line_1_39' title="bbox 1716 4760 2119 4829; baseline -0.002 -1"><span class='ocrx_word' id='word_1_239' title='bbox 1716 4762 1783 4828; x_wconf 78' lang='lat' dir='ltr'>A</span> <span class='ocrx_word' id='word_1_240' title='bbox 1826 4760 2119 4829; x_wconf 77' lang='lat' dir='ltr'><strong>Genevc.</strong></span> 
     </span>
    </p>
   </div>
   <div class='ocr_carea' id='block_1_7' title="bbox 337 4931 2291 5107">
    <p class='ocr_par' dir='ltr' id='par_1_9' title="bbox 337 4931 2291 5107">
     <span class='ocr_line' id='line_1_40' title="bbox 337 4931 2291 5019; baseline 0.001 -18"><span class='ocrx_word' id='word_1_241' title='bbox 337 4932 630 5001; x_wconf 83' lang='lat' dir='ltr'><strong>Listoire</strong></span> <span class='ocrx_word' id='word_1_242' title='bbox 682 4933 766 5000; x_wconf 92' lang='lat' dir='ltr'><strong>de</strong></span> <span class='ocrx_word' id='word_1_243' title='bbox 816 4933 1255 5019; x_wconf 84' lang='lat' dir='ltr'><strong>lentreprinse</strong></span> <span class='ocrx_word' id='word_1_244' title='bbox 1321 4936 1518 5003; x_wconf 82' lang='lat' dir='ltr'><strong>faicte</strong></span> <span class='ocrx_word' id='word_1_245' title='bbox 1583 4941 1813 5004; x_wconf 87' lang='lat' dir='ltr'><strong>contre</strong></span> <span class='ocrx_word' id='word_1_246' title='bbox 1874 4931 1974 4999; x_wconf 90' lang='lat' dir='ltr'><strong>les</strong></span> <span class='ocrx_word' id='word_1_247' title='bbox 2038 4933 2291 5002; x_wconf 87' lang='lat' dir='ltr'><strong>fidelles</strong></span> 
     </span>
     <span class='ocr_line' id='line_1_41' title="bbox 340 5018 2291 5107; baseline 0.001 -22"><span class='ocrx_word' id='word_1_248' title='bbox 340 5018 427 5085; x_wconf 88' lang='lat' dir='ltr'><strong>de</strong></span> <span class='ocrx_word' id='word_1_249' title='bbox 479 5018 551 5086; x_wconf 97' lang='grc'><strong>18</strong></span> <span class='ocrx_word' id='word_1_250' title='bbox 604 5018 764 5088; x_wconf 88' lang='lat' dir='ltr'><strong>ville</strong></span> <span class='ocrx_word' id='word_1_251' title='bbox 817 5019 900 5087; x_wconf 89' lang='lat' dir='ltr'><strong>de</strong></span> <span class='ocrx_word' id='word_1_252' title='bbox 941 5020 1364 5106; x_wconf 82' lang='lat' dir='ltr'><strong>Montpellier</strong></span> <span class='ocrx_word' id='word_1_253' title='bbox 1427 5042 1551 5107; x_wconf 88' lang='lat' dir='ltr'><strong>par</strong></span> <span class='ocrx_word' id='word_1_254' title='bbox 1612 5021 1711 5089; x_wconf 89' lang='lat' dir='ltr'><strong>les</strong></span> <span class='ocrx_word' id='word_1_255' title='bbox 1774 5019 2123 5088; x_wconf 78' lang='lat' dir='ltr'><strong>moechans</strong></span> <span class='ocrx_word' id='word_1_256' title='bbox 2178 5020 2291 5087; x_wconf 88' lang='grc'><strong>(18-</strong></span> 
     </span>
    </p>
   </div>
   <div class='ocr_carea' id='block_1_8' title="bbox 347 5141 743 5152">
    <p class='ocr_par' dir='ltr' id='par_1_10' title="bbox 347 5141 743 5152">
     <span class='ocr_line' id='line_1_42' title="bbox 347 5141 743 5152; baseline 0 0"><span class='ocrx_word' id='word_1_257' title='bbox 347 5141 743 5152; x_wconf 95' lang='lat' dir='ltr'><strong> </strong></span> 
     </span>
    </p>
   </div>
   <div class='ocr_carea' id='block_1_9' title="bbox 339 5206 2294 5418">
    <p class='ocr_par' dir='ltr' id='par_1_11' title="bbox 339 5206 2294 5418">
     <span class='ocr_line' id='line_1_43' title="bbox 340 5206 1916 5293; baseline 0.001 -29"><span class='ocrx_word' id='word_1_258' title='bbox 340 5206 1640 5293; x_wconf 46' lang='lat' dir='ltr'><strong>assium—Dammasssme.</strong></span> <span class='ocrx_word' id='word_1_259' title='bbox 1903 5279 1916 5293; x_wconf 90' lang='lat'><strong>.</strong></span> 
     </span>
     <span class='ocr_line' id='line_1_44' title="bbox 339 5275 2294 5418; baseline 0.003 -17"><span class='ocrx_word' id='word_1_260' title='bbox 339 5275 1510 5418; x_wconf 49' lang='lat' dir='ltr'><strong>fflmhtffffimffltm.</strong></span> <span class='ocrx_word' id='word_1_261' title='bbox 1540 5284 1729 5405; x_wconf 68' lang='grc' dir='ltr'><strong>1οέἔέ</strong></span> <span class='ocrx_word' id='word_1_262' title='bbox 1758 5292 2014 5405; x_wconf 56' lang='lat' dir='ltr'><em>w</em></span> <span class='ocrx_word' id='word_1_263' title='bbox 2058 5292 2133 5335; x_wconf 77' lang='lat'><strong>¹⁶⁸</strong></span> <span class='ocrx_word' id='word_1_264' title='bbox 2166 5281 2294 5335; x_wconf 54' lang='grc' dir='ltr'><strong>’ω’</strong></span> 
     </span>
    </p>
   </div>
   <div class='ocr_carea' id='block_1_10' title="bbox 2335 596 2355 5375">
    <p class='ocr_par' dir='ltr' id='par_1_12' title="bbox 2335 596 2355 5375">
     <span class='ocr_line' id='line_1_45' title="bbox 2335 596 2355 5375; baseline 0 0"><span class='ocrx_word' id='word_1_265' title='bbox 2335 596 2355 5375; x_wconf 95' lang='lat' dir='ltr'><strong> </strong></span> 
     </span>
    </p>
   </div>
   <div class='ocr_carea' id='block_1_11' title="bbox 2060 401 4336 470">
    <p class='ocr_par' dir='ltr' id='par_1_13' title="bbox 2060 401 4336 470">
     <span class='ocr_line' id='line_1_46' title="bbox 2060 401 4336 470; baseline 0.005 -4"><span class='ocrx_word' id='word_1_266' title='bbox 2060 406 2218 468; x_wconf 82' lang='grc'><strong>1561</strong></span> <span class='ocrx_word' id='word_1_267' title='bbox 2268 401 2600 470; x_wconf 72' lang='grc' dir='ltr'><strong>ΟΟΤΟΒ.</strong></span> <span class='ocrx_word' id='word_1_268' title='bbox 4247 404 4336 467; x_wconf 73' lang='grc'><strong>70</strong></span> 
     </span>
    </p>
   </div>
   <div class='ocr_carea' id='block_1_12' title="bbox 2382 590 4340 829">
    <p class='ocr_par' dir='ltr' id='par_1_14' title="bbox 2382 590 4340 829">
     <span class='ocr_line' id='line_1_47' title="bbox 2382 590 4340 693; baseline 0 -34"><span class='ocrx_word' id='word_1_269' title='bbox 2382 593 2627 676; x_wconf 86' lang='lat' dir='ltr'><strong>scripte</strong></span> <span class='ocrx_word' id='word_1_270' title='bbox 2702 614 2824 677; x_wconf 86' lang='lat' dir='ltr'><strong>par</strong></span> <span class='ocrx_word' id='word_1_271' title='bbox 2898 591 3130 693; x_wconf 72' lang='lat' dir='ltr'><strong>lesdits</strong></span> <span class='ocrx_word' id='word_1_272' title='bbox 3202 590 3456 692; x_wconf 60' lang='lat' dir='ltr'><strong>iidelles</strong></span> <span class='ocrx_word' id='word_1_273' title='bbox 3516 610 3560 656; x_wconf 89' lang='lat' dir='ltr'><strong>a</strong></span> <span class='ocrx_word' id='word_1_274' title='bbox 3620 591 3876 677; x_wconf 87' lang='lat' dir='ltr'><strong>l’eglise</strong></span> <span class='ocrx_word' id='word_1_275' title='bbox 3935 591 4020 658; x_wconf 89' lang='lat' dir='ltr'><strong>de</strong></span> <span class='ocrx_word' id='word_1_276' title='bbox 4084 590 4340 660; x_wconf 68' lang='lat' dir='ltr'><strong>Hieme.</strong></span> 
     </span>
     <span class='ocr_line' id='line_1_48' title="bbox 2382 673 4335 829; baseline 0 -84"><span class='ocrx_word' id='word_1_277' title='bbox 2382 678 2737 745; x_wconf 78' lang='lat' dir='ltr'><strong>Ensemble</strong></span> <span class='ocrx_word' id='word_1_278' title='bbox 2782 678 2865 745; x_wconf 92' lang='lat' dir='ltr'><strong>de</strong></span> <span class='ocrx_word' id='word_1_279' title='bbox 2919 679 2989 746; x_wconf 89' lang='grc'><strong>18</strong></span> <span class='ocrx_word' id='word_1_280' title='bbox 3027 685 3521 829; x_wconf 56' lang='grc' dir='ltr'><strong>18818Ἳῦ8888</strong></span> <span class='ocrx_word' id='word_1_281' title='bbox 3562 684 3681 744; x_wconf 92' lang='grc'><strong>881</strong></span> <span class='ocrx_word' id='word_1_282' title='bbox 3719 698 3844 743; x_wconf 90' lang='grc'><strong>888</strong></span> <span class='ocrx_word' id='word_1_283' title='bbox 3901 673 3993 745; x_wconf 84' lang='grc'><strong>(18</strong></span> <span class='ocrx_word' id='word_1_284' title='bbox 4037 680 4139 743; x_wconf 74' lang='grc'><strong>22.</strong></span> <span class='ocrx_word' id='word_1_285' title='bbox 4184 675 4335 745; x_wconf 78' lang='lat' dir='ltr'><strong>oct.</strong></span> 
     </span>
    </p>
   </div>
   <div class='ocr_carea' id='block_1_13' title="bbox 2693 884 3069 952">
    <p class='ocr_par' dir='ltr' id='par_1_15' title="bbox 2693 884 3069 952">
     <span class='ocr_line' id='line_1_49' title="bbox 2693 884 3069 952; baseline -0.008 -1"><span class='ocrx_word' id='word_1_286' title='bbox 2693 884 3069 952; x_wconf 86' lang='lat' dir='ltr'><strong>Messieurs.</strong></span> 
     </span>
    </p>
   </div>
   <div class='ocr_carea' id='block_1_14' title="bbox 2386 1022 4350 5422">
    <p class='ocr_par' dir='ltr' id='par_1_16' title="bbox 2386 1022 4350 5422">
     <span class='ocr_line' id='line_1_50' title="bbox 2556 1022 4340 1111; baseline 0.002 -23"><span class='ocrx_word' id='word_1_287' title='bbox 2556 1022 2618 1088; x_wconf 90' lang='lat'><strong>11</strong></span> <span class='ocrx_word' id='word_1_288' title='bbox 2661 1044 2708 1107; x_wconf 83' lang='lat' dir='ltr'><strong>y</strong></span> <span class='ocrx_word' id='word_1_289' title='bbox 2751 1041 2792 1087; x_wconf 87' lang='lat' dir='ltr'><strong>a</strong></span> <span class='ocrx_word' id='word_1_290' title='bbox 2833 1043 3134 1108; x_wconf 78' lang='lat' dir='ltr'><strong>envyron</strong></span> <span class='ocrx_word' id='word_1_291' title='bbox 3192 1022 3307 1089; x_wconf 82' lang='lat' dir='ltr'><strong>dix</strong></span> <span class='ocrx_word' id='word_1_292' title='bbox 3352 1029 3541 1111; x_wconf 85' lang='lat' dir='ltr'><strong>jours</strong></span> <span class='ocrx_word' id='word_1_293' title='bbox 3584 1046 3709 1110; x_wconf 90' lang='grc'><strong>888</strong></span> <span class='ocrx_word' id='word_1_294' title='bbox 3749 1048 3871 1093; x_wconf 87' lang='grc'><strong>888</strong></span> <span class='ocrx_word' id='word_1_295' title='bbox 3925 1027 4340 1094; x_wconf 67' lang='lat' dir='ltr'><strong>adversaires</strong></span> 
     </span>
     <span class='ocr_line' id='line_1_51' title="bbox 2387 1108 4340 1180; baseline 0.001 -5"><span class='ocrx_word' id='word_1_296' title='bbox 2387 1109 2676 1175; x_wconf 84' lang='lat' dir='ltr'><strong>advertis</strong></span> <span class='ocrx_word' id='word_1_297' title='bbox 2720 1108 2808 1175; x_wconf 92' lang='lat' dir='ltr'><strong>du</strong></span> <span class='ocrx_word' id='word_1_298' title='bbox 2853 1130 3178 1177; x_wconf 82' lang='lat' dir='ltr'><strong>massacre</strong></span> <span class='ocrx_word' id='word_1_299' title='bbox 3219 1110 3302 1177; x_wconf 89' lang='lat' dir='ltr'><strong>de</strong></span> <span class='ocrx_word' id='word_1_300' title='bbox 3336 1113 3604 1179; x_wconf 77' lang='lat' dir='ltr'><strong>Beziers</strong></span> <span class='ocrx_word' id='word_1_301' title='bbox 3646 1131 3721 1178; x_wconf 91' lang='lat' dir='ltr'><strong>se</strong></span> <span class='ocrx_word' id='word_1_302' title='bbox 3761 1113 4009 1178; x_wconf 89' lang='lat' dir='ltr'><strong>mirent</strong></span> <span class='ocrx_word' id='word_1_303' title='bbox 4048 1134 4134 1180; x_wconf 89' lang='grc'><strong>88</strong></span> <span class='ocrx_word' id='word_1_304' title='bbox 4179 1111 4340 1178; x_wconf 87' lang='lat' dir='ltr'><strong>deb-</strong></span> 
     </span>
     <span class='ocr_line' id='line_1_52' title="bbox 2386 1195 4341 1265; baseline 0.001 -4"><span class='ocrx_word' id='word_1_305' title='bbox 2386 1196 2537 1261; x_wconf 86' lang='lat' dir='ltr'><strong>voir</strong></span> <span class='ocrx_word' id='word_1_306' title='bbox 2579 1195 2661 1259; x_wconf 89' lang='lat' dir='ltr'><strong>de</strong></span> <span class='ocrx_word' id='word_1_307' title='bbox 2716 1215 2882 1262; x_wconf 90' lang='lat' dir='ltr'><strong>nous</strong></span> <span class='ocrx_word' id='word_1_308' title='bbox 2937 1216 3018 1260; x_wconf 92' lang='lat' dir='ltr'><strong>en</strong></span> <span class='ocrx_word' id='word_1_309' title='bbox 3077 1198 3243 1263; x_wconf 86' lang='lat' dir='ltr'><strong>faire</strong></span> <span class='ocrx_word' id='word_1_310' title='bbox 3294 1206 3528 1265; x_wconf 84' lang='lat' dir='ltr'><strong>autaut</strong></span> <span class='ocrx_word' id='word_1_311' title='bbox 3568 1205 3638 1265; x_wconf 89' lang='lat' dir='ltr'><strong>et</strong></span> <span class='ocrx_word' id='word_1_312' title='bbox 3681 1220 3721 1263; x_wconf 92' lang='lat' dir='ltr'><strong>a</strong></span> <span class='ocrx_word' id='word_1_313' title='bbox 3759 1219 3868 1265; x_wconf 88' lang='lat' dir='ltr'><strong>ces</strong></span> <span class='ocrx_word' id='word_1_314' title='bbox 3923 1200 4053 1265; x_wconf 87' lang='lat' dir='ltr'><strong>fins</strong></span> <span class='ocrx_word' id='word_1_315' title='bbox 4090 1199 4341 1265; x_wconf 87' lang='lat' dir='ltr'><strong>mirent</strong></span> 
     </span>
     <span class='ocr_line' id='line_1_53' title="bbox 2389 1282 4339 1370; baseline 0.002 -24"><span class='ocrx_word' id='word_1_316' title='bbox 2389 1283 2733 1366; x_wconf 87' lang='lat' dir='ltr'><strong>garnisons</strong></span> <span class='ocrx_word' id='word_1_317' title='bbox 2789 1291 2838 1346; x_wconf 81' lang='lat' dir='ltr'><strong>a&#39;</strong></span> <span class='ocrx_word' id='word_1_318' title='bbox 2884 1282 3031 1348; x_wconf 90' lang='lat' dir='ltr'><strong>leur</strong></span> <span class='ocrx_word' id='word_1_319' title='bbox 3084 1284 3436 1351; x_wconf 87' lang='lat' dir='ltr'><strong>forteresse</strong></span> <span class='ocrx_word' id='word_1_320' title='bbox 3492 1285 3746 1370; x_wconf 90' lang='lat' dir='ltr'><strong>appelle</strong></span> <span class='ocrx_word' id='word_1_321' title='bbox 3805 1284 3886 1351; x_wconf 90' lang='lat' dir='ltr'><strong>de</strong></span> <span class='ocrx_word' id='word_1_322' title='bbox 3945 1285 4046 1352; x_wconf 84' lang='lat' dir='ltr'><strong>St.</strong></span> <span class='ocrx_word' id='word_1_323' title='bbox 4102 1285 4339 1351; x_wconf 86' lang='lat' dir='ltr'><strong>Pierre</strong></span> 
     </span>
     <span class='ocr_line' id='line_1_54' title="bbox 2388 1370 4340 1447; baseline 0.007 -15"><span class='ocrx_word' id='word_1_324' title='bbox 2388 1389 2550 1434; x_wconf 89' lang='lat' dir='ltr'><strong>avec</strong></span> <span class='ocrx_word' id='word_1_325' title='bbox 2608 1387 2648 1431; x_wconf 92' lang='lat' dir='ltr'><strong>a</strong></span> <span class='ocrx_word' id='word_1_326' title='bbox 2704 1370 2878 1434; x_wconf 88' lang='lat' dir='ltr'><strong>force</strong></span> <span class='ocrx_word' id='word_1_327' title='bbox 2937 1390 3152 1435; x_wconf 89' lang='lat' dir='ltr'><strong>armes</strong></span> <span class='ocrx_word' id='word_1_328' title='bbox 3207 1374 3430 1440; x_wconf 83' lang='lat' dir='ltr'><strong>vivres</strong></span> <span class='ocrx_word' id='word_1_329' title='bbox 3487 1386 3556 1439; x_wconf 89' lang='lat' dir='ltr'><strong>et</strong></span> <span class='ocrx_word' id='word_1_330' title='bbox 3596 1373 3960 1442; x_wconf 88' lang='lat' dir='ltr'><strong>munitions</strong></span> <span class='ocrx_word' id='word_1_331' title='bbox 4014 1388 4081 1442; x_wconf 92' lang='lat' dir='ltr'><strong>et</strong></span> <span class='ocrx_word' id='word_1_332' title='bbox 4121 1399 4206 1444; x_wconf 92' lang='lat' dir='ltr'><strong>ne</strong></span> <span class='ocrx_word' id='word_1_333' title='bbox 4265 1402 4340 1447; x_wconf 90' lang='lat' dir='ltr'><strong>se</strong></span> 
     </span>
     <span class='ocr_line' id='line_1_55' title="bbox 2389 1453 4341 1554; baseline 0.009 -35"><span class='ocrx_word' id='word_1_334' title='bbox 2389 1462 2782 1520; x_wconf 80' lang='grc'><strong>8881881888</strong></span> <span class='ocrx_word' id='word_1_335' title='bbox 2825 1453 2906 1520; x_wconf 88' lang='grc'><strong>(18</strong></span> <span class='ocrx_word' id='word_1_336' title='bbox 2949 1457 3089 1522; x_wconf 85' lang='lat' dir='ltr'><strong>cela</strong></span> <span class='ocrx_word' id='word_1_337' title='bbox 3130 1461 3462 1542; x_wconf 80' lang='lat' dir='ltr'><strong>saysirent</strong></span> <span class='ocrx_word' id='word_1_338' title='bbox 3502 1461 3571 1526; x_wconf 92' lang='grc'><strong>18</strong></span> <span class='ocrx_word' id='word_1_339' title='bbox 3614 1470 3766 1530; x_wconf 88' lang='grc'><strong>1881</strong></span> <span class='ocrx_word' id='word_1_340' title='bbox 3805 1464 3952 1532; x_wconf 88' lang='grc'><strong>(1818</strong></span> <span class='ocrx_word' id='word_1_341' title='bbox 3992 1477 4180 1554; x_wconf 88' lang='grc'><strong>88118</strong></span> <span class='ocrx_word' id='word_1_342' title='bbox 4224 1469 4341 1537; x_wconf 85' lang='grc'><strong>(188</strong></span> 
     </span>
     <span class='ocr_line' id='line_1_56' title="bbox 2390 1541 4343 1712; baseline 0.01 -22"><span class='ocrx_word' id='word_1_343' title='bbox 2390 1560 2667 1692; x_wconf 55' lang='grc' dir='ltr'><strong>ἵζᾞῗίἒ</strong></span> <span class='ocrx_word' id='word_1_344' title='bbox 2686 1542 2942 1712; x_wconf 57' lang='grc' dir='ltr'><strong>ᾞὶἕ</strong></span> <span class='ocrx_word' id='word_1_345' title='bbox 2982 1541 3239 1712; x_wconf 59' lang='grc' dir='ltr'><strong>ξ’..ἷῗέ</strong></span> <span class='ocrx_word' id='word_1_346' title='bbox 3281 1546 3979 1706; x_wconf 55' lang='grc' dir='ltr'><strong>ἷῗιξθῗῑὲἒίξῖἰθξοὲἷ</strong></span> <span class='ocrx_word' id='word_1_347' title='bbox 4021 1555 4235 1708; x_wconf 56' lang='lat' dir='ltr'><strong>{ffi-</strong></span> <span class='ocrx_word' id='word_1_348' title='bbox 4258 1556 4343 1709; x_wconf 64' lang='lat'><strong>‘22</strong></span> 
     </span>
     <span class='ocr_line' id='line_1_57' title="bbox 2391 1713 4342 1796; baseline 0.009 -18"><span class='ocrx_word' id='word_1_349' title='bbox 2391 1713 2556 1778; x_wconf 89' lang='lat' dir='ltr'><strong>faire</strong></span> <span class='ocrx_word' id='word_1_350' title='bbox 2621 1719 2768 1778; x_wconf 90' lang='lat' dir='ltr'><strong>tout</strong></span> <span class='ocrx_word' id='word_1_351' title='bbox 2820 1735 2893 1780; x_wconf 92' lang='lat' dir='ltr'><strong>ce</strong></span> <span class='ocrx_word' id='word_1_352' title='bbox 2988 1736 3072 1780; x_wconf 90' lang='grc'><strong>88</strong></span> <span class='ocrx_word' id='word_1_353' title='bbox 3127 1716 3257 1782; x_wconf 86' lang='lat' dir='ltr'><strong>bon</strong></span> <span class='ocrx_word' id='word_1_354' title='bbox 3322 1716 3467 1785; x_wconf 87' lang='lat' dir='ltr'><strong>leur</strong></span> <span class='ocrx_word' id='word_1_355' title='bbox 3523 1722 3850 1789; x_wconf 90' lang='lat' dir='ltr'><strong>sembloit.</strong></span> <span class='ocrx_word' id='word_1_356' title='bbox 3936 1726 4165 1796; x_wconf 86' lang='lat' dir='ltr'><strong>Joinct</strong></span> <span class='ocrx_word' id='word_1_357' title='bbox 4259 1750 4342 1795; x_wconf 92' lang='lat' dir='ltr'><strong>ue</strong></span> 
     </span>
     <span class='ocr_line' id='line_1_58' title="bbox 2393 1799 4344 1895; baseline 0.009 -31"><span class='ocrx_word' id='word_1_358' title='bbox 2393 1807 2574 1865; x_wconf 88' lang='lat' dir='ltr'><strong>toute</strong></span> <span class='ocrx_word' id='word_1_359' title='bbox 2628 1799 2695 1863; x_wconf 93' lang='grc'><strong>18</strong></span> <span class='ocrx_word' id='word_1_360' title='bbox 2757 1821 2878 1864; x_wconf 88' lang='grc'><strong>188</strong></span> <span class='ocrx_word' id='word_1_361' title='bbox 2987 1804 3204 1885; x_wconf 86' lang='grc'><strong>888818</strong></span> <span class='ocrx_word' id='word_1_362' title='bbox 3258 1803 3323 1869; x_wconf 90' lang='grc'><strong>18</strong></span> <span class='ocrx_word' id='word_1_363' title='bbox 3385 1806 3630 1890; x_wconf 89' lang='lat' dir='ltr'><strong>temple</strong></span> <span class='ocrx_word' id='word_1_364' title='bbox 3684 1810 3960 1895; x_wconf 84' lang='lat' dir='ltr'><strong>jusques</strong></span> <span class='ocrx_word' id='word_1_365' title='bbox 4003 1833 4043 1878; x_wconf 90' lang='lat' dir='ltr'><strong>a</strong></span> <span class='ocrx_word' id='word_1_366' title='bbox 4098 1814 4164 1881; x_wconf 89' lang='lat' dir='ltr'><strong>la</strong></span> <span class='ocrx_word' id='word_1_367' title='bbox 4256 1815 4344 1881; x_wconf 86' lang='lat' dir='ltr'><strong>‘te</strong></span> 
     </span>
     <span class='ocr_line' id='line_1_59' title="bbox 2391 1886 4349 1971; baseline 0.01 -22"><span class='ocrx_word' id='word_1_368' title='bbox 2391 1894 2583 1969; x_wconf 91' lang='lat' dir='ltr'><strong>porte</strong></span> <span class='ocrx_word' id='word_1_369' title='bbox 2638 1886 2921 1952; x_wconf 86' lang='lat' dir='ltr'><strong>estoient</strong></span> <span class='ocrx_word' id='word_1_370' title='bbox 2972 1888 3260 1971; x_wconf 89' lang='lat' dir='ltr'><strong>papistes</strong></span> <span class='ocrx_word' id='word_1_371' title='bbox 3313 1898 3381 1956; x_wconf 92' lang='lat' dir='ltr'><strong>et</strong></span> <span class='ocrx_word' id='word_1_372' title='bbox 3438 1892 3517 1957; x_wconf 92' lang='lat' dir='ltr'><strong>de</strong></span> <span class='ocrx_word' id='word_1_373' title='bbox 3571 1893 3717 1960; x_wconf 89' lang='lat' dir='ltr'><strong>leur</strong></span> <span class='ocrx_word' id='word_1_374' title='bbox 3770 1897 4119 1967; x_wconf 84' lang='lat' dir='ltr'><strong>forteresse</strong></span> <span class='ocrx_word' id='word_1_375' title='bbox 4160 1922 4349 1968; x_wconf 89' lang='lat' dir='ltr'><strong>mon-</strong></span> 
     </span>
     <span class='ocr_line' id='line_1_60' title="bbox 2393 1972 4348 2065; baseline 0.009 -29"><span class='ocrx_word' id='word_1_376' title='bbox 2393 1972 2608 2037; x_wconf 91' lang='lat' dir='ltr'><strong>toient</strong></span> <span class='ocrx_word' id='word_1_377' title='bbox 2663 1974 2840 2038; x_wconf 88' lang='lat' dir='ltr'><strong>aussi</strong></span> <span class='ocrx_word' id='word_1_378' title='bbox 2896 1992 3012 2037; x_wconf 91' lang='lat' dir='ltr'><strong>sur</strong></span> <span class='ocrx_word' id='word_1_379' title='bbox 3063 1973 3159 2040; x_wconf 87' lang='lat' dir='ltr'><strong>les</strong></span> <span class='ocrx_word' id='word_1_380' title='bbox 3201 1977 3559 2045; x_wconf 85' lang='lat' dir='ltr'><strong>murailhes</strong></span> <span class='ocrx_word' id='word_1_381' title='bbox 3615 1979 3695 2046; x_wconf 92' lang='lat' dir='ltr'><strong>de</strong></span> <span class='ocrx_word' id='word_1_382' title='bbox 3752 1981 3815 2047; x_wconf 89' lang='lat' dir='ltr'><strong>la</strong></span> <span class='ocrx_word' id='word_1_383' title='bbox 3858 1984 4034 2065; x_wconf 90' lang='lat' dir='ltr'><strong>ville,</strong></span> <span class='ocrx_word' id='word_1_384' title='bbox 4094 1985 4348 2053; x_wconf 90' lang='lat' dir='ltr'><strong>davan-</strong></span> 
     </span>
     <span class='ocr_line' id='line_1_61' title="bbox 2392 2058 4347 2151; baseline 0.008 -28"><span class='ocrx_word' id='word_1_385' title='bbox 2392 2059 2570 2143; x_wconf 87' lang='lat' dir='ltr'><strong>taige</strong></span> <span class='ocrx_word' id='word_1_386' title='bbox 2610 2058 2695 2123; x_wconf 92' lang='grc'><strong>118</strong></span> <span class='ocrx_word' id='word_1_387' title='bbox 2731 2079 2802 2124; x_wconf 90' lang='grc'><strong>88</strong></span> <span class='ocrx_word' id='word_1_388' title='bbox 2845 2061 3130 2125; x_wconf 90' lang='grc'><strong>88181881</strong></span> <span class='ocrx_word' id='word_1_389' title='bbox 3172 2064 3383 2148; x_wconf 80' lang='lat' dir='ltr'><strong>saysis</strong></span> <span class='ocrx_word' id='word_1_390' title='bbox 3404 2063 3487 2130; x_wconf 94' lang='lat' dir='ltr'><strong>de</strong></span> <span class='ocrx_word' id='word_1_391' title='bbox 3510 2065 3686 2131; x_wconf 83' lang='lat' dir='ltr'><strong>deux</strong></span> <span class='ocrx_word' id='word_1_392' title='bbox 3726 2069 3941 2151; x_wconf 89' lang='lat' dir='ltr'><strong>pieces</strong></span> <span class='ocrx_word' id='word_1_393' title='bbox 3985 2070 4347 2139; x_wconf 90' lang='lat' dir='ltr'><strong>dartillerie</strong></span> 
     </span>
     <span class='ocr_line' id='line_1_62' title="bbox 2391 2143 4346 2236; baseline 0.008 -27"><span class='ocrx_word' id='word_1_394' title='bbox 2391 2164 2521 2227; x_wconf 88' lang='grc'><strong>888</strong></span> <span class='ocrx_word' id='word_1_395' title='bbox 2563 2143 2632 2210; x_wconf 87' lang='grc'><strong>18</strong></span> <span class='ocrx_word' id='word_1_396' title='bbox 2673 2144 2831 2209; x_wconf 89' lang='lat' dir='ltr'><strong>ville</strong></span> <span class='ocrx_word' id='word_1_397' title='bbox 2873 2145 3053 2211; x_wconf 82' lang='lat' dir='ltr'><strong>avait</strong></span> <span class='ocrx_word' id='word_1_398' title='bbox 3093 2150 3221 2213; x_wconf 91' lang='lat' dir='ltr'><strong>mis</strong></span> <span class='ocrx_word' id='word_1_399' title='bbox 3264 2148 3429 2214; x_wconf 90' lang='lat' dir='ltr'><strong>dans</strong></span> <span class='ocrx_word' id='word_1_400' title='bbox 3471 2150 3539 2236; x_wconf 85' lang='lat' dir='ltr'><strong>la</strong></span> <span class='ocrx_word' id='word_1_401' title='bbox 3577 2152 3834 2219; x_wconf 90' lang='lat' dir='ltr'><strong>maison</strong></span> <span class='ocrx_word' id='word_1_402' title='bbox 3878 2154 3960 2221; x_wconf 97' lang='grc'><strong>(18</strong></span> <span class='ocrx_word' id='word_1_403' title='bbox 3982 2157 4234 2224; x_wconf 85' lang='grc' dir='ltr'><strong>Μ8881.</strong></span> <span class='ocrx_word' id='word_1_404' title='bbox 4281 2158 4346 2224; x_wconf 90' lang='grc'><strong>18</strong></span> 
     </span>
     <span class='ocr_line' id='line_1_63' title="bbox 2393 2230 4347 2315; baseline 0.007 -19"><span class='ocrx_word' id='word_1_405' title='bbox 2393 2250 2829 2315; x_wconf 86' lang='lat' dir='ltr'><strong>gouverneur‚</strong></span> <span class='ocrx_word' id='word_1_406' title='bbox 2895 2230 3240 2314; x_wconf 87' lang='lat' dir='ltr'><strong>lesquelles</strong></span> <span class='ocrx_word' id='word_1_407' title='bbox 3291 2237 3536 2301; x_wconf 90' lang='lat' dir='ltr'><strong>mirent</strong></span> <span class='ocrx_word' id='word_1_408' title='bbox 3598 2258 3684 2303; x_wconf 91' lang='lat' dir='ltr'><strong>au</strong></span> <span class='ocrx_word' id='word_1_409' title='bbox 3750 2239 3943 2306; x_wconf 90' lang='lat' dir='ltr'><strong>hault</strong></span> <span class='ocrx_word' id='word_1_410' title='bbox 4004 2243 4196 2311; x_wconf 87' lang='lat' dir='ltr'><strong>d’une</strong></span> <span class='ocrx_word' id='word_1_411' title='bbox 4262 2243 4347 2310; x_wconf 92' lang='lat' dir='ltr'><strong>de</strong></span> 
     </span>
     <span class='ocr_line' id='line_1_64' title="bbox 2393 2315 4345 2402; baseline 0.008 -21"><span class='ocrx_word' id='word_1_412' title='bbox 2393 2315 2575 2382; x_wconf 90' lang='lat' dir='ltr'><strong>leurs</strong></span> <span class='ocrx_word' id='word_1_413' title='bbox 2618 2326 2803 2382; x_wconf 89' lang='lat' dir='ltr'><strong>tours</strong></span> <span class='ocrx_word' id='word_1_414' title='bbox 2843 2318 3162 2402; x_wconf 88' lang='lat' dir='ltr'><strong>braquees</strong></span> <span class='ocrx_word' id='word_1_415' title='bbox 3205 2329 3431 2386; x_wconf 85' lang='lat' dir='ltr'><strong>contre</strong></span> <span class='ocrx_word' id='word_1_416' title='bbox 3474 2323 3541 2389; x_wconf 91' lang='lat' dir='ltr'><strong>la</strong></span> <span class='ocrx_word' id='word_1_417' title='bbox 3584 2324 3755 2391; x_wconf 89' lang='lat' dir='ltr'><strong>ville.</strong></span> <span class='ocrx_word' id='word_1_418' title='bbox 3836 2325 3915 2392; x_wconf 79' lang='lat' dir='ltr'><strong>Si</strong></span> <span class='ocrx_word' id='word_1_419' title='bbox 3956 2349 4121 2395; x_wconf 90' lang='lat' dir='ltr'><strong>nous</strong></span> <span class='ocrx_word' id='word_1_420' title='bbox 4163 2330 4345 2396; x_wconf 84' lang='lat' dir='ltr'><strong>feus-</strong></span> 
     </span>
     <span class='ocr_line' id='line_1_65' title="bbox 2395 2401 4344 2501; baseline 0.007 -32"><span class='ocrx_word' id='word_1_421' title='bbox 2395 2423 2535 2469; x_wconf 91' lang='lat' dir='ltr'><strong>mes</strong></span> <span class='ocrx_word' id='word_1_422' title='bbox 2591 2401 2723 2469; x_wconf 90' lang='grc'><strong>1818</strong></span> <span class='ocrx_word' id='word_1_423' title='bbox 2776 2424 2862 2468; x_wconf 89' lang='grc'><strong>88</strong></span> <span class='ocrx_word' id='word_1_424' title='bbox 2918 2404 3170 2471; x_wconf 87' lang='grc'><strong>8181818</strong></span> <span class='ocrx_word' id='word_1_425' title='bbox 3212 2428 3376 2472; x_wconf 84' lang='lat' dir='ltr'><strong>vouz</strong></span> <span class='ocrx_word' id='word_1_426' title='bbox 3440 2408 3505 2474; x_wconf 92' lang='lat' dir='ltr'><strong>le</strong></span> <span class='ocrx_word' id='word_1_427' title='bbox 3548 2430 3796 2494; x_wconf 90' lang='lat' dir='ltr'><strong>pouves</strong></span> <span class='ocrx_word' id='word_1_428' title='bbox 3850 2433 4110 2497; x_wconf 90' lang='lat' dir='ltr'><strong>penser,</strong></span> <span class='ocrx_word' id='word_1_429' title='bbox 4168 2416 4344 2501; x_wconf 82' lang='lat' dir='ltr'><strong>joint</strong></span> 
     </span>
     <span class='ocr_line' id='line_1_66' title="bbox 2393 2489 4344 2588; baseline 0.007 -34"><span class='ocrx_word' id='word_1_430' title='bbox 2393 2510 2521 2573; x_wconf 89' lang='lat' dir='ltr'><strong>que</strong></span> <span class='ocrx_word' id='word_1_431' title='bbox 2553 2489 2749 2588; x_wconf 41' lang='grc'><strong>,88181</strong></span> <span class='ocrx_word' id='word_1_432' title='bbox 2800 2499 2868 2554; x_wconf 91' lang='grc'><strong>81</strong></span> <span class='ocrx_word' id='word_1_433' title='bbox 2915 2493 3071 2575; x_wconf 87' lang='lat' dir='ltr'><strong>jour</strong></span> <span class='ocrx_word' id='word_1_434' title='bbox 3113 2492 3416 2558; x_wconf 89' lang='lat' dir='ltr'><strong>sembloit</strong></span> <span class='ocrx_word' id='word_1_435' title='bbox 3457 2515 3585 2579; x_wconf 89' lang='grc'><strong>888</strong></span> <span class='ocrx_word' id='word_1_436' title='bbox 3628 2496 3690 2561; x_wconf 90' lang='grc'><strong>18</strong></span> <span class='ocrx_word' id='word_1_437' title='bbox 3746 2499 4002 2565; x_wconf 86' lang='lat' dir='ltr'><strong>fouldre</strong></span> <span class='ocrx_word' id='word_1_438' title='bbox 4043 2501 4218 2567; x_wconf 87' lang='lat' dir='ltr'><strong>feust</strong></span> <span class='ocrx_word' id='word_1_439' title='bbox 4257 2523 4344 2569; x_wconf 88' lang='lat' dir='ltr'><strong>en</strong></span> 
     </span>
     <span class='ocr_line' id='line_1_67' title="bbox 2394 2574 4345 2667; baseline 0.008 -28"><span class='ocrx_word' id='word_1_440' title='bbox 2394 2575 2462 2641; x_wconf 88' lang='grc'><strong>18</strong></span> <span class='ocrx_word' id='word_1_441' title='bbox 2504 2574 2681 2655; x_wconf 77' lang='lat' dir='ltr'><strong>ville,</strong></span> <span class='ocrx_word' id='word_1_442' title='bbox 2724 2576 2840 2641; x_wconf 90' lang='lat' dir='ltr'><strong>des</strong></span> <span class='ocrx_word' id='word_1_443' title='bbox 2881 2595 3081 2660; x_wconf 88' lang='lat' dir='ltr'><strong>coups</strong></span> <span class='ocrx_word' id='word_1_444' title='bbox 3117 2578 3199 2644; x_wconf 93' lang='lat' dir='ltr'><strong>de</strong></span> <span class='ocrx_word' id='word_1_445' title='bbox 3241 2600 3503 2661; x_wconf 88' lang='grc'><strong>888888,</strong></span> <span class='ocrx_word' id='word_1_446' title='bbox 3549 2585 3985 2667; x_wconf 90' lang='lat' dir='ltr'><strong>arquebouses</strong></span> <span class='ocrx_word' id='word_1_447' title='bbox 4019 2595 4088 2652; x_wconf 90' lang='grc'><strong>81</strong></span> <span class='ocrx_word' id='word_1_448' title='bbox 4121 2595 4345 2654; x_wconf 85' lang='lat' dir='ltr'><strong>autres</strong></span> 
     </span>
     <span class='ocr_line' id='line_1_68' title="bbox 2392 2662 4348 2747; baseline 0.009 -23"><span class='ocrx_word' id='word_1_449' title='bbox 2392 2663 2609 2745; x_wconf 85' lang='lat' dir='ltr'><strong>pisces</strong></span> <span class='ocrx_word' id='word_1_450' title='bbox 2645 2683 2687 2727; x_wconf 88' lang='lat' dir='ltr'><strong>a</strong></span> <span class='ocrx_word' id='word_1_451' title='bbox 2720 2662 2831 2727; x_wconf 84' lang='lat' dir='ltr'><strong>feu</strong></span> <span class='ocrx_word' id='word_1_452' title='bbox 2873 2664 3042 2747; x_wconf 90' lang='lat' dir='ltr'><strong>quils</strong></span> <span class='ocrx_word' id='word_1_453' title='bbox 3083 2664 3411 2732; x_wconf 88' lang='lat' dir='ltr'><strong>lachoient</strong></span> <span class='ocrx_word' id='word_1_454' title='bbox 3454 2674 3524 2733; x_wconf 92' lang='lat' dir='ltr'><strong>et</strong></span> <span class='ocrx_word' id='word_1_455' title='bbox 3565 2668 3816 2737; x_wconf 85' lang='lat' dir='ltr'><strong>aultres</strong></span> <span class='ocrx_word' id='word_1_456' title='bbox 3859 2669 3940 2738; x_wconf 89' lang='lat' dir='ltr'><strong>de</strong></span> <span class='ocrx_word' id='word_1_457' title='bbox 3981 2672 4129 2738; x_wconf 89' lang='lat' dir='ltr'><strong>leur</strong></span> <span class='ocrx_word' id='word_1_458' title='bbox 4169 2681 4348 2742; x_wconf 89' lang='grc'><strong>88818</strong></span> 
     </span>
     <span class='ocr_line' id='line_1_69' title="bbox 2394 2746 4349 2838; baseline 0.006 -25"><span class='ocrx_word' id='word_1_459' title='bbox 2394 2746 2513 2814; x_wconf 86' lang='grc'><strong>(188</strong></span> <span class='ocrx_word' id='word_1_460' title='bbox 2566 2755 2789 2814; x_wconf 89' lang='lat' dir='ltr'><strong>autres</strong></span> <span class='ocrx_word' id='word_1_461' title='bbox 2848 2750 3125 2833; x_wconf 90' lang='lat' dir='ltr'><strong>temples</strong></span> <span class='ocrx_word' id='word_1_462' title='bbox 3167 2753 3572 2838; x_wconf 89' lang='lat' dir='ltr'><strong>respondans</strong></span> <span class='ocrx_word' id='word_1_463' title='bbox 3626 2755 3696 2821; x_wconf 90' lang='lat' dir='ltr'><strong>lu</strong></span> <span class='ocrx_word' id='word_1_464' title='bbox 3834 2777 3875 2823; x_wconf 88' lang='lat' dir='ltr'><strong>a</strong></span> <span class='ocrx_word' id='word_1_465' title='bbox 3916 2757 4157 2826; x_wconf 90' lang='lat' dir='ltr'><strong>laultre</strong></span> <span class='ocrx_word' id='word_1_466' title='bbox 4198 2768 4349 2827; x_wconf 88' lang='lat' dir='ltr'><strong>tant</strong></span> 
     </span>
     <span class='ocr_line' id='line_1_70' title="bbox 2394 2833 4349 2929; baseline 0.006 -29"><span class='ocrx_word' id='word_1_467' title='bbox 2394 2855 2563 2900; x_wconf 82' lang='lat' dir='ltr'><strong>ceux</strong></span> <span class='ocrx_word' id='word_1_468' title='bbox 2627 2833 2709 2900; x_wconf 92' lang='lat' dir='ltr'><strong>de</strong></span> <span class='ocrx_word' id='word_1_469' title='bbox 2773 2833 3019 2902; x_wconf 88' lang='lat' dir='ltr'><strong>dedans</strong></span> <span class='ocrx_word' id='word_1_470' title='bbox 3083 2859 3211 2921; x_wconf 93' lang='grc'><strong>888</strong></span> <span class='ocrx_word' id='word_1_471' title='bbox 3274 2839 3468 2905; x_wconf 82' lang='lat' dir='ltr'><strong>ceulx</strong></span> <span class='ocrx_word' id='word_1_472' title='bbox 3524 2840 3606 2907; x_wconf 93' lang='lat' dir='ltr'><strong>de</strong></span> <span class='ocrx_word' id='word_1_473' title='bbox 3670 2841 3752 2908; x_wconf 90' lang='lat' dir='ltr'><strong>de</strong></span> <span class='ocrx_word' id='word_1_474' title='bbox 3802 2863 3930 2924; x_wconf 87' lang='lat' dir='ltr'><strong>ors,</strong></span> <span class='ocrx_word' id='word_1_475' title='bbox 3995 2847 4108 2929; x_wconf 86' lang='lat' dir='ltr'><strong>qui</strong></span> <span class='ocrx_word' id='word_1_476' title='bbox 4169 2845 4349 2914; x_wconf 85' lang='lat' dir='ltr'><strong>feust</strong></span> 
     </span>
     <span class='ocr_line' id='line_1_71' title="bbox 2393 2917 4349 3093; baseline 0.007 -21"><span class='ocrx_word' id='word_1_477' title='bbox 2393 2917 2807 3074; x_wconf 56' lang='grc' dir='ltr'><strong>1ξὲἿὲζέ</strong></span> <span class='ocrx_word' id='word_1_478' title='bbox 2846 2942 3016 3075; x_wconf 66' lang='grc' dir='ltr'><strong>’ἐξέἓῗ</strong></span> <span class='ocrx_word' id='word_1_479' title='bbox 3050 2923 3427 3093; x_wconf 47' lang='grc' dir='ltr'><strong>’ἕῖἰζῖἒὲᾙ</strong></span> <span class='ocrx_word' id='word_1_480' title='bbox 3456 2929 4069 3085; x_wconf 50' lang='grc' dir='ltr'><strong>ἔὲωἳῳξῗὲἕᾱθῗ</strong></span> <span class='ocrx_word' id='word_1_481' title='bbox 4097 2952 4192 3083; x_wconf 68' lang='lat'><strong>3¹³</strong></span> <span class='ocrx_word' id='word_1_482' title='bbox 4228 2952 4349 3086; x_wconf 63' lang='lat'><strong>53⁸.</strong></span> 
     </span>
     <span class='ocr_line' id='line_1_72' title="bbox 2395 3065 4349 3181; baseline 0.007 -24"><span class='ocrx_word' id='word_1_483' title='bbox 2395 3092 2653 3159; x_wconf 88' lang='lat' dir='ltr'><strong>bailher</strong></span> <span class='ocrx_word' id='word_1_484' title='bbox 2694 3095 3010 3175; x_wconf 86' lang='lat' dir='ltr'><strong>cautious,</strong></span> <span class='ocrx_word' id='word_1_485' title='bbox 3046 3099 3322 3181; x_wconf 85' lang='lat' dir='ltr'><strong>jusques</strong></span> <span class='ocrx_word' id='word_1_486' title='bbox 3367 3120 3408 3165; x_wconf 89' lang='grc'><strong>8</strong></span> <span class='ocrx_word' id='word_1_487' title='bbox 3449 3098 3605 3166; x_wconf 88' lang='grc'><strong>18118</strong></span> <span class='ocrx_word' id='word_1_488' title='bbox 3648 3065 3900 3168; x_wconf 62' lang='lat' dir='ltr'><strong>somme</strong></span> <span class='ocrx_word' id='word_1_489' title='bbox 3989 3103 4117 3169; x_wconf 88' lang='grc'><strong>8118</strong></span> <span class='ocrx_word' id='word_1_490' title='bbox 4157 3103 4349 3171; x_wconf 89' lang='lat' dir='ltr'><strong>voul-</strong></span> 
     </span>
     <span class='ocr_line' id='line_1_73' title="bbox 2396 3180 4346 3276; baseline 0.007 -33"><span class='ocrx_word' id='word_1_491' title='bbox 2396 3180 2674 3259; x_wconf 87' lang='lat' dir='ltr'><strong>droient,</strong></span> <span class='ocrx_word' id='word_1_492' title='bbox 2718 3180 2856 3263; x_wconf 89' lang='lat' dir='ltr'><strong>quil</strong></span> <span class='ocrx_word' id='word_1_493' title='bbox 2897 3202 2982 3247; x_wconf 92' lang='lat' dir='ltr'><strong>ne</strong></span> <span class='ocrx_word' id='word_1_494' title='bbox 3025 3180 3169 3248; x_wconf 89' lang='lat' dir='ltr'><strong>leur</strong></span> <span class='ocrx_word' id='word_1_495' title='bbox 3226 3185 3431 3250; x_wconf 90' lang='lat' dir='ltr'><strong>seroit</strong></span> <span class='ocrx_word' id='word_1_496' title='bbox 3470 3185 3628 3253; x_wconf 82' lang='lat' dir='ltr'><strong>faict</strong></span> <span class='ocrx_word' id='word_1_497' title='bbox 3671 3187 3911 3254; x_wconf 89' lang='lat' dir='ltr'><strong>aulcun</strong></span> <span class='ocrx_word' id='word_1_498' title='bbox 4002 3192 4346 3276; x_wconf 88' lang='lat' dir='ltr'><strong>ommaige.</strong></span> 
     </span>
     <span class='ocr_line' id='line_1_74' title="bbox 2397 3263 4350 3359; baseline 0.006 -27"><span class='ocrx_word' id='word_1_499' title='bbox 2397 3263 2673 3332; x_wconf 87' lang='lat' dir='ltr'><strong>Oomme</strong></span> <span class='ocrx_word' id='word_1_500' title='bbox 2712 3267 2963 3332; x_wconf 86' lang='lat' dir='ltr'><strong>n’avoit</strong></span> <span class='ocrx_word' id='word_1_501' title='bbox 3002 3277 3140 3334; x_wconf 87' lang='lat' dir='ltr'><strong>este</strong></span> <span class='ocrx_word' id='word_1_502' title='bbox 3174 3268 3347 3353; x_wconf 89' lang='grc'><strong>88118</strong></span> <span class='ocrx_word' id='word_1_503' title='bbox 3387 3290 3472 3335; x_wconf 91' lang='grc'><strong>88</strong></span> <span class='ocrx_word' id='word_1_504' title='bbox 3513 3273 3799 3339; x_wconf 87' lang='grc'><strong>88181881</strong></span> <span class='ocrx_word' id='word_1_505' title='bbox 3840 3275 4224 3359; x_wconf 88' lang='lat' dir='ltr'><strong>empesches</strong></span> <span class='ocrx_word' id='word_1_506' title='bbox 4265 3294 4350 3343; x_wconf 89' lang='grc'><strong>88</strong></span> 
     </span>
     <span class='ocr_line' id='line_1_75' title="bbox 2395 3350 4350 3453; baseline 0.009 -37"><span class='ocrx_word' id='word_1_507' title='bbox 2395 3350 2542 3418; x_wconf 87' lang='grc'><strong>1881</strong></span> <span class='ocrx_word' id='word_1_508' title='bbox 2584 3353 2833 3420; x_wconf 89' lang='lat' dir='ltr'><strong>service</strong></span> <span class='ocrx_word' id='word_1_509' title='bbox 2876 3374 2959 3419; x_wconf 93' lang='lat' dir='ltr'><strong>ne</strong></span> <span class='ocrx_word' id='word_1_510' title='bbox 3002 3375 3085 3420; x_wconf 90' lang='grc'><strong>88</strong></span> <span class='ocrx_word' id='word_1_511' title='bbox 3128 3375 3340 3421; x_wconf 89' lang='lat' dir='ltr'><strong>aucun</strong></span> <span class='ocrx_word' id='word_1_512' title='bbox 3396 3357 3612 3423; x_wconf 90' lang='lat' dir='ltr'><strong>aultre</strong></span> <span class='ocrx_word' id='word_1_513' title='bbox 3669 3361 3918 3446; x_wconf 91' lang='lat' dir='ltr'><strong>temple</strong></span> <span class='ocrx_word' id='word_1_514' title='bbox 3960 3383 4090 3448; x_wconf 87' lang='lat' dir='ltr'><strong>qua</strong></span> <span class='ocrx_word' id='word_1_515' title='bbox 4132 3366 4350 3453; x_wconf 75' lang='lat' dir='ltr'><strong>celluy</strong></span> 
     </span>
     <span class='ocr_line' id='line_1_76' title="bbox 2395 3441 4350 3529; baseline 0.01 -28"><span class='ocrx_word' id='word_1_516' title='bbox 2395 3459 2522 3521; x_wconf 90' lang='grc'><strong>888</strong></span> <span class='ocrx_word' id='word_1_517' title='bbox 2565 3459 2731 3503; x_wconf 89' lang='grc'><strong>8888</strong></span> <span class='ocrx_word' id='word_1_518' title='bbox 2775 3441 3024 3518; x_wconf 88' lang='lat' dir='ltr'><strong>avions,</strong></span> <span class='ocrx_word' id='word_1_519' title='bbox 3069 3442 3502 3529; x_wconf 25' lang='lat' dir='ltr'><strong>ainsnpromis</strong></span> <span class='ocrx_word' id='word_1_520' title='bbox 3537 3443 3619 3511; x_wconf 90' lang='lat' dir='ltr'><strong>de</strong></span> <span class='ocrx_word' id='word_1_521' title='bbox 3654 3446 3841 3513; x_wconf 89' lang='lat' dir='ltr'><strong>vivre</strong></span> <span class='ocrx_word' id='word_1_522' title='bbox 3887 3451 4220 3518; x_wconf 90' lang='lat' dir='ltr'><strong>ensemble</strong></span> <span class='ocrx_word' id='word_1_523' title='bbox 4262 3472 4350 3519; x_wconf 89' lang='grc'><strong>88</strong></span> 
     </span>
     <span class='ocr_line' id='line_1_77' title="bbox 2396 3522 4350 3618; baseline 0.009 -30"><span class='ocrx_word' id='word_1_524' title='bbox 2396 3522 2615 3590; x_wconf 90' lang='lat' dir='ltr'><strong>bonne</strong></span> <span class='ocrx_word' id='word_1_525' title='bbox 2635 3524 2793 3607; x_wconf 83' lang='lat' dir='ltr'><strong>paix</strong></span> <span class='ocrx_word' id='word_1_526' title='bbox 2832 3526 2925 3590; x_wconf 83' lang='lat' dir='ltr'><strong>Et</strong></span> <span class='ocrx_word' id='word_1_527' title='bbox 2945 3526 3119 3609; x_wconf 90' lang='grc'><strong>88118</strong></span> <span class='ocrx_word' id='word_1_528' title='bbox 3156 3529 3462 3594; x_wconf 86' lang='grc'><strong>88181881</strong></span> <span class='ocrx_word' id='word_1_529' title='bbox 3494 3531 3742 3618; x_wconf 77' lang='lat' dir='ltr'><strong>refuge.</strong></span> <span class='ocrx_word' id='word_1_530' title='bbox 3808 3534 4350 3606; x_wconf 80' lang='lat' dir='ltr'><strong>Commencames</strong></span> 
     </span>
     <span class='ocr_line' id='line_1_78' title="bbox 2395 3609 4347 3698; baseline 0.008 -22"><span class='ocrx_word' id='word_1_531' title='bbox 2395 3609 2692 3676; x_wconf 80' lang='lat' dir='ltr'><strong>chacune</strong></span> <span class='ocrx_word' id='word_1_532' title='bbox 2734 3611 2922 3678; x_wconf 87' lang='lat' dir='ltr'><strong>nuict</strong></span> <span class='ocrx_word' id='word_1_533' title='bbox 2962 3613 3124 3679; x_wconf 82' lang='lat' dir='ltr'><strong>faire</strong></span> <span class='ocrx_word' id='word_1_534' title='bbox 3166 3623 3327 3698; x_wconf 87' lang='lat' dir='ltr'><strong>guet</strong></span> <span class='ocrx_word' id='word_1_535' title='bbox 3368 3614 3450 3681; x_wconf 87' lang='lat' dir='ltr'><strong>de</strong></span> <span class='ocrx_word' id='word_1_536' title='bbox 3493 3624 3676 3685; x_wconf 86' lang='lat' dir='ltr'><strong>toute</strong></span> <span class='ocrx_word' id='word_1_537' title='bbox 3717 3640 3850 3685; x_wconf 89' lang='grc'><strong>888</strong></span> <span class='ocrx_word' id='word_1_538' title='bbox 3889 3623 4347 3691; x_wconf 85' lang='lat' dir='ltr'><strong>surveilhance</strong></span> 
     </span>
     <span class='ocr_line' id='line_1_79' title="bbox 2395 3697 4348 3789; baseline 0.008 -28"><span class='ocrx_word' id='word_1_539' title='bbox 2395 3716 2481 3761; x_wconf 90' lang='lat' dir='ltr'><strong>en</strong></span> <span class='ocrx_word' id='word_1_540' title='bbox 2546 3715 2780 3763; x_wconf 88' lang='lat' dir='ltr'><strong>armes.</strong></span> <span class='ocrx_word' id='word_1_541' title='bbox 2871 3697 2975 3762; x_wconf 91' lang='lat' dir='ltr'><strong>La</strong></span> <span class='ocrx_word' id='word_1_542' title='bbox 3031 3698 3188 3764; x_wconf 90' lang='lat' dir='ltr'><strong>ville</strong></span> <span class='ocrx_word' id='word_1_543' title='bbox 3249 3700 3545 3769; x_wconf 87' lang='lat' dir='ltr'><strong>reduicte</strong></span> <span class='ocrx_word' id='word_1_544' title='bbox 3600 3725 3684 3769; x_wconf 90' lang='lat' dir='ltr'><strong>en</strong></span> <span class='ocrx_word' id='word_1_545' title='bbox 3741 3716 4005 3789; x_wconf 85' lang='lat' dir='ltr'><strong>quattre</strong></span> <span class='ocrx_word' id='word_1_546' title='bbox 4068 3710 4348 3775; x_wconf 60' lang='grc'><strong>8811811-</strong></span> 
     </span>
     <span class='ocr_line' id='line_1_80' title="bbox 2395 3782 4347 3879; baseline 0.008 -32"><span class='ocrx_word' id='word_1_547' title='bbox 2395 3782 2657 3847; x_wconf 85' lang='lat' dir='ltr'><strong>hances.</strong></span> <span class='ocrx_word' id='word_1_548' title='bbox 2760 3782 2895 3849; x_wconf 88' lang='lat' dir='ltr'><strong>Les</strong></span> <span class='ocrx_word' id='word_1_549' title='bbox 2971 3785 3184 3867; x_wconf 90' lang='lat' dir='ltr'><strong>princi</strong></span> <span class='ocrx_word' id='word_1_550' title='bbox 3232 3787 3389 3852; x_wconf 81' lang='lat' dir='ltr'><strong>aulx</strong></span> <span class='ocrx_word' id='word_1_551' title='bbox 3466 3788 3770 3858; x_wconf 89' lang='lat' dir='ltr'><strong>habitans</strong></span> <span class='ocrx_word' id='word_1_552' title='bbox 3847 3814 4218 3879; x_wconf 81' lang='lat' dir='ltr'><strong>prevoyans</strong></span> <span class='ocrx_word' id='word_1_553' title='bbox 4282 3795 4347 3862; x_wconf 91' lang='grc'><strong>18</strong></span> 
     </span>
     <span class='ocr_line' id='line_1_81' title="bbox 2396 3866 4346 3961; baseline 0.009 -29"><span class='ocrx_word' id='word_1_554' title='bbox 2396 3866 2649 3953; x_wconf 90' lang='lat' dir='ltr'><strong>danger</strong></span> <span class='ocrx_word' id='word_1_555' title='bbox 2689 3888 2812 3952; x_wconf 91' lang='lat' dir='ltr'><strong>par</strong></span> <span class='ocrx_word' id='word_1_556' title='bbox 2853 3868 2921 3935; x_wconf 89' lang='grc'><strong>18</strong></span> <span class='ocrx_word' id='word_1_557' title='bbox 2963 3871 3169 3938; x_wconf 86' lang='lat' dir='ltr'><strong>brava</strong></span> <span class='ocrx_word' id='word_1_558' title='bbox 3215 3892 3253 3939; x_wconf 90' lang='lat' dir='ltr'><strong>e</strong></span> <span class='ocrx_word' id='word_1_559' title='bbox 3295 3880 3364 3939; x_wconf 91' lang='grc'><strong>81</strong></span> <span class='ocrx_word' id='word_1_560' title='bbox 3417 3877 3717 3942; x_wconf 87' lang='lat' dir='ltr'><strong>temerite</strong></span> <span class='ocrx_word' id='word_1_561' title='bbox 3761 3876 3875 3945; x_wconf 93' lang='lat' dir='ltr'><strong>des</strong></span> <span class='ocrx_word' id='word_1_562' title='bbox 3919 3878 4346 3961; x_wconf 84' lang='lat' dir='ltr'><strong>adversaires,</strong></span> 
     </span>
     <span class='ocr_line' id='line_1_82' title="bbox 2394 3954 4345 4050; baseline 0.009 -33"><span class='ocrx_word' id='word_1_563' title='bbox 2394 3963 2880 4039; x_wconf 77' lang='lat' dir='ltr'><strong>moyennarent</strong></span> <span class='ocrx_word' id='word_1_564' title='bbox 2922 3954 3003 4022; x_wconf 92' lang='lat' dir='ltr'><strong>de</strong></span> <span class='ocrx_word' id='word_1_565' title='bbox 3047 3978 3212 4024; x_wconf 91' lang='lat' dir='ltr'><strong>nous</strong></span> <span class='ocrx_word' id='word_1_566' title='bbox 3268 3959 3433 4026; x_wconf 82' lang='lat' dir='ltr'><strong>faire</strong></span> <span class='ocrx_word' id='word_1_567' title='bbox 3475 3962 3919 4045; x_wconf 89' lang='lat' dir='ltr'><strong>parlamenter</strong></span> <span class='ocrx_word' id='word_1_568' title='bbox 3961 3973 4223 4050; x_wconf 90' lang='lat' dir='ltr'><strong>quattre</strong></span> <span class='ocrx_word' id='word_1_569' title='bbox 4260 3967 4345 4035; x_wconf 91' lang='lat' dir='ltr'><strong>de</strong></span> 
     </span>
     <span class='ocr_line' id='line_1_83' title="bbox 2394 4043 4346 4132; baseline 0.009 -28"><span class='ocrx_word' id='word_1_570' title='bbox 2394 4060 2565 4105; x_wconf 91' lang='lat' dir='ltr'><strong>nous</strong></span> <span class='ocrx_word' id='word_1_571' title='bbox 2608 4061 2768 4109; x_wconf 89' lang='lat' dir='ltr'><strong>avec</strong></span> <span class='ocrx_word' id='word_1_572' title='bbox 2811 4051 3075 4125; x_wconf 90' lang='lat' dir='ltr'><strong>quattre</strong></span> <span class='ocrx_word' id='word_1_573' title='bbox 3111 4043 3225 4110; x_wconf 92' lang='lat' dir='ltr'><strong>des</strong></span> <span class='ocrx_word' id='word_1_574' title='bbox 3267 4045 3464 4112; x_wconf 90' lang='lat' dir='ltr'><strong>leurs.</strong></span> <span class='ocrx_word' id='word_1_575' title='bbox 3535 4047 3630 4114; x_wconf 83' lang='lat' dir='ltr'><strong>Ge</strong></span> <span class='ocrx_word' id='word_1_576' title='bbox 3664 4050 3775 4132; x_wconf 91' lang='lat' dir='ltr'><strong>qui</strong></span> <span class='ocrx_word' id='word_1_577' title='bbox 3816 4048 3992 4114; x_wconf 85' lang='lat' dir='ltr'><strong>feust</strong></span> <span class='ocrx_word' id='word_1_578' title='bbox 4034 4050 4157 4118; x_wconf 88' lang='lat' dir='ltr'><strong>fait</strong></span> <span class='ocrx_word' id='word_1_579' title='bbox 4197 4054 4346 4121; x_wconf 90' lang='lat' dir='ltr'><strong>sab·</strong></span> 
     </span>
     <span class='ocr_line' id='line_1_84' title="bbox 2393 4123 4347 4222; baseline 0.009 -33"><span class='ocrx_word' id='word_1_580' title='bbox 2393 4123 2596 4208; x_wconf 85' lang='lat' dir='ltr'><strong>medy</strong></span> <span class='ocrx_word' id='word_1_581' title='bbox 2640 4124 2902 4193; x_wconf 89' lang='lat' dir='ltr'><strong>dernier</strong></span> <span class='ocrx_word' id='word_1_582' title='bbox 2943 4147 3134 4212; x_wconf 85' lang='lat' dir='ltr'><strong>apres</strong></span> <span class='ocrx_word' id='word_1_583' title='bbox 3178 4130 3389 4217; x_wconf 84' lang='lat' dir='ltr'><strong>dyner</strong></span> <span class='ocrx_word' id='word_1_584' title='bbox 3432 4153 3472 4197; x_wconf 87' lang='lat' dir='ltr'><strong>a</strong></span> <span class='ocrx_word' id='word_1_585' title='bbox 3509 4132 3579 4199; x_wconf 91' lang='grc'><strong>18</strong></span> <span class='ocrx_word' id='word_1_586' title='bbox 3618 4136 3873 4200; x_wconf 89' lang='lat' dir='ltr'><strong>maison</strong></span> <span class='ocrx_word' id='word_1_587' title='bbox 3919 4144 3988 4202; x_wconf 91' lang='grc'><strong>81</strong></span> <span class='ocrx_word' id='word_1_588' title='bbox 4031 4158 4347 4222; x_wconf 90' lang='lat' dir='ltr'><strong>presence</strong></span> 
     </span>
     <span class='ocr_line' id='line_1_85' title="bbox 2395 4210 4345 4309; baseline 0.009 -34"><span class='ocrx_word' id='word_1_589' title='bbox 2395 4210 2478 4276; x_wconf 91' lang='lat' dir='ltr'><strong>de</strong></span> <span class='ocrx_word' id='word_1_590' title='bbox 2520 4211 2771 4278; x_wconf 82' lang='lat' dir='ltr'><strong>Monsr.</strong></span> <span class='ocrx_word' id='word_1_591' title='bbox 2815 4214 2880 4280; x_wconf 92' lang='lat' dir='ltr'><strong>le</strong></span> <span class='ocrx_word' id='word_1_592' title='bbox 2937 4216 3205 4298; x_wconf 87' lang='lat' dir='ltr'><strong>general</strong></span> <span class='ocrx_word' id='word_1_593' title='bbox 3262 4216 3378 4283; x_wconf 90' lang='lat' dir='ltr'><strong>des</strong></span> <span class='ocrx_word' id='word_1_594' title='bbox 3435 4218 3739 4298; x_wconf 86' lang='lat' dir='ltr'><strong>finances,</strong></span> <span class='ocrx_word' id='word_1_595' title='bbox 3783 4220 4038 4289; x_wconf 85' lang='lat' dir='ltr'><strong>Monsr.</strong></span> <span class='ocrx_word' id='word_1_596' title='bbox 4087 4223 4345 4309; x_wconf 75' lang='lat' dir='ltr'><strong>Ghefde-</strong></span> 
     </span>
     <span class='ocr_line' id='line_1_86' title="bbox 2392 4296 4345 4391; baseline 0.009 -29"><span class='ocrx_word' id='word_1_597' title='bbox 2392 4296 2536 4364; x_wconf 70' lang='lat' dir='ltr'><strong>bt‘en</strong></span> <span class='ocrx_word' id='word_1_598' title='bbox 2575 4318 2848 4383; x_wconf 88' lang='lat' dir='ltr'><strong>presens</strong></span> <span class='ocrx_word' id='word_1_599' title='bbox 2909 4299 3008 4366; x_wconf 84' lang='lat' dir='ltr'><strong>les</strong></span> <span class='ocrx_word' id='word_1_600' title='bbox 3070 4302 3333 4369; x_wconf 85' lang='grc'><strong>8888818</strong></span> <span class='ocrx_word' id='word_1_601' title='bbox 3386 4311 3453 4368; x_wconf 92' lang='grc'><strong>81</strong></span> <span class='ocrx_word' id='word_1_602' title='bbox 3496 4303 3741 4370; x_wconf 85' lang='lat' dir='ltr'><strong>aultres</strong></span> <span class='ocrx_word' id='word_1_603' title='bbox 3795 4327 3963 4391; x_wconf 87' lang='lat' dir='ltr'><strong>gens</strong></span> <span class='ocrx_word' id='word_1_604' title='bbox 4021 4311 4345 4379; x_wconf 91' lang='lat' dir='ltr'><strong>nottables</strong></span> 
     </span>
     <span class='ocr_line' id='line_1_87' title="bbox 2396 4383 4346 4471; baseline 0.009 -22"><span class='ocrx_word' id='word_1_605' title='bbox 2396 4383 2479 4449; x_wconf 92' lang='lat' dir='ltr'><strong>de</strong></span> <span class='ocrx_word' id='word_1_606' title='bbox 2520 4383 2587 4449; x_wconf 88' lang='lat' dir='ltr'><strong>la</strong></span> <span class='ocrx_word' id='word_1_607' title='bbox 2631 4384 2806 4452; x_wconf 89' lang='lat' dir='ltr'><strong>ville.</strong></span> <span class='ocrx_word' id='word_1_608' title='bbox 2897 4387 3071 4454; x_wconf 76' lang='lat' dir='ltr'><strong>Mais</strong></span> <span class='ocrx_word' id='word_1_609' title='bbox 3113 4410 3278 4471; x_wconf 90' lang='lat' dir='ltr'><strong>pour</strong></span> <span class='ocrx_word' id='word_1_610' title='bbox 3330 4390 3395 4454; x_wconf 88' lang='lat' dir='ltr'><strong>la</strong></span> <span class='ocrx_word' id='word_1_611' title='bbox 3436 4387 3723 4456; x_wconf 90' lang='lat' dir='ltr'><strong>bravade</strong></span> <span class='ocrx_word' id='word_1_612' title='bbox 3766 4391 3882 4458; x_wconf 89' lang='lat' dir='ltr'><strong>des</strong></span> <span class='ocrx_word' id='word_1_613' title='bbox 3935 4393 4346 4466; x_wconf 88' lang='lat' dir='ltr'><strong>adversaires</strong></span> 
     </span>
     <span class='ocr_line' id='line_1_88' title="bbox 2394 4472 4346 4567; baseline 0.009 -32"><span class='ocrx_word' id='word_1_614' title='bbox 2394 4490 2483 4535; x_wconf 90' lang='lat' dir='ltr'><strong>ne</strong></span> <span class='ocrx_word' id='word_1_615' title='bbox 2539 4472 2713 4537; x_wconf 88' lang='lat' dir='ltr'><strong>feust</strong></span> <span class='ocrx_word' id='word_1_616' title='bbox 2766 4472 2912 4538; x_wconf 86' lang='lat' dir='ltr'><strong>rien</strong></span> <span class='ocrx_word' id='word_1_617' title='bbox 2970 4474 3243 4541; x_wconf 88' lang='lat' dir='ltr'><strong>accorde</strong></span> <span class='ocrx_word' id='word_1_618' title='bbox 3295 4476 3354 4541; x_wconf 91' lang='lat' dir='ltr'><strong>si</strong></span> <span class='ocrx_word' id='word_1_619' title='bbox 3394 4483 3544 4540; x_wconf 87' lang='lat' dir='ltr'><strong>nest</strong></span> <span class='ocrx_word' id='word_1_620' title='bbox 3586 4496 3712 4560; x_wconf 91' lang='lat' dir='ltr'><strong>que</strong></span> <span class='ocrx_word' id='word_1_621' title='bbox 3764 4476 4093 4547; x_wconf 89' lang='lat' dir='ltr'><strong>chascune</strong></span> <span class='ocrx_word' id='word_1_622' title='bbox 4134 4486 4346 4567; x_wconf 85' lang='grc'><strong>881118</strong></span> 
     </span>
     <span class='ocr_line' id='line_1_89' title="bbox 2394 4556 4346 4655; baseline 0.008 -34"><span class='ocrx_word' id='word_1_623' title='bbox 2394 4556 2734 4624; x_wconf 88' lang='grc'><strong>8811181881</strong></span> <span class='ocrx_word' id='word_1_624' title='bbox 2778 4579 2916 4643; x_wconf 90' lang='lat' dir='ltr'><strong>ung</strong></span> <span class='ocrx_word' id='word_1_625' title='bbox 2954 4558 3219 4626; x_wconf 89' lang='lat' dir='ltr'><strong>homme</strong></span> <span class='ocrx_word' id='word_1_626' title='bbox 3262 4568 3332 4626; x_wconf 93' lang='lat' dir='ltr'><strong>et</strong></span> <span class='ocrx_word' id='word_1_627' title='bbox 3371 4579 3535 4626; x_wconf 89' lang='lat' dir='ltr'><strong>avec</strong></span> <span class='ocrx_word' id='word_1_628' title='bbox 3572 4561 3738 4628; x_wconf 91' lang='lat' dir='ltr'><strong>ledit</strong></span> <span class='ocrx_word' id='word_1_629' title='bbox 3759 4561 3837 4631; x_wconf 66' lang='lat' dir='ltr'><strong>S*</strong></span> <span class='ocrx_word' id='word_1_630' title='bbox 3864 4566 4136 4650; x_wconf 83' lang='lat' dir='ltr'><strong>general</strong></span> <span class='ocrx_word' id='word_1_631' title='bbox 4161 4568 4346 4655; x_wconf 69' lang='lat' dir='ltr'><strong>Ches-</strong></span> 
     </span>
     <span class='ocr_line' id='line_1_90' title="bbox 2394 4642 4346 4745; baseline 0.009 -38"><span class='ocrx_word' id='word_1_632' title='bbox 2394 4642 2612 4710; x_wconf 63' lang='lat' dir='ltr'><strong>dabie„</strong></span> <span class='ocrx_word' id='word_1_633' title='bbox 2653 4644 2769 4728; x_wconf 90' lang='lat' dir='ltr'><strong>qui</strong></span> <span class='ocrx_word' id='word_1_634' title='bbox 2820 4645 3022 4712; x_wconf 90' lang='lat' dir='ltr'><strong>seroit</strong></span> <span class='ocrx_word' id='word_1_635' title='bbox 3063 4647 3279 4725; x_wconf 86' lang='lat' dir='ltr'><strong>tierce,</strong></span> <span class='ocrx_word' id='word_1_636' title='bbox 3337 4647 3539 4713; x_wconf 89' lang='lat' dir='ltr'><strong>seroit</strong></span> <span class='ocrx_word' id='word_1_637' title='bbox 3591 4648 3715 4714; x_wconf 89' lang='lat' dir='ltr'><strong>fait</strong></span> <span class='ocrx_word' id='word_1_638' title='bbox 3769 4652 4029 4718; x_wconf 86' lang='lat' dir='ltr'><strong>accord:</strong></span> <span class='ocrx_word' id='word_1_639' title='bbox 4087 4676 4129 4720; x_wconf 88' lang='lat' dir='ltr'><strong>a</strong></span> <span class='ocrx_word' id='word_1_640' title='bbox 4171 4676 4346 4745; x_wconf 75' lang='lat' dir='ltr'><strong>quoy</strong></span> 
     </span>
     <span class='ocr_line' id='line_1_91' title="bbox 2394 4728 4348 4821; baseline 0.009 -28"><span class='ocrx_word' id='word_1_641' title='bbox 2394 4728 2481 4793; x_wconf 84' lang='grc'><strong>118</strong></span> <span class='ocrx_word' id='word_1_642' title='bbox 2534 4730 3028 4811; x_wconf 86' lang='grc'><strong>8’88881(181881,</strong></span> <span class='ocrx_word' id='word_1_643' title='bbox 3082 4751 3276 4815; x_wconf 87' lang='grc'><strong>88188</strong></span> <span class='ocrx_word' id='word_1_644' title='bbox 3330 4754 3456 4818; x_wconf 90' lang='grc'><strong>888</strong></span> <span class='ocrx_word' id='word_1_645' title='bbox 3510 4732 3676 4801; x_wconf 88' lang='grc'><strong>18(111</strong></span> <span class='ocrx_word' id='word_1_646' title='bbox 3717 4734 3794 4811; x_wconf 72' lang='grc' dir='ltr'><strong>Β,</strong></span> <span class='ocrx_word' id='word_1_647' title='bbox 3839 4735 4203 4821; x_wconf 76' lang='lat' dir='ltr'><strong>Ghefdebien</strong></span> <span class='ocrx_word' id='word_1_648' title='bbox 4244 4752 4348 4810; x_wconf 90' lang='lat' dir='ltr'><strong>est</strong></span> 
     </span>
     <span class='ocr_line' id='line_1_92' title="bbox 2396 4814 4341 4911; baseline 0.008 -31"><span class='ocrx_word' id='word_1_649' title='bbox 2396 4814 2610 4898; x_wconf 80' lang='lat' dir='ltr'><strong>grand</strong></span> <span class='ocrx_word' id='word_1_650' title='bbox 2653 4817 2926 4900; x_wconf 85' lang='lat' dir='ltr'><strong>papiste,</strong></span> <span class='ocrx_word' id='word_1_651' title='bbox 2978 4825 3047 4884; x_wconf 88' lang='lat' dir='ltr'><strong>et</strong></span> <span class='ocrx_word' id='word_1_652' title='bbox 3088 4838 3209 4902; x_wconf 87' lang='lat' dir='ltr'><strong>par</strong></span> <span class='ocrx_word' id='word_1_653' title='bbox 3253 4839 3326 4885; x_wconf 91' lang='lat' dir='ltr'><strong>oe</strong></span> <span class='ocrx_word' id='word_1_654' title='bbox 3370 4820 3587 4887; x_wconf 90' lang='grc'><strong>881811</strong></span> <span class='ocrx_word' id='word_1_655' title='bbox 3629 4821 3804 4888; x_wconf 84' lang='lat' dir='ltr'><strong>deux</strong></span> <span class='ocrx_word' id='word_1_656' title='bbox 3847 4821 3930 4890; x_wconf 91' lang='lat' dir='ltr'><strong>de</strong></span> <span class='ocrx_word' id='word_1_657' title='bbox 3986 4825 4133 4892; x_wconf 89' lang='lat' dir='ltr'><strong>leur</strong></span> <span class='ocrx_word' id='word_1_658' title='bbox 4173 4840 4341 4911; x_wconf 88' lang='lat' dir='ltr'><strong>part.</strong></span> 
     </span>
     <span class='ocr_line' id='line_1_93' title="bbox 2393 4901 4343 4997; baseline 0.008 -32"><span class='ocrx_word' id='word_1_659' title='bbox 2393 4901 2458 4965; x_wconf 88' lang='lat' dir='ltr'>N</span> <span class='ocrx_word' id='word_1_660' title='bbox 2459 4922 2544 4966; x_wconf 91' lang='grc'><strong>88</strong></span> <span class='ocrx_word' id='word_1_661' title='bbox 2595 4902 2859 4969; x_wconf 87' lang='lat' dir='ltr'><strong>obstant</strong></span> <span class='ocrx_word' id='word_1_662' title='bbox 2898 4911 3039 4968; x_wconf 88' lang='lat' dir='ltr'><strong>cest</strong></span> <span class='ocrx_word' id='word_1_663' title='bbox 3079 4903 3314 4970; x_wconf 85' lang='lat' dir='ltr'><strong>accord</strong></span> <span class='ocrx_word' id='word_1_664' title='bbox 3361 4905 3454 4991; x_wconf 82' lang='lat' dir='ltr'><strong>jlz</strong></span> <span class='ocrx_word' id='word_1_665' title='bbox 3509 4910 3866 4994; x_wconf 76' lang='lat' dir='ltr'><strong>saysissent</strong></span> <span class='ocrx_word' id='word_1_666' title='bbox 3913 4931 4048 4978; x_wconf 89' lang='grc'><strong>888</strong></span> <span class='ocrx_word' id='word_1_667' title='bbox 4091 4915 4343 4997; x_wconf 82' lang='lat' dir='ltr'><strong>grande</strong></span> 
     </span>
     <span class='ocr_line' id='line_1_94' title="bbox 2392 4987 4343 5067; baseline 0.008 -16"><span class='ocrx_word' id='word_1_668' title='bbox 2392 4995 2464 5051; x_wconf 85' lang='grc'><strong>81</strong></span> <span class='ocrx_word' id='word_1_669' title='bbox 2504 4987 2732 5053; x_wconf 89' lang='lat' dir='ltr'><strong>haulte</strong></span> <span class='ocrx_word' id='word_1_670' title='bbox 2771 4996 2925 5054; x_wconf 88' lang='lat' dir='ltr'><strong>tour</strong></span> <span class='ocrx_word' id='word_1_671' title='bbox 2946 4988 3061 5056; x_wconf 89' lang='lat' dir='ltr'><strong>des</strong></span> <span class='ocrx_word' id='word_1_672' title='bbox 3097 4991 3461 5059; x_wconf 86' lang='lat' dir='ltr'><strong>murailhes</strong></span> <span class='ocrx_word' id='word_1_673' title='bbox 3503 4992 3673 5061; x_wconf 89' lang='lat' dir='ltr'><strong>dela</strong></span> <span class='ocrx_word' id='word_1_674' title='bbox 3704 4994 3863 5063; x_wconf 92' lang='lat' dir='ltr'><strong>ville</strong></span> <span class='ocrx_word' id='word_1_675' title='bbox 3904 4994 3970 5063; x_wconf 92' lang='lat' dir='ltr'><strong>le</strong></span> <span class='ocrx_word' id='word_1_676' title='bbox 4012 4999 4182 5064; x_wconf 90' lang='lat' dir='ltr'><strong>secir</strong></span> <span class='ocrx_word' id='word_1_677' title='bbox 4222 5001 4343 5067; x_wconf 88' lang='lat' dir='ltr'><strong>du·</strong></span> 
     </span>
     <span class='ocr_line' id='line_1_95' title="bbox 2392 5071 4343 5175; baseline 0.009 -38"><span class='ocrx_word' id='word_1_678' title='bbox 2392 5071 2490 5137; x_wconf 90' lang='lat' dir='ltr'><strong>dit</strong></span> <span class='ocrx_word' id='word_1_679' title='bbox 2547 5072 2799 5175; x_wconf 76' lang='lat' dir='ltr'><strong>accord.</strong></span> <span class='ocrx_word' id='word_1_680' title='bbox 2893 5074 3043 5156; x_wconf 83' lang='lat' dir='ltr'><strong>Que</strong></span> <span class='ocrx_word' id='word_1_681' title='bbox 3099 5076 3269 5143; x_wconf 85' lang='lat' dir='ltr'><strong>feust</strong></span> <span class='ocrx_word' id='word_1_682' title='bbox 3323 5099 3515 5145; x_wconf 86' lang='lat' dir='ltr'><strong>cause</strong></span> <span class='ocrx_word' id='word_1_683' title='bbox 3573 5101 3701 5164; x_wconf 89' lang='lat' dir='ltr'><strong>que</strong></span> <span class='ocrx_word' id='word_1_684' title='bbox 3757 5080 3825 5147; x_wconf 89' lang='lat' dir='ltr'><strong>la</strong></span> <span class='ocrx_word' id='word_1_685' title='bbox 3879 5083 4063 5150; x_wconf 88' lang='lat' dir='ltr'><strong>nuict</strong></span> <span class='ocrx_word' id='word_1_686' title='bbox 4117 5095 4343 5154; x_wconf 86' lang='lat' dir='ltr'><strong>nostre</strong></span> 
     </span>
     <span class='ocr_line' id='line_1_96' title="bbox 2391 5160 4346 5242; baseline 0.009 -21"><span class='ocrx_word' id='word_1_687' title='bbox 2391 5167 2553 5242; x_wconf 85' lang='lat' dir='ltr'><strong>guet</strong></span> <span class='ocrx_word' id='word_1_688' title='bbox 2593 5179 2725 5224; x_wconf 77' lang='lat' dir='ltr'><strong>mis</strong></span> <span class='ocrx_word' id='word_1_689' title='bbox 2768 5180 2853 5225; x_wconf 91' lang='lat' dir='ltr'><strong>en</strong></span> <span class='ocrx_word' id='word_1_690' title='bbox 2898 5160 3092 5228; x_wconf 88' lang='lat' dir='ltr'><strong>ordre</strong></span> <span class='ocrx_word' id='word_1_691' title='bbox 3134 5162 3469 5232; x_wconf 86' lang='lat' dir='ltr'><strong>L&#39;assault</strong></span> <span class='ocrx_word' id='word_1_692' title='bbox 3523 5166 3695 5232; x_wconf 85' lang='lat' dir='ltr'><strong>feust</strong></span> <span class='ocrx_word' id='word_1_693' title='bbox 3738 5166 3953 5233; x_wconf 89' lang='lat' dir='ltr'><strong>donne</strong></span> <span class='ocrx_word' id='word_1_694' title='bbox 3996 5189 4039 5234; x_wconf 92' lang='lat' dir='ltr'><strong>a</strong></span> <span class='ocrx_word' id='word_1_695' title='bbox 4078 5167 4145 5234; x_wconf 89' lang='grc'><strong>18</strong></span> <span class='ocrx_word' id='word_1_696' title='bbox 4188 5180 4346 5238; x_wconf 89' lang='grc'><strong>1881</strong></span> 
     </span>
     <span class='ocr_line' id='line_1_97' title="bbox 2392 5243 4348 5341; baseline 0.009 -33"><span class='ocrx_word' id='word_1_697' title='bbox 2392 5252 2462 5309; x_wconf 87' lang='grc'><strong>81</strong></span> <span class='ocrx_word' id='word_1_698' title='bbox 2501 5243 2844 5311; x_wconf 87' lang='lat' dir='ltr'><strong>tellement</strong></span> <span class='ocrx_word' id='word_1_699' title='bbox 2963 5269 3261 5337; x_wconf 73' lang='lat' dir='ltr'><strong>ursuyvy</strong></span> <span class='ocrx_word' id='word_1_700' title='bbox 3295 5271 3424 5337; x_wconf 91' lang='lat' dir='ltr'><strong>que</strong></span> <span class='ocrx_word' id='word_1_701' title='bbox 3466 5252 3533 5317; x_wconf 89' lang='grc'><strong>18</strong></span> <span class='ocrx_word' id='word_1_702' title='bbox 3571 5253 3758 5337; x_wconf 87' lang='grc'><strong>81888</strong></span> <span class='ocrx_word' id='word_1_703' title='bbox 3799 5254 3972 5321; x_wconf 82' lang='lat' dir='ltr'><strong>feust</strong></span> <span class='ocrx_word' id='word_1_704' title='bbox 4013 5256 4232 5341; x_wconf 80' lang='lat' dir='ltr'><strong>saysie</strong></span> <span class='ocrx_word' id='word_1_705' title='bbox 4274 5271 4348 5324; x_wconf 83' lang='lat' dir='ltr'><strong>et</strong></span> 
     </span>
     <span class='ocr_line' id='line_1_98' title="bbox 2391 5268 4347 5422; baseline 0.007 -26"><span class='ocrx_word' id='word_1_706' title='bbox 2391 5337 2793 5399; x_wconf 84' lang='lat' dir='ltr'><strong>reconverte.</strong></span> <span class='ocrx_word' id='word_1_707' title='bbox 2865 5268 2962 5402; x_wconf 61' lang='lat' dir='ltr'><strong>gg</strong></span> <span class='ocrx_word' id='word_1_708' title='bbox 3004 5336 3160 5404; x_wconf 82' lang='lat' dir='ltr'><strong>faict</strong></span> <span class='ocrx_word' id='word_1_709' title='bbox 3212 5335 3510 5405; x_wconf 84' lang='lat' dir='ltr'><strong>daultant</strong></span> <span class='ocrx_word' id='word_1_710' title='bbox 3559 5358 3687 5422; x_wconf 88' lang='grc'><strong>888</strong></span> <span class='ocrx_word' id='word_1_711' title='bbox 3742 5339 3811 5407; x_wconf 88' lang='grc'><strong>18</strong></span> <span class='ocrx_word' id='word_1_712' title='bbox 3853 5338 3989 5407; x_wconf 82' lang='lat' dir='ltr'><strong>dite</strong></span> <span class='ocrx_word' id='word_1_713' title='bbox 4044 5347 4197 5408; x_wconf 88' lang='lat' dir='ltr'><strong>tour</strong></span> <span class='ocrx_word' id='word_1_714' title='bbox 4238 5350 4347 5409; x_wconf 91' lang='lat' dir='ltr'><strong>est</strong></span> 
     </span>
    </p>
   </div>
  </div>
 </body>
</html>
