4850 6117
413 505 536 604 ,72⁹

1292 691 1485 763 3941.

939 848 1411 927 OALVINUS
1457 846 1827 916 SYLVIO.

587 1025 833 1094 Novum
874 1025 1176 1108 scriptum
1219 1023 1304 1088 ad
1350 1007 1612 1088 Polonos
1655 1040 1720 1087 se
1754 1023 2135 1102 empturum
2169 1027 2350 1105 neqat

403 1114 618 1201 priori
651 1115 974 1194 intercepto
1017 1115 1130 1176 aut
1169 1110 1416 1176 incuria
1456 1108 1783 1190 deperdita
1841 1109 2033 1174 simul
2073 1110 2346 1173 miratur

411 1221 513 1269 eos
553 1206 710 1268 tam:
724 1218 934 1266 crasso
977 1208 1033 1263 et
1063 1197 1415 1279 pernicioso
1470 1215 1676 1260 errore
1717 1195 1923 1278 abripi
1956 1197 2236 1277 potuisse
2277 1200 2347 1260 ut

411 1308 583 1374 spem
623 1287 850 1354 salutis
891 1285 963 1350 in
997 1282 1134 1348 Deo
1175 1282 1540 1349 secundario
1583 1281 1864 1348 locarent.

408 1459 527 1529 (Bis
562 1458 1052 1528 descriptagexstat
1082 1473 1116 1508 a
1149 1453 1439 1509 recentiori
1475 1468 1633 1507 manu
1669 1453 1724 1506 iu
1761 1451 1891 1507 cod.
1929 1452 2096 1507 Paris.
2131 1419 2342 1525 Dupup.

1091 1522 1212 1592 102,
1243 1523 1333 1577 fol.
1367 1522 1434 1576 27
1472 1529 1528 1576 et
1560 1520 1673 1589 51.)

416 1700 678 1767 Eximio
721 1697 972 1767 Ohristi
1014 1717 1201 1762 servo
1243 1695 1329 1761 D.
1388 1695 1623 1762 Iacobo
1684 1692 1990 1780 Sylvi01)
2036 1695 2220 1760 fratri
2279 1704 2346 1760 et

912 1789 1313 1869 symmystae
1357 1782 1522 1847 mihi
1558 1779 1844 1848 colendo.

579 1958 682 2025 De
729 1957 962 2023 vestris
1027 1954 1311 2022 dissidiis
1371 1952 1657 2036 adeoque
1711 1954 1882 2019 tristi
1927 1952 2342 2020 ecclesiarum

406 2051 777 2113 vestrarum
821 2042 1240 2127 dissipatione
1299 2053 1450 2106 ante
1495 2049 1774 2123 quatuor
1807 2060 2063 2105 menses
2112 2041 2344 2105 certior

407 2131 635 2210 factus,
704 2129 969 2197 brevem
1034 2128 1146 2194 sed
1212 2127 1561 2192 dilucidam
1626 2125 2134 2191 admonitionem
2190 2146 2339 2191 con-

408 2216 657 2300 scripsi,
677 2220 733 2296 ²)
775 2223 852 2280 ut
892 2215 1017 2281 sibi
1074 2237 1114 2280 a
1156 2213 1515 2280 Blandrata
1572 2223 1638 2277 et
1696 2211 2014 2278 similibus
2059 2210 2342 2278 Satanae

406 2302 682 2370 flabellis
764 2309 1073 2367 caverent
1135 2302 1383 2366 fratres.
1492 2299 1868 2384 Flagitabat
1928 2299 2186 2381 quidem
2254 2297 2338 2364 D.

410 2388 674 2456 Christo
723 2388 923 2454 horus
995 2388 1253 2453 Trecius
1333 2394 1407 2452 ut
1472 2395 1604 2450 tam
1668 2385 1957 2450 Stancari
2020 2382 2339 2462 delirium,

411 2496 604 2560 quam
714 2474 1042 2540 landratae
1086 2493 1373 2539 errorem
1418 2472 1735 2555 copiosius
1778 2471 2172 2537 refellerem:
2227 2470 2341 2536 sed

410 2563 562 2646 quia
603 2581 987 2645 responsum
1020 2557 1193 2644 quod
1220 2558 1523 2624 Scancaro
1567 2556 1891 2634 dederam,
1936 2559 2150 2643 gentis
2196 2577 2339 2623 ves-

409 2657 549 2714 trae
592 2647 701 2713 vel
744 2647 994 2712 incuria
1037 2645 1141 2711 vel
1184 2644 1415 2710 fraude
1456 2643 1805 2721 intercidit,
1843 2644 2054 2709 taedio
2099 2647 2341 2708 fractus

409 2733 488 2798 ab
523 2734 646 2801 hoc
689 2732 907 2799 labore
949 2732 1250 2798 abstinui.
1337 2731 1475 2798 Nec
1518 2739 1694 2797 certe
1761 2730 1996 2795 iustam
2043 2729 2339 2795 lucubra-

409 2820 652 2886 tionem
696 2819 860 2883 mihi
896 2839 1181 2901 unquam
1218 2818 1589 2900 extorqueri
1624 2817 1850 2900 patiar,
1901 2816 2101 2881 donec
2138 2817 2340 2897 scrip-

409 2914 552 2971 tum
603 2904 765 2971 illud
819 2925 1137 2987 recepero,
1205 2903 1372 2987 quod
1427 2904 1592 2968 mihi
1647 2902 1728 2967 ad
1783 2901 2174 2966 refellendas
2217 2902 2338 2966 im-

408 2994 558 3076 puri
622 3000 689 3058 et
751 2992 1041 3075 protervi
1117 2990 1567 3056 conviciatoris
1626 2988 1917 3053 Stancari
1984 2987 2340 3052 calumnias

405 3079 556 3164 plus
614 3098 804 3162 quam
865 3078 1301 3143 necessarium
1362 3084 1478 3141 est.
1567 3075 1760 3139 Nunc
1817 3083 2035 3139 tamen
2102 3086 2212 3139 tuo
2278 3082 2343 3137 et

407 3166 631 3231 fratris
675 3165 879 3231 nostri
922 3162 1008 3229 D.
1061 3163 1341 3229 Samicii
1384 3162 1649 3228 hortatu
1692 3181 2072 3227 communes
2121 3160 2342 3228 literas

411 3389 590 3442 8941.
621 3389 677 3458 1)
711 3389 786 3443 Ν.
822 3386 973 3442 3866.
1027 3387 1099 3440 In
1133 3387 1523 3454 subscripiione
1563 3384 1868 3439 consensus
1887 3384 2348 3440 Sendomiriensie

412 3473 469 3512 se
503 3458 635 3512 dicit
672 3460 930 3512 seniorem
967 3457 1265 3512 dioeceseos
1308 3463 1324 3494 ‘
1343 3455 1749 3508 ‘hee-immin.

613 3526 673 3596 2)
704 3526 774 3593 ef.
813 3527 1055 3595 Prozeqq.
1096 3526 1234 3595 Opp.
1272 3525 1370 3578 IX.
1407 3522 1489 3576 49.

623 5538 847 5594 Calvina·
884 5556 1066 5610 opera.
1155 5543 1263 5596 Vol.
1301 5540 1466 5596 XIX.

2154 507 2313 569 1563
2359 505 2663 572 APRIL.

4270 507 4395 572 730

2451 697 2660 763 scribo
2704 695 2787 762 ad
2810 697 3122 763 Proceres
3156 700 3416 766 ‚vestros
3457 700 3525 759 et
3570 693 3926 761 Oracoviae
3969 693 4177 762 cives:
4223 695 4392 780 quod

2450 803 2582 848 non
2628 780 2800 867 apud
2844 782 3137 866 singulos
3180 780 3594 865 peculiariter
3636 780 3810 846 idem
3844 783 4157 866 praestiti,
4206 782 4389 848 dabi-

2452 871 2534 935 tis
2580 870 2857 935 veniam.
2934 869 3159 951 Neque
3203 869 3379 933 enim
3415 873 3671 932 tantum
3708 866 3871 932 mihi
3920 877 4214 950 superest
4256 869 4391 948 otii,

2449 963 2524 1019 ut
2567 956 2816 1022 abiecta
2859 954 3056 1021 officii
3098 955 3226 1020 mei
3270 973 3443 1031 cura,
3501 955 3868 1037 praeteritis
3913 955 4075 1019 meis
4120 955 4388 1039 popula-

2451 1041 2647 1120 ribuS,
2730 1053 2828 1105 tot
2893 1040 3171 1124 denique
3235 1041 3760 1123 occupationibus
3827 1040 4162 1124 neglectis,
4243 1051 4387 1107 octo

2452 1128 2792 1193 continuos
2837 1127 2973 1193 dies
3017 1127 3198 1193 vobis
3242 1126 3634 1209 impendam.
3702 1125 3892 1192 Adde
3937 1125 4106 1209 quod
4150 1126 4231 1192 ab
4275 1128 4388 1192 ad-

2450 1233 2644 1280 versa
2686 1213 3064 1278 valetudine
3108 1235 3236 1278 non
3296 1221 3549 1277 tantum
3605 1212 4025 1278 relaxationis
4069 1213 4231 1278 mihi
4277 1213 4389 1278 da-

2452 1309 2574 1365 tur.
2665 1299 2808 1365 'Pibi
2856 1321 3029 1379 vero,
3074 1299 3493 1384 integerrime
3527 1300 3748 1378 frater,
3795 1320 3931 1364 non
3966 1319 4202 1383 parum
4238 1320 4388 1384 gra-

2451 1385 2639 1464 tulor,
2724 1383 2895 1469 quod
2950 1385 3283 1451 diffluente
3343 1405 3581 1469 magna
3637 1386 3831 1452 turba
3882 1387 4113 1450 firmus
4168 1394 4388 1451 tamen

2450 1493 2597 1537 cum
2652 1473 2875 1556 paucis
2919 1481 3171 1556 perstes
3214 1473 3284 1537 in
3324 1492 3526 1554 purae
3570 1472 3721 1536 fidei
3767 1470 4154 1537 defensione.
4243 1472 4388 1537 Ex-

2449 1557 2679 1623 horrui
2723 1580 2880 1624 sane
2925 1580 3122 1641 quum
3183 1558 3471 1624 viderem
3526 1557 3861 1623 ministros
3907 1557 4217 1624 Poloniae
4260 1560 4385 1623 mi-

2449 1645 2629 1711 noris
2675 1653 2808 1709 tam
2853 1645 3068 1710 subito
3115 1642 3197 1709 ad
3237 1665 3520 1710 crassam
3567 1652 3633 1709 et
3682 1644 4052 1727 pudendam
4090 1643 4389 1711 defectio-

2450 1751 2600 1796 nem
2664 1732 2863 1797 fuisse
2929 1742 3307 1813 pertractos
3391 1728 3568 1812 Quid
3635 1728 3845 1796 dicam
3911 1731 4039 1797 nisi
4096 1729 4383 1797 Felicem

2452 1815 2849 1901 Grueiyerum
2893 1825 2958 1883 et
3001 1817 3159 1883 alios
3202 1817 3446 1882 similes
3513 1837 3750 1882 arcano
3795 1817 3922 1881 Dei
3966 1816 4199 1883 iudicio
4245 1838 4384 1884 esse

2448 1903 2793 1970 fascinatos
2860 1912 2933 1968 ut
2976 1904 3043 1967 in
3092 1904 3232 1968 Deo
3288 1899 3669 1969 secundario
3725 1912 3791 1968 et
3848 1902 4142 1968 deificato
4200 1924 4382 1986 spem

2447 1989 2675 2055 salutis
2718 1988 3050 2056 locarent?
3121 1989 3425 2054 Ridicula
3486 1999 3703 2053 autem
3770 2009 3995 2054 eorum
4062 1991 4383 2072 superbia,

2447 2075 2617 2158 quod
2642 2077 2825 2142 nobis
2848 2098 2929 2142 ex
2965 2077 3102 2141 suis
3138 2075 3400 2141 latebris
3434 2073 3842 2155 minitantur,
3884 2095 3959 2139 ac
3992 2074 4050 2140 si
4082 2077 4382 2142 fastuosis

2446 2163 2580 2227 suis
2635 2162 2960 2228 iactantiis
3026 2183 3143 2227 nos
3207 2182 3432 2226 omnes
3484 2169 3749 2245 possent
3804 2170 4114 2227 evertere.
4202 2163 4384 2227 Bene

2446 2256 2663 2312 autem
2732 2257 2832 2314 est
2897 2248 3066 2332 quod
3135 2247 3214 2312 de
3281 2249 3544 2332 propria
3598 2247 3805 2331 gloria
3866 2268 3998 2312 non
4038 2257 4380 2328 certamus,

2445 2333 2557 2399 sed
2602 2341 2857 2399 tantum
2904 2343 2980 2399 ut
3025 2355 3177 2401 vera
3211 2342 3278 2399 et
3315 2343 3582 2400 aeterna
3638 2333 3884 2399 Christi
3942 2334 4150 2400 deitas
4194 2334 4380 2400 nobis

2443 2419 2786 2487 incolumis
2829 2429 3108 2499 maneat,
3153 2428 3220 2485 et
3260 2422 3341 2486 ab
3387 2441 3608 2485 eorum
3645 2420 4000 2504 sacrilegiis
4035 2430 4378 2486 asseratur.

2444 2506 2525 2572 In
2576 2528 2768 2589 quam
2815 2528 2951 2572 rem
2997 2507 3092 2572 sic
3136 2506 3435 2572 incumbe
3479 2527 3563 2570 ne
3618 2526 3842 2571 eorum
3886 2507 4244 2590 pertinacia
4286 2507 4380 2571 fa·

2447 2593 2688 2677 tigeris.
2779 2592 2965 2672 Vale,
3011 2593 3248 2659 eximie
3290 2595 3396 2659 vir
3440 2599 3506 2657 et
3559 2614 3641 2657 ex
3686 2594 3903 2659 animo
3948 2592 4214 2659 colende
4256 2594 4386 2657 fra-

2446 2687 2559 2744 ter.
2644 2679 2968 2745 Dominus
3013 2688 3076 2745 te
3119 2700 3236 2744 suo
3281 2677 3603 2763 praesidio
3650 2687 3929 2757 tueatur,
3975 2681 4220 2745 virtute
4260 2679 4387 2746 ful-

2446 2766 2592 2842 ciat,
2633 2763 2948 2848 donisque
2992 2766 3263 2848 spiritus
3318 2766 3422 2831 sui
3480 2765 3690 2849 magis
3735 2785 3809 2830 ac
3849 2765 4058 2848 magis
4102 2764 4387 2849 locuple-

2448 2860 2558 2917 tet.
2641 2850 3068 2936 Magnificum
3112 2851 3471 2917 Dominum
3535 2851 3914 2917 Palatinum
3970 2852 4389 2917 Poscianien-

2446 2958 2602 3015 sem,
2625 2941 2677 3014 ⁸)
2747 2938 2935 3003 cuius
3002 2939 3301 3004 minister
3362 2961 3451 3017 es,
3516 2944 3893 3004 reverenter
3937 2958 4082 3002 meo
4126 2939 4389 3003 nomine

2447 3024 2676 3089 saluta.
2749 3023 3082 3091 Genevae.
3107 3029 3163 3102 ⁴)

2655 3315 2710 3376 3)
2746 3316 3358 3436 leges3P0snaniensem,
3402 3319 3493 3372 eui
3535 3333 3727 3371 nomen
3774 3324 3891 3373 erat
3935 3317 4191 3372 Andreae
4244 3319 4382 3372 Gor-

2451 3400 2642 3576 Ξῖἒὲἶω
2653 3384 3171 3516 thgsgfssmmo
3218 3454 3399 3509 eodem
3442 3459 3673 3522 mpure
3720 3457 3926 3523 empta
3966 3457 4081 3521 fuit
4121 3470 4189 3509 ae
4225 3471 4393 3524 prae·

3839 5542 3973 5598 46**
