4850 6117
603 399 723 461 151

597 582 974 649 satisfacere
1035 588 1315 664 pooeent.
1405 576 1558 661 Qua
1599 577 1671 642 in
1725 597 1798 643 re
1840 585 1915 640 tu
1958 581 2025 641 et
2067 575 2305 641 caeteri
2345 573 2540 643 colle-

596 689 741 755 gae,
785 668 843 733 si
883 686 1015 751 qua
1056 667 1307 732 ratione
1348 664 1638 747 potestis,
1689 661 2063 729 succurrite.

772 753 877 818 De
928 751 1011 818 iis
1051 772 1218 834 quae
1258 751 1331 817 in
1372 750 1526 816 aula
1567 756 1906 836 geruntur,
1972 755 2040 811 et
2080 764 2247 829 8888
2291 745 2374 810 ad
2417 765 2540 811 nos

598 837 884 924 quotidie
939 837 1324 916 afferuntur,
1387 834 1555 901 nihil
1608 834 1694 900 ad
1751 841 1820 900 te
1876 831 2104 911 scribo,
2169 831 2323 915 quia
2378 830 2541 930 11888

600 925 822 990 omnia
863 921 983 987 tibi
1024 943 1222 1006 qnam
1262 922 1453 990 nobis
1487 919 1917 1004 compertiora
1949 938 2092 984 esse
2127 937 2261 984 non
2296 915 2542 983 dubito.

597 1009 733 1077 Hic
787 1007 975 1076 nobis
1017 1008 1254 1075 accidit
1294 1005 1469 1092 quod
1510 1003 1684 1090 apud
1723 1024 1872 1073 vos:
1940 1003 2225 1087 undique
2268 1023 2311 1067 8
2349 1002 2541 1068 nobis

597 1094 887 1162 ministri
938 1100 1274 1178 petuntur,
1317 1112 1594 1176 quorum
1637 1089 1809 1176 apud
1863 1110 1983 1156 nos
2037 1091 2314 1174 exiguus
2356 1088 2543 1155 inve-

596 1180 730 1247 niri
771 1200 1088 1246 numerus
1128 1187 1359 1263 potest.
1445 1177 1786 1244 Habemus
1827 1176 1935 1242 bic
1978 1174 2242 1258 quidem
2290 1172 2541 1241 studio-

596 1287 705 1334 sos
759 1266 1032 1332 iuvenes
1088 1274 1156 1331 et
1210 1262 1561 1331 advocatos
1612 1264 1722 1347 qui
1778 1282 1968 1327 88818
2010 1280 2273 1344 operam
2307 1260 2541 1325 minis-

595 1351 763 1418 terio
804 1351 1215 1434 impensuros
1256 1347 1602 1432 aliquando
1652 1348 2063 1432 promittunt,
2128 1345 2244 1411 sed
2286 1345 2540 1411 interea

594 1442 955 1503 causantur
997 1456 1067 1501 88
1121 1435 1337 1502 adhuc
1393 1435 1589 1502 nimis
1646 1436 2000 1519 imparatos
2042 1452 2201 1498 esse.
2288 1431 2539 1496 Nume-

595 1544 713 1589 rus
767 1531 869 1589 est
924 1520 1156 1605 aliquis
1216 1522 1572 1605 scripturas
1625 1517 2129 1604 proponentium
2187 1524 2256 1582 et
2297 1518 2370 1582 in
2411 1516 2537 1582 hoc

596 1606 1080 1673 exercitationis
1155 1627 1393 1693 genere
1461 1626 1532 1670 se
1595 1605 2060 1684 exercentium,
2140 1602 2221 1669 de
2296 1603 2537 1685 quibus

595 1713 840 1778 magna
900 1713 1048 1776 spes
1113 1702 1228 1759 est.
1341 1693 1487 1777 Ego
1499 1689 1762 1844 mquoad
1826 1709 2090 1774 possum
2154 1687 2388 1789 bortor
2452 1687 2535 1753 ad

594 1778 1034 1844 ministerium
1078 1799 1301 1844 omnes
1344 1779 1456 1862 qui
1624 1777 1786 1843 illud
1829 1776 1994 1841 mihi
2051 1783 2190 1859 apti
2243 1794 2387 1840 esse
2437 1795 2536 1839 vi-

597 1862 854 1943 dentur,
898 1863 1012 1930 sed
1051 1884 1186 1930 non
1229 1871 1489 1930 tantum
1522 1864 1790 1949 proficio
1834 1883 1910 1928 88
1943 1879 2291 1946 promoveo
2327 1881 2535 1945 quan-

595 1958 740 2015 tum
781 1970 862 2016 88
905 1950 986 2014 18.

765 1971 1064 2119 Safutem
1120 2035 1397 2101 multam
1452 2034 1593 2101 dico
1651 2032 1913 2119 collegis
1957 2033 2274 2099 omnibus.
2365 2030 2535 2098 Vale

593 2121 837 2204 optime
899 2141 974 2188 88
1038 2120 1418 2201 diutissime,
1483 2127 1553 2185 et
1607 2129 1788 2186 tuam
1852 2139 2010 2187 8818
2063 2116 2531 2186 valetudinem.

593 2206 910 2272 Nemausi
953 2211 1011 2273 5.
1052 2207 1396 2274 Decembr.

758 2290 1073 2358 Salutant
1134 2301 1200 2357 te
1244 2289 1573 2377 Mauqetus
1635 2300 1704 2358 et
1746 2290 2076 2356 Martinus
2130 2296 2536 2375 symmystae

591 2385 659 2444 et
715 2378 957 2445 caeteri
1007 2377 1266 2444 iratres.
1352 2378 1694 2462 Intelliges
1750 2398 1835 2443 ex
1881 2375 2119 2442 scheda
2175 2395 2371 2459 quam
2428 2374 2537 2440 his

588 2463 756 2530 meis
809 2462 1016 2529 literis
1066 2463 1389 2530 inclusam
1447 2463 1530 2529 ad
1580 2472 1647 2528 te
1702 2463 1893 2527 mitto
1949 2481 2115 2545 quae
2167 2460 2442 2527 ecclesia
2496 2479 2536 2524 a

590 2547 775 2614 vobis
831 2549 1205 2614 ministrum
1262 2554 1461 2632 petat.
1546 2549 1843 2616 Pecunia
1882 2547 2035 2614 huic
2078 2547 2316 2614 nuncio
2360 2566 2534 2613 com-

588 2634 795 2699 missa
835 2642 936 2699 est
1017 2654 1171 2699 uam
1214 2633 1387 2718 apud
1430 2642 1499 2699 te
1530 2632 1898 2717 deponeret,
1942 2633 2025 2699 ad
2059 2641 2358 2718 sumptus
2391 2633 2535 2698 8188

591 2719 709 2869 8ὲ11
750 2654 1111 2872 mmuh-2⁸
1153 2720 1400 2871 811ᾝί
1442 2720 1676 2805 8118818
1718 2739 1760 2785 8
1800 2719 1988 2787 vobis
2020 2720 2305 2786 inveniri
2339 2724 2535 2802 queat

592 2826 619 2870 1
663 2822 881 2871 oneus.
1072 2825 1220 2872 rum
1374 2827 1428 2871 e.

761 2889 1090 2957 Schedam
1133 2890 1213 2957 de
1254 2911 1385 2974 qua
1424 2892 1697 2958 memini
1735 2910 1821 2956 118
1864 2891 2179 2975 18881188,
2226 2892 2379 2975 8818
2419 2891 2530 2976 881

593 2996 742 3043 8818
784 2975 1190 3044 conscribere
1230 2974 1505 3045 debebat
1539 2977 1624 3043 ad
1665 2983 1731 3044 te
1775 2976 2015 3045 scribit.

1568 3116 1750 3182 Tuus
1790 3114 2033 3181 Petrus
2076 3114 2362 3180 Viretus.

1470 3660 1665 3731 8838.

1136 3816 1466 3900 noemi·
1510 3834 1570 3898 A
1616 3829 1982 3899 almvm.

766 4005 844 4071 Il
903 4001 2534 4086 doenandeunoertificatdebonneoonduitepom

594 4088 2302 4174 obtenirunepzaoedepasteurdanszefflmomin.

595 4262 979 4333 (Δώσω-89118
1012 4261 1083 4316 (18
1116 4262 1171 4316 18
1190 4257 1573 4330 Bi'blioth'eque
1601 4260 1671 4313 de
1695 4257 1932 4315 Geneve.
1966 4259 2086 4315 Vol.
2111 4258 2229 4327 196,
2261 4259 2357 4314 fol.
2382 4258 2531 4326 230.)

764 4432 1504 4499 Μ8881881·Μ8881881
1564 4429 1804 4497 Oalvin
1862 4429 2218 4496 tresfidelle
2282 4451 2534 4499 88888-

590 4519 845 4587 ciatem'
887 4518 968 4585 de
1009 4517 1076 4583 18
1121 4515 1411 4583 doctrine
1449 4514 1539 4582 du
1579 4515 1687 4583 filz
1731 4515 1813 4581 de
1844 4515 2028 4668 Die}
2073 4601 2360 4669 Genava.

680 4777 786 4842 La
840 4794 1033 4861 grace
1089 4771 1179 4840 du
1234 4770 1561 4862 Seigneur
1623 4781 1847 4839 nostre
1896 4774 2023 4841 bon
2078 4773 2256 4840 Dieu
2319 4774 2449 4839 soit

1378 4879 1536 4925 avec
1579 4879 1755 4926 vous.

765 5030 1117 5109 Monsieur,
1172 5050 1363 5114 apres
1415 5049 1542 5112 que
1597 5029 2080 5097 dernierement
2124 5034 2194 5117 je
2241 5050 2403 5098 vous
2446 5052 2530 5099 eu

590 5117 797 5190 remis
831 5139 915 5183 en
948 5115 1258 5182 memoire
1291 5114 1643 5182 l’anoience
1674 5116 2111 5185 benevolence
2145 5138 2271 5201 que
2307 5123 2531 5185 vostre

845 5223 953 5269 me
1007 5210 1302 5268 monstra
1354 5199 1486 5267 lors
1541 5220 1668 5283 que
1710 5203 1925 5270 arrive
1968 5222 2008 5267 8
2058 5203 2349 5282 Geneve,
2415 5204 2531 5288 qui

592 5227 701 5358 gt
750 5290 834 5368 (si
888 5287 1039 5354 bien
1095 5291 1268 5354 m’en
1332 5288 1632 5366 souvien)
1690 5286 1824 5352 l’an
1887 5291 2069 5368 1537,
2135 5288 2414 5373 laquelle
2458 5310 2528 5356 88

2096 383 2622 454 ΕΡῙΒΤΟΙΔΕ
2665 386 3079 451 8638-3641

4460 390 4568 450 152

2643 572 2900 642 (1881818
2964 594 3051 640 88
3103 594 3178 643 88
3235 595 3363 658 que
3421 596 3506 640 ne
3563 574 3865 641 voulutes
3929 581 4285 658 pei-mettre
4336 596 4461 660 que
4506 580 4571 661 je

2642 658 3023 728 delaissasse
3064 658 3159 727 les
3211 659 3470 726 lettres:
3525 661 3691 726 mais
3732 680 3840 726 me
3873 658 4095 727 feistes
4136 680 4211 728 88
4251 660 4400 728 bien
4444 661 4570 728 d'a-

2639 747 2787 815 voir
2838 768 2971 812 une
3024 747 3230 813 classe
3286 767 3371 812 au
3414 745 3678 830 college,
3725 744 3966 831 (188881
4005 766 4175 832 pour
4214 745 4346 814 lors
4389 748 4572 814 estoit

2638 831 2960 934 9111181981
3001 831 3341 900 Monsieur
3385 830 3681 933 Souniqr:
3725 852 3894 899 vous
3934 852 4043 897 me
4086 830 4285 899 distes
4328 853 4454 934 888
4494 854 4571 899 88

2638 939 2959 985 meussiez
3001 938 3120 1004 pas
3170 937 3501 1002 recogneu
3554 940 3612 984 81
3654 939 3740 983 ne
3783 938 3949 985 vous
4010 939 4199 986 eusse
4242 939 4440 986 remis
4493 940 4572 985 en

2640 1005 2951 1071 memoire
3008 1026 3116 1072 ces
3167 1011 3385 1088 temps
3438 1004 3521 1070 18.
3548 1009 3599 1083 ¹)
3694 1002 3948 1085 Adone,
4002 1003 4360 1085 Monsieur,
4415 1025 4571 1073 vous

2639 1091 2831 1178 priay
2872 1111 3000 1175 que
3041 1099 3259 1159 vostre
3291 1090 3421 1156 bon
3455 1089 3662 1174 918811
3693 1090 3797 1156 fut
3828 1112 3937 1157 me
3970 1090 4282 1159 eonceder
4314 1097 4574 1159 attesta-

2639 1177 2784 1243 tion
2842 1176 2899 1242 si
2955 1177 3172 1243 auriez
3216 1173 3508 1243 entendu
3552 1175 3633 1243 de
3674 1197 3830 1264 moy
3871 1176 4068 1244 chose
4115 1176 4380 1263 indigne
4423 1174 4572 1244 d’un

2640 1264 2939 1330 ministre
2973 1261 3054 1329 de
3095 1262 3165 1329 18
3204 1260 3451 1346 9818118
3494 1261 3575 1329 (18
3615 1260 3826 1328 1)188;
3871 1283 4036 1330 vous
4067 1272 4425 1348 proposant
4455 1284 4574 1347 8118

2640 1348 2703 1415 18
2754 1353 2932 1414 m’en
2983 1369 3240 1434 venoye
3282 1369 3366 1414 811
3409 1348 3555 1431 9818
3599 1346 3680 1414 de
3722 1348 4025 1416 Limosin
4066 1370 4230 1434 pour
4271 1349 4573 1433 prescher

2639 1434 2981 1519 lovengile‚
3042 1457 3147 1501 me
3201 1435 3481 1501 retirant
3522 1433 3604 1500 de
3645 1434 3712 1500 18
3754 1441 3931 1501 terre
3974 1434 4055 1501 de
4098 1435 4458 1502 Messieurs
4498 1434 4571 1501 de

2639 1520 2859 1587 Berne
2894 1529 2962 1588 et
2992 1531 3423 1587 mesmement
3456 1519 3537 1586 de
3571 1520 3842 1602 Modon,
3861 1523 3918 1599 ²)
3953 1528 4020 1587 et
4053 1542 4126 1588 ce
4161 1542 4323 1589 avec
4355 1530 4568 1607 conge.

2639 1604 2953 1693 Surquoy
3017 1606 3068 1672 il
3136 1626 3300 1675 vous
3352 1605 3536 1690 pleut
3586 1626 3694 1673 me
3749 1606 3998 1673 donner
4052 1627 4219 1691 pour
4270 1629 4570 1693 response

2638 1713 2764 1777 que
2806 1691 2947 1760 8818
3002 1691 3375 1760 sembleroit
3428 1692 3635 1758 sentir
3688 1714 3808 1760 888
3861 1693 4204 1760 ambition:
4265 1715 4433 1781 vray
4475 1701 4570 1762 est

2634 1799 2765 1929 312⁰
2778 1799 2911 1930 3:252
2935 1778 3250 1945 mx
3285 1777 3747 1948 Riv³0⁶¹12⁰⁸⁸q150
3762 1776 3852 1930 (ἒί
3875 1778 4575 1951 Ῑέζῖἳῗὲῖἕὲὲἶῧῖρῖἓ

2635 1949 2889 2101 1Εῆ1188
2941 1973 3066 2035 que
3121 1950 3184 2017 le
3240 1949 3570 2036 Seigneur
3608 1971 3715 2017 me
3758 1952 4196 2018 commettroit
4239 1951 4572 2037 discipline

2636 2056 2747 2104 888
2771 2038 3122 2121 esiastique
3177 2061 3222 2123 y
3280 2036 3382 2103 fut
3424 2035 3504 2102 de
3548 2037 3763 2104 bonne
3808 2036 4013 2104 heure
4056 2036 4383 2106 observes.
4472 2038 4568 2105 En

2678 2142 2809 2210 uoy
2850 2145 3013 2191 vous
3054 2122 3300 2207 promis
3340 2146 3387 2208 y
3430 2130 3603 2189 estre
3636 2120 3912 2209 diligent
3945 2131 4353 2209 moyennant
4385 2124 4569 2211 layde

2634 2144 2719 2274 38
2761 2229 2918 2275 mon
2961 2207 3154 2275 Dieu.
3237 2208 3433 2288 Mais,
3490 2207 3837 2289 Monsieur‚
3899 2210 3966 2276 18
4017 2211 4339 2294 premiere
4381 2211 4568 2277 chose

2634 2316 2811 2379 quon
2851 2315 2962 2361 ma
3005 2294 3345 2373 demande‚
3404 2301 3626 2361 estant
3666 2296 3886 2362 arrive
3926 2317 4049 2380 par
4092 2296 4267 2376 deca,
4313 2317 4396 2379 88
4436 2304 4568 2364 este

2636 2382 2695 2448 81
2750 2382 3004 2466 i'avoye
3058 2381 3508 2466 tesmoignage
3568 2380 3651 2447 de
3702 2391 3924 2447 vostre
3980 2382 4208 2467 Eglise
4262 2390 4332 2449 et
4386 2404 4569 2469 apres

2637 2468 2822 2534 avoir
2841 2466 3238 2535 fidellement
3257 2474 3563 2551 rapporte
3584 2488 3658 2534 ce
3679 2489 3805 2552 que
3825 2468 4096 2535 m'aviez
4118 2467 4269 2548 dict,
4292 2490 4403 2535 me
4436 2470 4571 2535 feut

2638 2553 2889 2620 enioint
2931 2561 3171 2620 mettre
3205 2553 3395 2637 peine
3432 2551 3512 2619 de
3554 2572 3902 2620 recouvrer
3937 2554 4216 2639 quelque
4257 2564 4397 2621 mot
4431 2554 4568 2621 des-

2637 2640 2807 2725 cript
2860 2640 2942 2706 de·
2993 2659 3185 2719 vous,
3244 2643 3311 2705 et
3361 2659 3610 2706 mesme
3666 2638 3796 2704 m’a
3849 2662 3935 2705 on
3991 2639 4150 2707 faict
4201 2641 4427 2726 signer
4468 2662 4571 2707 ma

2634 2747 2985 2810 promesse.
3063 2727 3374 2809 Parquoy
3417 2725 3478 2791 ie
3521 2746 3686 2793 vous
3727 2726 4002 2809 supplic,
4047 2727 4408 2807 Monsieur‚
4451 2748 4570 2811 que

2636 2812 2804 2879 ainsi
2846 2832 2974 2895 que
3015 2833 3242 2878 mavez
3287 2819 3424 2877 este
3465 2831 3622 2895 pere
3662 2810 3932 2896 pardela
3972 2819 4189 2879 estant
4221 2833 4419 2880 cause
4451 2834 4571 2898 que

2636 2896 3561 3051 mm
3589 2898 4573 3071 1111188113

2639 3070 2917 3155 quelque
2959 3068 3093 3136 mal
3137 3089 3222 3135 ou
3265 3089 3432 3135 non:
3478 3071 3614 3136 afin
3654 3090 3780 3154 que
3821 3070 3882 3135 ie
3923 3070 4144 3153 puisse
4175 3077 4504 3137 monstrer
4535 3078 4574 3137 8

2639 3156 3129 3241 Messeigneurs
3171 3162 3239 3221 et
3271 3155 3479 3221 freres
3531 3176 3659 3240 que
3712 3155 3825 3240 iay
3883 3156 4139 3222 vouloir
4187 3155 4574 3241 dacoomplir

2639 3241 2737 3309 les
2799 3262 3165 3327 promesses
3229 3262 3353 3327 que
3415 3243 3529 3327 iay
3589 3241 3810 3307 faittes
3873 3264 3914 3309 8
3970 3242 4146 3309 1)188
4203 3250 4270 3308 et
4334 3263 4375 3309 8
4432 3265 4571 3308 eux.

2640 3328 2827 3396 Vous
2865 3329 3088 3415 priant
3128 3348 3234 3394 me
3275 3327 3647 3412 pardonner
3682 3327 3740 3395 si
3772 3326 4055 3411 plustost
4087 3349 4169 3414 ay
4205 3328 4296 3394 im
4385 3335 4573 3395 rtune

2640 3422 2860 3482 vostre
2914 3436 3110 3500 grace
3169 3436 3210 3481 8
3264 3433 3420 3500 moy
3474 3414 3543 3480 ia
3583 3433 3874 3500 cogneue
3915 3435 4040 3498 que
4081 3413 4244 3481 celle
4332 3436 4370 3479 e
4402 3414 4571 3481 Mes-

2640 3502 2848 3568 sieurs
2890 3521 3012 3569 voz
3055 3501 3278 3579 freres,
3335 3500 3641 3584 ausquelz
3695 3501 3945 3586 iestoye
3985 3519 4235 3566 comme
4276 3500 4340 3567 ie
4464 3519 4576 3566 nse

2635 3588 2977 3674 incogneu.
3065 3585 3199 3668 Qui
3242 3607 3389 3654 8818
3427 3585 3725 3667 lendroit‚
3782 3606 3869 3652 88
3909 3586 3974 3652 18
4017 3586 4244 3670 priray
4287 3584 4349 3652 le
4379 3521 4576 3670 &eig-

2636 3695 2807 3740 neur
2848 3693 3013 3742 vous
3066 3671 3319 3738 donner
3374 3694 3459 3739 en
3501 3672 3718 3739 bonne
3760 3679 3946 3737 sante
3987 3670 4225 3757 longue
4267 3672 4374 3739 vie
4416 3691 4574 3756 pour

2638 3759 2849 3827 servir
2867 3781 2909 3826 8
2943 3778 3019 3824 88
3049 3757 3275 3842 gloire.
3334 3756 3443 3824 De
3464 3756 3920 3825 Hesmoutiers
3940 3779 4013 3825 ce
4036 3763 4093 3825 7.
4116 3755 4198 3823 (18
4219 3757 4576 3825 Decembre

2643 3850 2801 3911 1561
2852 3865 2975 3929 981
3009 3844 3069 3910 18
3100 3851 3248 3909 tout

3229 3980 3471 4047 Vostre
3512 3978 3979 4047 tresobeissant
4020 3982 4344 4047 serviteur

3006 4066 3349 4152 Franqoys
3391 4065 3635 4151 Dugue
3676 4067 3977 4132 ministre
4020 4086 4060 4132 a
4102 4066 4570 4134 Hesmoutiers.

2638 4227 2786 4234 μ

2637 4305 3418 4389 8880.12Bdtm⁸t(Notice
3461 4321 3561 4361 eur
3604 4306 3653 4361 k
3694 4304 3887 4376 coulpe
3932 4306 4000 4361 de
4037 4304 4205 4373 Rieu)
4239 4321 4309 4361 ne
4340 4303 4574 4360 ditrict-

2637 4375 3206 4569 :thffiffi’aefom
3233 4443 3447 4500 Madau
3480 4442 3544 4499 in
3578 4460 3713 4514 auro
3759 4443 4003 4500 Vadenst'
4032 4444 4175 4498 inter
4213 4440 4567 4496 Lunensem
