4850 6117
587 383 714 448 44³

586 569 704 637 illa
744 565 1132 644 ostenderet,
1190 563 1397 630 nihilo
1441 565 1664 632 minus
1703 564 1895 649 capti,
1942 564 2025 630 ab
2067 563 2338 646 antiqua
2379 562 2531 629 reli-

589 655 802 742 gionis
843 668 910 718 et
962 654 1138 737 regis
1180 649 1632 717 observatione
1676 657 2128 715 avocarentur.
2219 652 2533 714 Astutum

590 740 877 825 profecto
912 745 979 802 et
1030 737 1442 822 ingeniosum
1485 737 1847 813 inventum,
1900 755 2017 819 pro
2059 755 2186 818 quo
2228 734 2539 803 videlicet

590 824 1103 911 quamplurimos
1167 822 1421 900 acriter,
1488 835 1797 905 tanquam
1862 842 1982 905 pro
2046 820 2191 904 lege
2256 820 2534 906 agraria,

590 911 889 978 videmus
930 909 1052 976 hoc
1089 920 1381 992 tempore
1416 907 1838 974 decertantes.
1927 905 2148 989 Quam
2189 907 2369 972 enim
2407 906 2536 973 vel-

591 999 731 1064 lent
768 1006 999 1062 tenues
1056 1016 1132 1061 ac
1185 993 1513 1060 libidinosi
1567 992 1948 1071 nebulones,
1992 993 2106 1076 qui
2149 993 2390 1075 partim
2433 992 2535 1057 in-

590 1085 774 1161 ertia,
827 1081 1068 1165 partim
1118 1079 1291 1146 male
1342 1078 1631 1164 gerendo
1686 1080 1945 1164 negotio
1999 1081 2088 1144 in·
2125 1087 2345 1145 vetere
2387 1097 2539 1143 aere

592 1171 808 1236 alieno
844 1166 1172 1244 vacillant,
1210 1167 1322 1250 qui
1356 1163 1745 1248 iampridem
1777 1174 2184 1250 premuntur,
2221 1165 2331 1248 qui
2367 1184 2539 1229 nun-

594 1276 788 1339 quam
867 1266 1226 1337 emergent,
1304 1272 1521 1334 quam,
1584 1252 1874 1335 inquam,
1940 1250 2188 1316 vellent
2251 1250 2539 1334 specioso

594 1341 811 1425 aliquo
866 1339 1133 1404 nomine
1188 1337 1271 1403 ad
1315 1358 1496 1421 spem
1556 1336 1836 1422 praedae
1889 1344 1957 1401 et
2011 1337 2394 1420 rapinarum
2436 1338 2539 1400 in-

595 1426 808 1505 vitari,
865 1444 1061 1509 quam
1115 1424 1389 1489 aliorum
1445 1422 1725 1489 fortunis
1785 1421 2116 1498 ditescere,
2183 1442 2343 1505 quas
2386 1442 2540 1486 con-

593 1513 913 1580 scelerata
988 1531 1065 1576 ac
1133 1510 1381 1575 nefaria
1443 1518 1663 1574 mente
1724 1508 1955 1574 tandiu
2017 1509 2489 1591 concupierunt
2506 1505 2539 1569 ἲ

595 1600 885 1665 'l'antum
949 1595 1158 1662 valuit
1220 1596 1379 1662 haec
1442 1595 1681 1678 opinio,
1746 1606 1824 1659 ut
1886 1595 2088 1660 etiam
2150 1594 2223 1659 in
2288 1603 2543 1659 mentes

597 1694 976 1752 nostrorum
1008 1680 1345 1746 hominum
1380 1682 1759 1765 penetrarit,
1801 1690 1876 1747 ut
1909 1678 2258 1746 multitudo
2292 1681 2362 1745 in
2396 1699 2544 1745 eam

598 1791 783 1856 spem
839 1766 1115 1852 praedae
1170 1767 1530 1832 etiamnum
1587 1764 1964 1845 adducatur,
2024 1777 2098 1832 ut
2142 1766 2544 1850 potentiores

597 1854 872 1924 eandem
910 1864 1348 1937 aucupentur:
1394 1853 1552 1937 quin
1595 1852 1795 1918 etiam
1849 1852 1930 1917 de
1974 1852 2203 1918 ordine
2245 1851 2543 1921 sacerdo-

595 1957 740 2009 tum
814 1938 1117 2005 nonnulli
1193 1940 1624 2023 reperiantur,
1704 1940 1814 2021 qui
1882 1959 2032 2005 cum
2106 1937 2546 2004 ecclesiastica

594 2026 864 2114 praedia
912 2026 1192 2091 obtineri
1246 2024 1596 2109 aliquando
1639 2025 1781 2090 vice
1824 2024 2431 2103 haereditariorum,
2477 2030 2547 2088 et

593 2135 746 2182 cum
805 2132 1011 2178 uxore
1068 2111 1262 2176 simul
1321 2110 1566 2189 haberi,
1624 2132 1699 2177 ac
1760 2110 1980 2177 liberis
2034 2109 2320 2193 relinqui
2355 2129 2545 2193 posse

592 2200 962 2285 opinentur,
1019 2196 1507 2262 coniuratorum
1568 2197 1880 2262 factiones
1935 2197 2134 2262 etiam
2197 2195 2547 2280 propagari

594 2307 729 2352 non
771 2282 1043 2349 moleste
1084 2284 1314 2347 ferant.
1403 2281 1531 2347 His
1564 2281 1906 2366 principiis
1949 2283 2184 2366 serpsit
2227 2281 2542 2366 paulatim

594 2372 722 2438 hoc
776 2371 847 2435 in
901 2390 1034 2453 rep.
1104 2367 1370 2447 malum,
1427 2368 1599 2451 quod
1647 2368 1717 2433 in
1774 2367 1912 2434 dies
1968 2371 2302 2451 querimur
2343 2368 2545 2436 vehe-

594 2455 883 2524 mentius
938 2456 1008 2519 in
1132 2474 1421 2520 vescere:
1478 2464 1548 2518 et
1599 2454 1696 2518 ita
1736 2456 1807 2518 in
1852 2474 2078 2521 omnes
2123 2455 2279 2538 reip.
2326 2465 2546 2538 partes

595 2542 878 2628 quadam
930 2561 1012 2607 ve
1038 2540 1138 2606 uti
1191 2540 1575 2624 contagione
1631 2538 2013 2617 dimanavit,
2071 2552 2144 2606 ut
2185 2541 2319 2605 iam
2357 2539 2544 2605 nullo

596 2626 883 2694 remedio
938 2647 1172 2709 corpus
1230 2626 1450 2691 sanari
1528 2639 1740 2710 queat,
1802 2626 1931 2692 nisi
1985 2627 2066 2693 ab
2123 2647 2200 2692 eo
2253 2625 2549 2691 membra

597 2716 869 2801 gravius
904 2713 1140 2779 affecta
1184 2711 1600 2777 divellantur.
1686 2711 1865 2778 Hinc
1908 2711 2026 2777 illa
2059 2714 2543 2779 coniuratorum

594 2801 880 2874 iactatio,
935 2800 1091 2864 hinc
1136 2797 1372 2875 minae,
1416 2798 1574 2864 hinc
1629 2799 2020 2882 arrogantia,
2065 2797 2218 2864 hinc
2250 2797 2546 2875 insidiae,

596 2908 763 2971 quae
806 2885 1038 2969 optimi
1072 2885 1383 2967 cuiusque
1415 2883 1580 2950 civis
1613 2886 1788 2950 vitae
1809 2892 2183 2951 struuntur:
2211 2884 2368 2950 hinc
2400 2904 2545 2967 spe·

596 2974 730 3040 cies
772 2991 1099 3037 armorum
1145 2990 1522 3054 causaeque,
1568 2980 1644 3035 ut
1683 2970 1809 3054 ipsi
1854 2971 2057 3048 aiunt,
2107 2968 2547 3053 suscipiendo·

598 3079 750 3123 rum
788 3055 1285 3123 honestissimae
1324 3056 1724 3140 prodierunt.
1785 3055 1964 3124 Hinc
2004 3056 2120 3121 illa
2162 3065 2552 3140 argumenta

602 3141 972 3209 laudandae
1028 3163 1183 3208 suae
1232 3142 1581 3222 doctrinae,
1627 3152 1691 3208 et
1737 3144 2017 3228 pietatis,
2063 3163 2181 3226 pro
2225 3163 2352 3226 qua
2394 3162 2550 3207 con-

603 3227 951 3303 tendimus,
995 3227 1347 3293 elevandae
1388 3237 1714 3313 promunt,
1759 3228 1931 3313 quod
1975 3237 2113 3295 tam
2157 3230 2342 3293 brevi
2387 3237 2550 3293 tem·

602 3334 760 3399 pore
816 3321 952 3378 tam
1000 3313 1240 3379 multos
1296 3323 1667 3394 sectatores,
1732 3326 1802 3380 et
1852 3315 2231 3399 opinionum
2286 3334 2551 3379 suarum

602 3398 899 3468 vindices
940 3400 1397 3483 pertraxerint,
1433 3402 1544 3484 qui
1586 3401 1789 3467 semel
1824 3401 2116 3484 persuasi
2158 3400 2359 3466 nullis
2401 3421 2551 3485 pos-

602 3499 714 3552 tea
768 3485 1132 3551 rationibus
1191 3484 1272 3550 de
1330 3488 1655 3552 sententia
1715 3486 1901 3554 deiiei
1947 3509 2022 3553 ac
2069 3486 2386 3553 dimoveri
2440 3508 2548 3570 po-

603 3579 890 3639 tuerunt.

773 3657 1085 3735 Putasne,
1131 3656 1323 3736 Beza,
1369 3678 1445 3722 eo
1478 3659 1960 3724 coniuratorum
2003 3680 2274 3725 manum
2316 3681 2391 3725 ac
2437 3678 2549 3742 po·

603 3744 879 3809 tentiam
939 3744 1344 3826 prorupisse,
1406 3752 1480 3807 ut
1534 3745 1715 3825 paria
1771 3745 1984 3811 facere
2041 3746 2374 3812 nobiscum
2393 3798 2407 3823 ,
2475 3755 2551 3809 ut

605 3829 806 3916 regiis
848 3830 1050 3912 copiis
1092 3828 1393 3895 collectos
1438 3848 1803 3913 ganconum
1851 3851 2083 3917 greges
2125 3833 2297 3898 iusto
2339 3842 2551 3898 marte

604 3922 804 3999 queat
865 3934 1190 3999 opponere
1210 3914 1243 3981 *ἲ
1326 3915 1502 3981 Tuos
1565 3912 1796 3982 deduci
1863 3916 1943 3982 de
2009 3919 2366 4002 pertinacia
2416 3937 2550 3983 non

603 4020 813 4085 posse,
857 4000 973 4066 sed
1029 4002 1098 4065 in
1144 4000 1401 4066 haeresi
1460 4002 1588 4085 [fol.
1637 4000 1707 4088 8]
1754 4022 1949 4084 quam
1992 4014 2058 4068 te
2102 4005 2375 4069 authore
2410 4025 2551 4070 sus·

605 4089 916 4169 ceperint,
954 4087 1173 4151 animo
1199 4087 1525 4151 obstinato
1559 4108 1941 4171 permanere
1963 4089 2280 4174 gloriaris.
2339 4090 2549 4155 Nimi-

608 4193 775 4249 rum,
819 4172 1010 4248 Beza,
1055 4174 1222 4253 quod
1247 4171 1504 4257 Ulyssis
1552 4174 1745 4239 sociis
1789 4196 1911 4240 usu
1951 4175 2208 4242 venisse
2251 4176 2319 4239 in
2363 4175 2549 4241 fabu-

606 4258 690 4321 lis
725 4258 1023 4341 legimus,
1061 4269 1134 4319 ut
1169 4270 1434 4340 gustata
1454 4259 1627 4322 Loto
1650 4262 1896 4345 patriae
1931 4263 2344 4327 immemores
2379 4260 2550 4345 apud

606 4343 1028 4425 Lotophagos
1081 4352 1382 4424 optarent
1435 4343 1744 4424 desidere,
1802 4356 1869 4410 et
1920 4346 2171 4413 Circeis
2222 4348 2554 4414 veneficiis

606 4428 677 4491 in
722 4449 871 4492 sues
915 4428 1217 4492 conversi
1257 4440 1322 4492 et
1378 4427 1749 4511 dementati,
1797 4433 2069 4497 humani
2112 4435 2243 4497 oris
2286 4454 2361 4496 ac
2405 4433 2551 4498 vul-

608 4524 717 4578 tus
781 4535 910 4577 non
977 4514 1256 4596 amplius
1313 4517 1782 4593 meminissent,
1846 4516 2022 4583 idem
2078 4518 2353 4583 forsitan
2422 4521 2552 4585 tuis

608 4598 859 4663 fatebor
915 4600 1308 4685 contingere,
1369 4612 1440 4664 ut
1492 4601 1685 4669 huius
1741 4605 2040 4668 licentiae
2093 4624 2286 4687 quam
2333 4614 2553 4670 vestra

609 4684 833 4750 schola
874 4694 1158 4750 ostentat
1200 4686 1449 4769 laqueis
1493 4690 1752 4765 irretiti,
1798 4703 1866 4755 et
1918 4691 1999 4755 ad
2044 4689 2162 4754 hos
2206 4689 2550 4755 libidinum

609 4782 678 4835 et
738 4772 1141 4854 corruptelae
1211 4773 1509 4856 scopulos
1572 4774 2150 4853 adhaerescentes,
2217 4777 2552 4860 religionis

609 4857 893 4921 salutare
970 4857 1400 4940 pharmacum
1470 4872 1779 4943 tanquam
1860 4863 2263 4927 absinthium
2343 4865 2554 4946 primo

608 4954 806 5026 gustu
851 4944 1126 5007 insuave
1168 4957 1618 5025 aspernentur.
1712 4948 1914 5012 Venit
1949 4948 2111 5014 mihi
2145 4950 2215 5012 in
2263 4960 2552 5014 mentem

608 5040 915 5112 argutum
970 5028 1135 5092 illud
1182 5030 1462 5111 Agesilai
1518 5031 1887 5116 philosophi
1940 5033 2207 5112 dictum,
2277 5056 2356 5099 ex
2425 5056 2553 5119 quo

606 5136 753 5180 cum
797 5122 1217 5197 quaereretur
1274 5136 1392 5179 cur
1434 5118 1896 5200 quamplurimi
1942 5122 2023 5185 ab
2071 5121 2422 5187 Academia
2468 5121 2552 5186 ad

604 5200 966 5282 Epicurum
1012 5197 1456 5277 desciscerent,
1504 5201 1695 5266 valde
1739 5205 1928 5286 pauci
1973 5208 2318 5285 resilirent,
2364 5229 2549 5290 pera·

606 5296 755 5351 cute
812 5283 1164 5367 respondit,
1225 5306 1308 5349 ex
1367 5286 1525 5352 viris
1584 5289 1918 5355 eunuchos
1972 5293 2153 5376 gigni
2211 5314 2419 5376 posse,
2467 5316 2549 5358 ex

2253 373 2717 445 EPIS'POLA
2773 379 2938 443 3805

4453 381 4561 443 444

2634 565 2955 632 eunuchis
2998 574 3218 632 autem
3256 566 3433 633 viros
3475 586 3888 650 nequaquam
3930 565 4154 633 solere.
4246 564 4362 633 Sic
4404 587 4446 632 a
4474 588 4566 633 sa·

2634 651 2884 735 pientia
2923 653 2995 716 in
3030 652 3272 718 erroris
3309 659 3583 736 puteum
3616 652 3798 719 leves
3830 652 4127 718 homines
4165 651 4354 718 facile
4397 673 4567 735 prae-

2634 738 2865 820 cipites
2919 738 3242 817 feruntur,
3297 738 3415 804 sed
3470 737 3553 804 ab
3610 758 3829 804 errore
3871 739 3942 803 in
4000 738 4175 803 viam
4230 737 4461 818 redire,
4511 748 4571 804 et

2634 823 2914 908 gradum
2956 823 3316 908 pedemque
3357 843 3665 890 revocare
3713 824 3796 891 iis
3840 824 4166 890 duntaxat
4204 842 4570 890 concessum

2637 915 2758 989 est,

2887 1061 3112 1132 Iupiter,
3149 1069 3248 1116 aut
3280 1002 4061 1119 alr-‹logngodlseuxsitnfftgthcra
4093 1065 4281 1118 virtus.
4294 1063 4348 1132 ⁸)

2810 1145 3207 1231 Quanquam
3261 1160 3331 1214 et
3379 1152 3522 1233 ipse
3579 1172 3711 1216 non
3771 1171 4010 1234 paucos
4069 1151 4312 1233 possim
4377 1149 4578 1215 nomi-

2641 1254 2798 1300 nare
2831 1235 3156 1317 exquisito
3190 1236 3427 1302 iudicio
3470 1246 3541 1301 et
3572 1235 3871 1303 doctrina
3934 1247 4336 1320 praestantes
4394 1235 4577 1313 viros,

2641 1317 2877 1404 quibus
2930 1319 3000 1384 id
3063 1318 3287 1385 divina
3343 1320 3610 1387 demum
3665 1322 4070 1407 benignitate
4120 1318 4424 1421 contigit,
4476 1318 4581 1386 sed

2641 1409 2964 1473 incertum
3030 1420 3131 1472 est
3194 1417 3416 1472 utrum
3480 1408 3807 1473 nominari
3872 1406 4100 1473 velint.
4197 1405 4376 1488 de
4439 1426 4582 1471 vero

2644 1493 2828 1559 vobis
2866 1490 3129 1557 videtur
3163 1491 3243 1557 de
3273 1493 3583 1559 Duareno
3619 1505 3881 1560 nostrae
3916 1495 4146 1560 aetatis
4173 1489 4578 1577 Papiniano?

2643 1578 2756 1662 qui
2798 1598 2950 1644 cum
3004 1578 3228 1644 morbo
3273 1578 3709 1664 praepeditus,
3768 1578 3850 1645 de
3904 1589 4112 1645 morte
4154 1578 4471 1656 solicitus,
4512 1576 4583 1643 de

2643 1684 2765 1730 sua
2807 1664 3016 1729 salute
3076 1666 3313 1731 anxius
3355 1666 3690 1749 cogitaret,
3736 1667 4129 1732 sententiam
4172 1686 4358 1731 suam
4406 1683 4582 1729 revo-

2644 1749 2850 1814 cavit:
2910 1762 2979 1815 et
3031 1752 3400 1817 convocatis
3443 1752 3746 1817 omnibus
3812 1771 3975 1834 quos
4018 1750 4308 1817 eiusdem
4351 1751 4584 1816 erroris

2645 1835 2937 1902 conscios
2996 1834 3333 1913 habuerat,
3388 1837 3607 1922 palam
3650 1838 4039 1904 testificatus
4080 1845 4183 1903 est
4215 1857 4333 1921 pro
4373 1854 4586 1902 sacro-

2642 1930 2870 1989 sancta
2915 1920 3244 1989 Ecclesiae
3286 1922 3610 2007 dignitate
3653 1944 3728 1990 ac
3772 1924 4049 1990 veritate
4088 1934 4317 1989 contra
4356 1921 4588 1987 confic-

2644 2021 2783 2073 tam
2847 2017 2915 2072 et
2979 2009 3415 2093 excogitatam
3471 2008 3550 2074 ab
3606 2009 3746 2075 istis
3802 2010 4218 2094 impietatem.
4246 2012 4300 2085 ⁰)
4401 2005 4588 2088 Quod

2646 2106 2867 2159 autem
2911 2115 2982 2159 se
3025 2095 3218 2160 toties
3263 2116 3304 2160 a
3342 2095 3533 2161 nobis
3575 2096 3971 2173 verberatos,
4016 2104 4302 2173 necatos,
4353 2113 4588 2172 caesos,

2644 2187 2713 2245 et
2755 2179 2935 2245 omni
2979 2200 3219 2263 genere
3253 2189 3731 2247 tormentorum
3775 2190 3843 2246 et
3885 2182 4286 2247 cruciatuum
4324 2186 4590 2245 vexatos

2646 2274 3156 2348 conqueruntur,
3214 2287 3291 2333 ac
3347 2267 3553 2333 nihilo
3596 2267 3814 2333 minus
3857 2288 3926 2334 se
3963 2268 4145 2333 vivos
4187 2265 4490 2341 cremari,
4531 2271 4593 2329 et

2647 2350 3096 2418 crudelissime
3149 2353 3335 2429 mori,
3390 2373 3587 2436 quam
3644 2353 3924 2436 turpiter
3986 2350 4322 2419 nobiscum
4372 2352 4593 2417 vivere

2648 2446 2846 2520 atque
2902 2437 3150 2504 sentire
3202 2438 3512 2505 maluisse
3569 2450 3703 2503 tam
3757 2459 3951 2522 saepe
3994 2438 4343 2516 obiectant,
4390 2435 4592 2502 habeo

2648 2522 2820 2608 quod
2873 2524 3004 2590 illis
3063 2524 3351 2591 breviter
3392 2524 3838 2609 respondeam.
3929 2525 4073 2607 Ego
4115 2522 4379 2607 quidem
4425 2532 4592 2589 certe

2650 2611 2743 2675 sic
2787 2619 3025 2689 statuo,
3069 2619 3146 2676 ut
3186 2612 3257 2676 in
3304 2612 3614 2677 extremis
3655 2631 4000 2694 corporum
4044 2608 4287 2675 morbis
4311 2661 4328 2688 ,
4374 2609 4472 2674 ita
4527 2608 4594 2672 in

2651 2696 2838 2779 Reip.
2887 2696 3267 2763 vulneribus
3310 2697 3492 2763 nulla
3535 2696 3821 2765 remedia
3863 2705 3999 2763 tam
4041 2696 4253 2761 facere
4287 2693 4593 2772 dolorem,

2650 2801 2848 2864 quam
2911 2802 3079 2865 quae
3141 2782 3223 2847 ad
3289 2783 3564 2850 salutem
3623 2782 4031 2861 adhibentur.
4137 2780 4218 2848 Id
4283 2780 4594 2847 Caesares

2652 2867 3043 2934 christianos
3099 2868 3379 2936 sensisse
3442 2871 3963 2952 iurisperitorum
4019 2867 4167 2933 libri
4225 2876 4591 2933 testantur:

2651 2952 2719 3018 id
2755 2954 2974 3038 Reges
3030 2964 3285 3021 nostros
3340 2955 3688 3034 censuisse,
3749 2955 4020 3020 annales
4062 2964 4131 3019 et
4169 2962 4595 3020 monumenta

2652 3050 2876 3124 aperte
2927 3040 3318 3123 loquuntur:
3385 3039 3454 3106 id
3507 3049 3836 3125 postremo
3878 3041 3974 3105 ita
4030 3061 4172 3107 esse
4224 3039 4594 3115 faciendum

2651 3125 2972 3192 Calvinus
3005 3129 3079 3191 in
3108 3125 3370 3193 Serveti
3405 3127 3745 3210 supplicio,
3779 3126 3849 3192 id
3868 3126 4045 3193 Beza
4078 3126 4213 3193 suis
4253 3126 4592 3210 scriptis,⁷)

2653 3233 2929 3295 quorum
2974 3233 3081 3278 me
3122 3213 3409 3279 maxime
3443 3213 3809 3279 authoritas
3850 3213 3921 3277 in
3963 3211 4089 3279 hac
4129 3221 4315 3296 parte
4358 3219 4591 3289 movet,

2654 3296 3107 3365 indubitanter
3157 3300 3588 3367 confirmavit.
3678 3299 3857 3383 Ergo
3905 3299 4298 3377 coniuratos,
4344 3295 4477 3398 [fol.
4523 3294 4589 3383 9]

2656 3386 2768 3469 qui
2805 3386 2935 3450 iam
2972 3384 3223 3451 dudum
3257 3386 3325 3450 in
3359 3385 3689 3469 pravitate
3709 3384 4157 3451 obduruerunt
4189 3383 4382 3465 (mihi
4419 3384 4592 3449 enim

2654 3484 2985 3538 certamen
3040 3472 3368 3538 duntaxat
3422 3472 3853 3539 committitur
3906 3492 4056 3536 eum
4110 3468 4434 3555 pestiferis
4489 3478 4592 3534 tu-

2653 3556 2980 3622 multuum
3051 3557 3636 3623 machinatoribus:
3704 3559 3995 3637 caeteris,
4072 3555 4185 3641 qui
4249 3556 4386 3621 sola
4447 3576 4591 3621 sen·

2653 3642 2861 3709 tiendi
2903 3643 3264 3710 mobilitate
3304 3663 3381 3710 ac
3435 3664 3655 3709 errore
3708 3643 4053 3723 ducuntur,
4089 3664 4220 3708 non
4262 3641 4455 3707 modo
4494 3643 4590 3726 ig·

2654 3748 2870 3809 nosce,
2937 3728 3051 3795 sed
3118 3737 3408 3796 mentem
3467 3730 3802 3796 meliorem
3867 3751 3943 3796 ac
4008 3729 4354 3794 sanitatem
4418 3731 4591 3811 opto)

2654 3817 3023 3883 coniuratos
3075 3815 3365 3900 inquam,
3431 3817 3543 3900 qui
3598 3815 3924 3900 publicam
3981 3815 4293 3882 bonorum
4352 3815 4590 3881 civium

2656 3901 3216 3984 tranquillitatem,
3271 3903 3382 3986 qui
3441 3901 3868 3980 concordiam,
3927 3903 4038 3985 qui
4081 3921 4306 3984 pacem
4342 3908 4590 3983 pertur-

2656 3988 2912 4066 barunt,
2958 3988 3071 4071 qui
3105 3989 3254 4054 iura
3293 3989 3658 4055 communis
3691 3988 4014 4054 societatis
4050 3986 4396 4064 violarunt,
4438 4006 4588 4069 quo-

2654 4074 2833 4140 niam
2893 4075 3272 4159 resipiscere
3337 4093 3671 4158 nunquam
3727 4074 4232 4152 meditabuntur,
4298 4072 4466 4139 ferro
4517 4092 4597 4137 ac·

2655 4159 2853 4226 caede
2894 4159 3142 4227 iudicas
3179 4182 3324 4227 esse
3362 4158 3832 4226 vindicandos?
3921 4161 4059 4226 Cur
4092 4180 4212 4244 ego
4256 4178 4385 4225 non
4425 4157 4587 4223 iudi·

2655 4266 2890 4323 carem,
2946 4246 3116 4329 quod
3171 4247 3233 4313 le
3279 4269 3366 4325 es,
3422 4244 3595 4330 quod
3640 4246 3875 4330 Reges,
3922 4245 4093 4330 quod
4135 4245 4583 4328 Imperatores,

2656 4330 2826 4416 quod
2879 4334 3043 4398 istos
3106 4331 3214 4399 vid
3277 4335 3404 4398 icet
3460 4333 3917 4416 integerrimos
3971 4352 4268 4398 censores
4313 4331 4584 4397 sensisse

2657 4416 2849 4484 audio
2870 4417 2903 4481 ⁰?
2988 4419 3132 4484 Imo
3175 4423 3231 4485 si
3276 4418 3620 4499 Catilinae,
3664 4419 3719 4484 si
3754 4415 4118 4494 Saturnini,
4165 4417 4220 4481 si
4266 4416 4583 4483 Graccho-

2860 4695 2916 4761 5)
2964 4695 3113 4763 Vin-9.
3149 4694 3288 4748 Aen.
3323 4693 3418 4746 VI.
3462 4692 3575 4747 129.

2858 4764 2920 4828 6)
2965 4765 3111 4818 Obiit
3144 4763 3238 4816 cel.
3273 4763 3365 4817 iue
3396 4761 3831 4831 Bituriqensium
3867 4762 4039 4817 IGtus
4073 4777 4126 4818 a.
4163 4761 4313 4816 1559.
4355 4759 4440 4813 De
4469 4759 4581 4811 eius

2651 4831 2939 4899 palinodia
2967 4833 3072 4886 tali
3101 4832 3238 4886 alubi
3271 4831 3422 4886 nihil.
3471 4828 3875 4896 Reformatt'oni
3906 4832 4120 4902 quidem
4156 4828 4581 4897 adstipulabatur

2654 4916 2837 4954 verum
2883 4917 2995 4954 non
3035 4902 3247 4969 palam,
3307 4907 3638 4970 quapropter
3688 4901 4007 4955 Balduinus
4049 4916 4165 4954 eum
4211 4898 4581 4955 Nicodem'tan

2654 4970 2963 5038 appellavit.
3052 4969 3181 5024 Vide
3228 4969 3296 5037 ej.
3330 4969 3492 5040 Besp.
3532 4969 3955 5024 Christianorum
3990 4969 4478 5023 iurisconsultorum
4508 4962 4577 5015 ad

2655 5039 2891 5092 Duareni
2949 5054 3137 5093 comm.
3190 5038 3259 5092 de
3312 5039 3627 5092 ministeriis
3679 5041 3806 5093 eccl.
3860 5042 3909 5094 A
3976 5078 3990 5092 .
4047 5037 4198 5093 1556.
4293 5037 4373 5093 Of.
4424 5038 4577 5090 eua-

2655 5108 2836 5230 ἔσεαι
2856 5107 3084 5231 Ιέεὲἧδ
3107 5106 3184 5162 ad
3235 5107 3403 5163 Bata.
3454 5109 3516 5161 in
3580 5107 3758 5162 Tract.
3812 5110 3895 5162 ed.
3911 5057 4098 5164 1.ῗὸ82.
4142 5107 4209 5161 11.
4248 5105 4360 5173 199,
4398 5100 4573 5174 chla.

2715 5194 2750 5231 a
2931 5217 2946 5232 .
3086 5217 3096 5229 .

2752 5193 2823 5246 aa
2859 5244 2918 5311 7)
2976 5246 3056 5298 De
3110 5246 3396 5299 haereticis
3450 5263 3481 5297 a
3535 5245 3679 5298 civili
3733 5245 4050 5313 magistratu
4100 5244 4383 5313 puniendis
4434 5237 4569 5294 1554

2651 5312 2869 5380 (To-act.
2902 5314 2945 5367 1.
2979 5312 3090 5381 84.)
