4850 6117
250 404 385 468 625

249 590 475 658 dureh
532 590 660 657 den
717 589 998 677 gelouen
1052 589 1260 658 duroh
1313 589 1419 657 die
1471 588 1646 676 gnad
1833 610 1903 657 es
1945 611 2054 658 om
2099 590 2204 657 die

245 675 460 745 liefde
502 696 702 762 synes
749 697 941 744 sones
984 677 1139 744 Iesu
1184 675 1437 744 Christi
1479 697 1670 744 onses
1758 697 1917 744 eren
1960 676 2205 744 sunder

246 783 427 830 vnse
473 763 531 829 ei
615 785 660 828 n
703 763 1143 830 verdiensten.

440 848 535 916 Ge
765 849 905 916 aiek
946 851 1031 932 jn
1083 849 1248 916 allen
1301 849 1578 916 anderen
1625 854 1899 933 penaten
1938 868 2056 914 ons
2097 848 2208 915 der

246 934 750 1020 uuspmyischer
790 935 1151 1018 confession,
1205 933 1344 1000 aick
1392 955 1543 1020 yene
1594 934 1881 1021 heimliye
1921 933 2208 1020 ὀψωνησ-

244 1025 392 1087 sten
460 1020 617 1089 noch
678 1023 1134 1106 veryaderunye
1187 1020 1489 1103 tomam,
1556 1022 1790 1088 sunder
1851 1021 2019 1088 auen
2080 1021 2209 1086 vnd

230 1106 511 1190 ,ἐσιὼν-θη
550 1108 929 1175 eeremouien
960 1107 1311 1192 christum
1344 1106 1475 1174 lehr
1508 1108 1633 1174 vna
1663 1107 1969 1193 prediqen
2000 1106 2207 1173 beiden·

243 1192 511 1261 keroken
568 1193 748 1261 deser
802 1197 947 1260 stau
1002 1193 1226 1261 Wesell
1281 1194 1430 1259 item
1478 1193 1852 1279 derseluiyer
1892 1197 2040 1260 sta&
2067 1193 2208 1275 pri-

189 1314 196 1323 ·
245 1278 920 1364 uaeyienpzebisoiten
953 1281 1078 1347 ond
1104 1278 1441 1365 qewonheit
1468 1299 1735 1363 ymeess
1766 1279 2054 1347 tohalden
2081 1279 2209 1346 vna

245 1363 353 1433 tho
397 1385 473 1431 er
551 1366 565 1379 ‘
605 1382 700 1444 en,
744 1365 1053 1452 daryeyen
1095 1366 1193 1432 nit
1234 1365 1487 1431 thodoin
1524 1365 1676 1432 ader
1707 1365 1906 1432 durch
1939 1365 2210 1431 anderen

241 1386 630 1536 manium
650 1452 890 1519 werden
928 1452 1031 1519 tho
1062 1452 1270 1518 reieen
1289 1450 1489 1518 weder
1506 1452 1623 1518 mit
1655 1451 1909 1518 werden
1942 1450 2209 1519 wereken

247 1536 416 1603 ader
460 1538 802 1623 jeniqerley
841 1538 1023 1605 wiese
1075 1538 1202 1604 ond
1241 1537 1563 1604 mamieren
1982 1557 2070 1603 na
2113 1536 2209 1603 be-

244 1623 1015 1776 mmmmffljnwend
1014 1623 1327 1693 iehdrten'
1361 1622 1561 1708 daqen
1594 1621 2210 1692 deserstattwesezl

1200 1933 1276 2000 C.

639 2053 1160 2139 conrnsslo
1207 2068 1824 2138 VESALOENSIS

252 2192 367 2259 oui
404 2198 630 2259 ooetus
665 2189 962 2259 Gallieus
996 2190 1716 2342 {dssipulassssssammm
1750 2212 1821 2257 se
1855 2189 2212 2257 declaravit

1039 2326 1055 2343 .
1158 2298 1258 2343 ov.
1476 2325 1492 2342 .

965 2429 1231 2500 (Wolters
1265 2446 1318 2499 p.
1349 2427 1496 2498 458.)

380 2576 438 2636 1.
487 2570 592 2637 De
635 2569 984 2636 divinitate
1028 2576 1095 2634 et
1135 2567 1543 2635 humanitate
1586 2566 1857 2634 Domini
1899 2566 2112 2635 nostri

1003 2653 1160 2720 Iesu
1204 2653 1474 2720 Christi.
1515 2697 1520 2702 -

438 2792 789 2861 Credimus
851 2813 930 2858 ea
992 2812 1136 2859 esse
1198 2812 1361 2858 vera
1423 2810 1590 2875 quae
1657 2791 2079 2857 eontinentur
2140 2789 2214 2856 in

259 2878 564 2980 symbolo
600 2879 1058 2964 apostolorum,
1103 2877 1358 2946 oonoilii
1392 2877 1626 2944 Nieeni
1661 2884 1729 2943 et
1746 2875 1818 2944 S.
1843 2875 2212 2957 Athanasii,

259 2973 438 3034 mont
503 2964 760 3031 nullum
818 2966 1210 3031 eonfitemur
1285 2964 1487 3029 alium
1550 2982 1693 3029 esse
1757 2961 1951 3029 deum
2018 2983 2215 3047 quam

258 3072 482 3118 unum
525 3051 739 3117 solum
780 3059 849 3117 et
889 3072 1022 3116 non
1066 3049 1288 3134 plures
1322 3050 1488 3129 deos,
1538 3049 1611 3114 in
1654 3057 1787 3114 tres
1831 3047 2209 3116 distinctum

257 3157 600 3222 personas,
644 3143 899 3221 patrem
943 3135 1155 3203 filium
1198 3142 1265 3202 et
1305 3137 1610 3219 spiritum
1654 3141 1976 3201 sanetum.
2050 3134 2212 3202 Cre-

261 3223 489 3291 dimus
551 3224 749 3290 etiam
812 3222 986 3307 quod
1042 3221 1233 3288 Iesus
1286 3220 1594 3288 Christus
1649 3218 1828 3286 filius
1866 3218 1996 3286 Dei
2061 3241 2212 3287 eon-

259 3316 498 3394 eeptus
541 3309 742 3375 fuerit
783 3308 866 3374 de
920 3308 1156 3392 spiritu
1208 3316 1435 3375 saneto
1478 3313 1546 3372 et
1586 3312 1786 3371 natus
1829 3326 1915 3372 ex
1955 3307 2213 3392 virgine

259 3395 507 3476 Maria,
550 3402 618 3460 et
658 3395 833 3478 quod
884 3392 1058 3460 idem
1115 3393 1230 3460 ille
1271 3414 1470 3462 verus
1527 3391 1617 3459 sit
1658 3392 1845 3458 Deus
1902 3400 1970 3457 et
2012 3413 2213 3459 verus

259 3481 484 3560 homo,
544 3481 655 3566 qui
717 3500 983 3546 earnem
1049 3500 1240 3546 suam
1302 3477 1552 3562 aeoepit
1607 3486 1676 3542 et
1735 3498 1930 3545 suum
1988 3498 2214 3545 verum

259 3568 657 3652 sanguinem
712 3586 797 3632 ex
839 3566 1100 3651 virgine
1141 3566 1372 3643 Maria,
1428 3571 1496 3630 et
1547 3561 1718 3647 quod
1774 3584 1895 3649 per
1936 3572 2213 3632 mortem

260 3673 460 3720 suam
503 3675 579 3720 ae
621 3653 990 3738 passionem
1025 3650 1377 3717 redemerit
1409 3670 1527 3716 nos
1563 3670 1604 3714 a
1634 3649 1919 3734 peoeatis
1952 3651 2211 3730 nostris,

261 3747 330 3806 et
375 3759 499 3824 per
540 3759 729 3805 suam
786 3737 1138 3823 gloriosam
1189 3756 1266 3804 ae
1320 3735 1518 3802 trium
1570 3735 1841 3802 hantem
1881 3755 2213 3803 resurree-

259 3826 518 3892 tionem
549 3823 1022 3892 iustifieaverit.
1083 3821 1429 3890 Credimus
1450 3829 1653 3888 etlam
1672 3823 2213 3889 resurrectionem

261 3911 489 3979 earnis
552 3919 621 3977 et
683 3910 854 3995 quod
919 3928 1335 3993 resurgemus
1378 3929 1419 3973 a
1459 3915 1671 3973 morte
1725 3908 1797 3972 in
1855 3908 2211 3974 novissimo

264 3996 375 4063 die
413 4018 568 4064 oum
611 3996 735 4062 hae
777 3995 1044 4081 propria
1086 4003 1309 4060 nostra
1349 4014 1567 4072 earne,
1625 3993 1778 4059 boni
1864 3993 2082 4059 uidem
2127 3992 2211 4059 ad

262 4083 553 4151 salutem
597 4092 666 4149 et
706 4081 920 4148 vitam
961 4090 1313 4160 aeternam,
1371 4078 1530 4145 mali
1571 4099 1727 4148 vero
1903 4079 2211 4147 oondem-

260 4171 599 4236 nationem
643 4175 712 4236 et
753 4175 1051 4233 mortem.

949 4343 1008 4405 2.
1052 4339 1159 4405 De
1199 4339 1540 4422 baptismo.

441 4459 549 4528 Ad
585 4461 746 4528 haee
780 4462 1166 4527 eonfitemur
1198 4480 1409 4525 unum
1442 4458 1853 4559 baptismum·
1870 4458 1945 4524 in
1977 4458 2209 4525 remis·

267 4547 522 4614 sionem
565 4555 996 4632 peecatorum,
1051 4553 1118 4611 et
1159 4544 1332 4645 quod
1383 4546 1666 4646 infantes
1721 4551 1858 4631 (qm
1913 4545 2206 4644 ooneepti

268 4641 427 4701 sunt
453 4634 537 4783 fin
579 4633 872 4783 peoeago)
932 4633 1070 4733 sint
1125 4631 1516 4783 balilptlsandi,
1577 4652 1731 4698 nam
1780 4631 2208 4783 {rpmmsioag

270 4718 392 4872 233
421 4726 760 4890 Pffiege
769 4725 1109 4889 ἰῑῗιῗιιίἷὲῗ
1132 4717 1776 4888 Οὴῖιξίὲῗεωαρῖἶὶαῖ
1809 4722 2207 4886 &Qum

269 4891 838 4976 regenerationem
895 4896 1013 4957 aut
1067 4889 1479 4956 nativitatem
1537 4910 1775 4956 novam
1838 4909 1956 4988 per
2010 4908 2207 4972 quam

268 4973 1369 5130 iibezamiufiffntymfiffiidqtgabffl’
1458 4977 1679 5127 eeeatii,
1723 4980 1955 5075 mortis
1995 4984 2061 5040 et
2092 4975 2206 5126 {n-

271 5083 538 5216 „⁰523ss
552 5149 657 5217 dei
701 5084 1208 5216 22⁵00122032d03
1241 5081 1507 5215 gilii-isti
1536 5081 2206 5231 ‘bssiffssffmssl

269 5234 554 5304 sessione
605 5236 1047 5319 improbamus
1091 5253 1166 5300 ae
1209 5232 1611 5300 detestamur
1654 5254 1880 5301 omnes
1923 5231 2206 5317 rebapti-

271 5331 443 5390 satos
499 5331 614 5388 aut
671 5321 1120 5407 anabaptistae
1173 5328 1241 5386 et
1296 5340 1405 5387 eos
1462 5318 1766 5387 similiter
1820 5318 1935 5403 qui
1991 5318 2204 5404 despi-

469 5424 695 5482 oazms·
732 5439 918 5495 opera.
999 5423 1114 5481 Vol.
1146 5421 1317 5478 mx.

1957 402 2122 467 1563
2165 400 2546 471 IANUAR.

4123 410 4250 473 626

2307 592 2555 658 eientes
2597 591 2707 658 vel
2749 595 3239 658 eontemnentes
3281 610 3333 656 s.
3379 589 3775 676 baptismum
3817 612 4053 675 pueros
4095 612 4253 660 suos

2306 696 2444 744 non
2485 678 2843 763 baptisatos
2886 696 3152 744 manere
3195 677 3552 760 patiuntur,
3607 685 3721 744 aut
3764 677 3877 762 qui
3919 698 4040 763 per
4082 678 4249 746 osei-

2307 764 2584 829 tantiam
2627 763 2737 832 vel
2777 764 2954 849 negli
3002 762 3248 830 entiam
3292 763 3729 830 voluntariam
3774 763 4037 831 eosdem
4079 766 4253 832 mori

2307 849 2532 915 sinunt
2575 857 2926 935 antequam
3053 847 3400 934 ptisentur,
3457 849 3909 917 existimantes
3953 857 4020 917 et
4074 870 4251 924 asse-

2308 942 2529 1002 rentes
2551 937 2949 1020 baptismum
2967 934 3189 1019 pueris
3228 955 3372 1001 esse
3406 937 3818 1021 superfluum
3849 937 4004 1019 quia
4023 938 4255 1005 sandi-

2303 1022 2573 1104 fieantur
2604 1022 2879 1105 infantes
2898 1042 3022 1105 per
3049 1021 3545 1104 prmissiomm,
3569 1042 3761 1105 quum
3793 1026 4251 1090 sacramentum

2307 1108 2393 1173 sit
2433 1108 2821 1190 confirmatio
2867 1108 3174 1191 quaedam
3216 1106 3573 1188 infirmitati
3619 1107 3934 1175 humanae
3972 1128 4250 1176 necessa-

2308 1193 2434 1273 ria,
2480 1200 2551 1260 ut
2589 1193 2706 1260 hae
2746 1194 2986 1259 ratione
3018 1193 3362 1274 promissio
3393 1193 3600 1277 mayis
3637 1214 3751 1261 nos
3774 1213 4112 1277 provocare
4152 1196 4254 1262 de-

2309 1278 2447 1432 (blm
2503 1280 2589 1346 ad
2642 1279 3020 1363 baptismum
3072 1298 3264 1362 quam
3316 1279 3402 1344 ad
3459 1279 3652 1345 huius
3701 1284 4101 1363 contemptum
4154 1282 4254 1347 in-

2353 1385 2549 1433 acere.

2891 1573 2949 1637 3.
2996 1568 3101 1637 De
3143 1590 3344 1637 eoena
3386 1569 3673 1637 Domini.

2485 1706 2830 1774 Credimus
2885 1707 3085 1773 etiam
3141 1705 3314 1793 quod
3370 1726 3575 1774 eoena
3616 1707 3884 1774 Domini
3942 1705 4261 1776 eelebrari

2312 1793 2546 1860 debeat
2589 1799 2657 1859 et
2698 1792 3145 1859 administrari
3190 1794 3491 1860 omnibus
3522 1792 3897 1864 hominibus
3940 1796 4061 1862 sub
4097 1795 4259 1863 dua-

2311 1879 2433 1945 bus
2477 1879 2836 1962 speciebus,
2878 1878 3191 1944 nimirum
3234 1899 3404 1962 pane
3446 1885 3514 1944 et
3547 1879 3720 1960 vine,
3764 1880 3955 1947 iuxta
3997 1881 4260 1947 ordina-

2312 1965 2563 2032 tionem
2625 1969 2694 2029 et
2757 1963 3239 2030 institutionem
3294 1963 3564 2046 Christi,
3631 1972 3699 2030 et
3764 1965 3935 2049 quod
3998 1967 4072 2031 in
4137 1967 4261 2035 hae

2312 2070 2516 2119 eoena
2580 2051 2948 2117 substantia
3010 2051 3151 2116 veri
3217 2052 3507 2135 eorporis
3572 2056 3640 2117 et
3702 2050 4043 2136 sanguinis
4107 2052 4265 2120 Iesu

2313 2137 2569 2205 Christi
2611 2157 2808 2221 quam
2854 2136 3101 2219 aeeepit
3136 2134 3216 2202 de
3250 2136 3510 2221 virgine
3544 2135 3761 2202 Maria
3803 2137 4109 2205 omnibus
4146 2159 4263 2205 ex-

2312 2223 2618 2289 hibeatur
2675 2229 2813 2288 tam
2869 2220 3055 2288 bonis
3111 2241 3306 2306 quam
3350 2221 3559 2290 malis,
3645 2220 3736 2288 Et
3774 2223 3912 2290 lieet
3952 2224 4075 2291 soli
4128 2229 4266 2291 tava-

2313 2315 2445 2374 tum
2483 2308 2699 2391 fideles
2739 2308 2867 2374 sint
2898 2309 3012 2391 qui
3052 2328 3192 2374 vere
3228 2307 3555 2391 recipiant,
3599 2313 3746 2375 sunt
3787 2313 3990 2377 tamen
4031 2315 4090 2377 et
4130 2311 4263 2394 ipsi

2313 2394 2592 2478 infideles
2624 2399 2754 2459 tam
2790 2393 3071 2475 corporis
3102 2413 3294 2477 quam
3325 2394 3660 2479 seminis
3700 2395 3816 2475 rei,
3860 2396 4015 2479 quia
4048 2416 4261 2464 saera-

2313 2484 2587 2547 mentum
2619 2478 2909 2562 polluunt
2935 2478 3090 2544 dum
3128 2479 3461 2563 recipiunt.
3538 2479 3687 2547 Hoe
3728 2482 4111 2548 eonfitentes
4155 2502 4260 2548 re·

2315 2566 2574 2633 iieimus
2630 2565 2829 2630 etiam
2884 2563 3685 2631 transsubstantiationem
3744 2567 4154 2650 papistarum
4195 2575 4262 2634 et

2316 2652 2687 2736 opinionem
2732 2649 3294 2734 Capernaitarum,
3341 2650 3574 2716 deinde
3608 2652 3805 2718 etiam
3840 2672 4066 2719 eorum
4109 2651 4260 2720 doe-

2316 2739 2561 2803 trinam
2604 2736 2718 2820 qui
2761 2734 2995 2802 doeent
3051 2735 3316 2821 signum
3359 2744 3616 2803 tantum
3659 2758 3801 2804 esse
3854 2745 3924 2804 et
3974 2740 4261 2824 figuram

2314 2822 2564 2890 nudam
2624 2822 2915 2905 eorporis
2965 2828 3035 2887 et
3090 2821 3432 2908 sanguinis
3471 2821 3628 2890 Iesu
3687 2822 3956 2903 Christi,
4019 2823 4259 2910 quique

2317 2909 2550 2976 dooent
2592 2929 2712 2974 nos
2762 2908 3063 2990 spiritum
3105 2926 3294 2974 suum
3333 2915 3595 2975 tantum
3638 2910 3941 2993 resipere,
3998 2910 4262 2977 volentes

2316 2995 2633 3062 &eludere
2669 3013 2919 3062 earnem
2962 2998 3021 3060 et
3060 2995 3444 3079 sanquinem,
3488 3013 3640 3061 nam
3676 2993 3910 3062 dietum
3953 3001 4073 3063 est.-
4114 3016 4263 3065 earo

2315 3101 2457 3148 mea
2511 3098 2652 3147 vere
2708 3084 2797 3146 est
2850 3078 3026 3146 cibus
3081 3083 3138 3144 et
3190 3080 3670 3166 sanquismeue
3723 3101 3863 3148 vere
3913 3085 4257 3166 estpotus.

2317 3166 2408 3233 Et
2463 3166 2753 3249 quamvis
2809 3166 2961 3233 talis
3011 3167 3272 3248 receptio
3323 3166 3689 3250 wiritualis
3743 3167 3848 3249 sit,
3895 3168 3967 3235 id
4005 3168 4265 3235 minime

2316 3258 2408 3321 est
2446 3252 2647 3320 dicere
2687 3270 2817 3317 non
2870 3271 3001 3319 esse
3041 3253 3272 3319 realem
3328 3272 3402 3319 ae
3442 3251 3632 3319 multo
3673 3254 3887 3319 minus
3943 3253 4259 3339 ἱππαρίω-

2313 3339 2501 3405 riam.
2577 3336 2949 3420 Confitentur
2988 3336 3154 3404 enim
3185 3337 3367 3421 quod,
3413 3338 3703 3421 quamvis
3747 3337 4037 3407 Christus
4076 3340 4261 3407 iuxta

2312 3429 2610 3491 naturam
2642 3424 2986 3491 humanam
3019 3424 3092 3490 in
3125 3422 3282 3492 coelo
3323 3423 3411 3490 eit
3439 3424 3608 3491 unde
3638 3444 3779 3491 eum
3810 3430 4260 3510 exepedamus,

2312 3512 2525 3578 sedeat
2562 3514 2770 3576 tamen
2826 3510 3163 3577 seeundum
3219 3509 3534 3593 infinitam
3590 3511 3876 3578 virtutem
3930 3532 4117 3580 suam
4172 3512 4263 3578 ad

2311 3595 4261 3682 dextramdeipae-iswiquaeubiqneextenditur.1zaque

2310 3683 2917 3750 simdesoensuaut
2957 3681 3676 3767 locimutationepotest
3715 3683 4258 3751 etvultnosvere

2310 3768 2559 3836 nubm're
2587 3787 2703 3835 suo
2733 3787 2983 3852 corpore
3016 3771 3074 3834 et
3105 3768 3608 3853 sanquinemodo
3637 3767 4252 3851 incomprehensibili.

2519 3980 2580 4039 4.
2623 3971 2730 4039 De
2772 3972 3177 4041 confessione
3218 3982 3285 4040 et
3326 3972 3589 4058 privata
3631 3972 4053 4042 absolutione.

2483 4110 2962 4177 Existimamus
2982 4111 3197 4190 etiam,
3238 4109 3309 4175 id
3351 4130 3436 4176 ue
3470 4117 3735 4194 propter
3767 4110 4056 4177 rationes
4089 4130 4256 4197 quae

2314 4203 2381 4263 et
2438 4195 2704 4264 laudem
2745 4204 3081 4263 merentur
3137 4203 3203 4262 et
3244 4218 3286 4262 v
3355 4217 3466 4263 ere
3509 4195 3764 4275 debent,
3821 4197 4254 4265 ohristianum

2312 4302 2456 4350 esse
2509 4289 2578 4349 et
2632 4283 2876 4349 bonum
2931 4288 3007 4348 ut
3057 4282 3502 4367 unusquisque
3555 4290 3853 4348 nostrum
3906 4303 3978 4350 se
4034 4302 4256 4350 eoram

2312 4369 2613 4436 ministro
2667 4368 2976 4436 eeclesiae
3030 4369 3220 4433 sistat
3275 4387 3423 4434 oum
3478 4367 3868 4435 contritione
3908 4378 3975 4435 et
4029 4370 4255 4453 poeni-

2309 4457 2519 4522 tentia
2561 4463 2989 4538 peeeatorum,
3036 4461 3389 4538 antequam
3432 4473 3686 4521 sacram
3729 4474 3999 4521 eoenam
4041 4453 4253 4536 adeat,

2308 4543 2648 4626 requirens
2690 4546 2759 4606 et
2797 4538 3119 4623 recipiens
3162 4540 3244 4606 ab
3286 4536 3514 4606 eodem
3556 4540 3860 4607 ministro
3904 4540 4257 4608 absolutio-

2311 4648 2463 4694 nem
2487 4627 2830 4728 privatam,
2865 4645 3057 4709 quam
3096 4630 3303 4693 tamen
3334 4626 3422 4694 ad
3457 4626 3723 4694 salutem
3754 4646 3878 4693 non
3915 4629 4259 4695 statamus

2306 4732 2441 4780 esse
2479 4732 2913 4780 neeessanam.

2594 4923 2652 4985 5.
2698 4920 2802 4986 De
2845 4919 3238 5006 magistratu
3279 4925 3348 4985 et
3388 4923 3710 5004 potestate
3753 4918 3974 5005 gladii.

2478 5054 2841 5123 Censemus
2894 5063 2964 5122 et
3019 5055 3346 5123 oredimus
3400 5056 3795 5142 magitratus
3850 5076 3927 5122 ae
3982 5077 4091 5124 eos
4135 5056 4252 5143 qui

2307 5147 2695 5227 potestatem
2756 5141 2958 5228 gladii
3026 5143 3274 5210 habent
3339 5141 3696 5209 audiendos
3771 5162 3914 5209 esse
3990 5142 4251 5227 illisque

2307 5228 2813 5314 obsequendum,
2848 5249 2985 5295 non
3018 5229 3230 5295 solum
3252 5229 3440 5295 bonis
3462 5236 3530 5294 et
3562 5228 3867 5313 benignis
3898 5226 4013 5295 sed
4048 5230 4251 5298 etiam

2308 5314 2499 5382 malis
2534 5336 2609 5383 ao
2643 5316 2907 5397 severis,
2945 5316 3138 5383 modo
3158 5315 3325 5382 nihil
3353 5314 3758 5400 praeeipiant
3790 5313 3963 5397 quod
3983 5314 4253 5386 Christo
