4850 6117
270 409 384 475 49⁶1

270 590 594 746 ἐπῆρε.
785 596 835 656 t.
915 589 1016 658 Es
1055 591 1202 658 wirt
1240 595 1366 659 erse
1404 590 1795 674 eaenffdas
1834 589 1995 671 aar
2041 591 2196 658 imm

271 696 1023 849 13003315.ἶυῖιωῖ
1032 715 1296 829 1532.-
1338 710 2193 728 ———————

1608 899 1665 966 I.
1710 900 1800 968 H.
1845 908 2017 969 tuus.

407 1087 533 1154 His
553 1088 759 1155 literis
778 1086 1195 1176 Bullinyerus
1215 1109 1412 1156 manu
1423 1108 1580 1172 pro-

262 1175 401 1260 pria
451 1173 597 1241 haec
637 1175 998 1257 adscripsit,
1063 1174 1196 1243 scil.
1253 1174 1417 1258 quod
1454 1194 1584 1240 res-

261 1280 439 1343 ponso
499 1261 814 1328 scribendo
885 1262 1212 1328 inserviret
1262 1264 1339 1344 ef.
1403 1260 1583 1343 infra

274 1345 349 1413 N.
392 1349 580 1412 3838:
649 1347 754 1413 De
797 1345 1002 1414 libero
1060 1347 1331 1414 arbitrio
1389 1345 1579 1411 audio

270 1431 438 1497 illum
461 1432 826 1517 disputasse
848 1433 1167 1512 Basileae,
1214 1434 1310 1497 ita
1343 1439 1418 1498 ut
1448 1432 1581 1498 ius-

271 1539 369 1585 sus
398 1519 481 1583 sit
512 1525 745 1586 tacere.
772 1555 857 1566 —-
878 1518 964 1585 In
985 1520 1355 1586 Bibliorum
1390 1538 1576 1602 prae-

269 1605 518 1671 fatione:
582 1605 930 1671 veritatem
995 1603 1291 1671 nondum
1348 1605 1579 1669 inven-

271 1697 405 1756 tam.
451 1728 529 1739 -
556 1692 611 1775 5)
656 1691 1018 1775 Displicuit
1061 1689 1377 1758 iudicium
1422 1689 1580 1756 Ser-

270 1775 405 1842 veti.
448 1813 525 1822 —
562 1776 935 1861 Aliquando
957 1777 1427 1860 Anabaptistas
1468 1775 1579 1841 de-

266 1860 452 1926 fendit
501 1870 568 1928 et
621 1863 978 1931 excusavit.
1028 1893 1112 1910 ·-
1156 1863 1248 1929 Et
1300 1862 1580 1929 reiectus

268 1967 303 2011 a
340 1946 843 2016 Genevensibus.
899 1985 985 1999 —
1044 1947 1264 2015 Causa
1320 1946 1579 2013 dissidi-

267 2053 455 2099 orum.
498 2072 582 2083 —
636 2035 911 2102 Fratres
966 2035 1038 2100 10
1098 2033 1323 2101 Gallia
1380 2034 1578 2099 mira-

266 2117 508 2186 buntur.
552 2155 641 2169 —
679 2120 919 2188 Videte
963 2141 1049 2187 ne
1100 2122 1310 2187 facem
1353 2121 1576 2186 10000-

264 2204 500 2272 diorum
543 2207 821 2292 ponatis.

1008 2502 1416 2512 -----

1119 2753 1325 2826 3835.

748 2910 1160 2979 IUELLUS
1203 2907 1696 2976 VERMILIO.

413 3081 784 3149 Balduinus
828 3080 1088 3149 Calvino
1128 3082 1410 3165 iniquior
1449 3082 1675 3149 suadet
1715 3080 2191 3149 moderationem

263 3166 326 3232 in
360 3167 650 3254 reliyione
689 3168 1015 3235 mutanda.
1202 3211 1208 3218 -

264 3339 360 3405 (ΕΣ
399 3337 1741 3480 ’11012ἕέ3ωὲεῶ
1776 3338 2051 3476 {vis

266 3576 402 3646 Viro
450 3581 645 3668 longe
705 3580 1080 3647 doctissimo
1127 3579 1215 3645 D.
1269 3580 1470 3646 Petro
1526 3580 1811 3665 Martyri
1867 3579 2190 3647 Vermilio

266 3668 571 3747 profitenti
614 3687 835 3735 sacras
880 3666 1106 3732 literas
1137 3666 1228 3731 in
1287 3665 1511 3732 schola
1554 3664 1872 3751 Tigurina
1929 3664 2191 3732 domino

896 3771 1015 3818 suo
1060 3749 1532 3819 colendissimo.

267 4044 338 4055 —
368 4008 447 4076 D.
477 4010 847 4078 Balduinus
880 4009 1107 4077 scribit
1143 4009 1227 4075 ad
1259 4030 1366 4075 me
1393 4012 1441 4089 ¹)
1485 4029 1883 4094 magnopere
1926 4008 2191 4094 probari

443 4231 497 4295 4)
530 4231 651 4289 Hie
679 4232 891 4288 militer
933 4231 1179 4300 conferes
1224 4246 1367 4301 quae
1413 4230 1576 4287 habet
1606 4232 1762 4288 Besa
1810 4233 1876 4288 ia
1920 4248 2023 4289 suo
2066 4235 2189 4290 Dis·

267 4314 404 4355 cours
432 4302 501 4356 de
546 4305 603 4358 la
646 4304 736 4355 vie
782 4308 839 4356 et
880 4307 1096 4371 trespas
1139 4302 1208 4355 de
1244 4303 1316 4355 M.
1360 4301 1402 4355 1.
1437 4301 1628 4356 Oalvin
1658 4319 1714 4372 p.
1750 4301 1833 4358 13.
1906 4302 2024 4359 Pro
2056 4308 2190 4359 tem-

263 4380 383 4433 pore
420 4369 507 4426 hic
548 4370 913 4427 desoribimus
953 4370 1237 4440 sequentia
1280 4371 1376 4438 (cf.
1414 4369 1683 4426 0οΠοᾱοο
1715 4386 1781 4441 p.
1829 4371 1953 4441 79).·
2006 4389 2192 4429 esmen

268 4436 326 4490 de
353 4438 500 4495 haine
543 4440 674 4510 qu'il
721 4441 871 4495 avoit
904 4450 1095 4495 contre
1129 4457 1271 4511 moy,
1316 4457 1385 4493 00
1418 4456 1559 4510 pour
1592 4441 1644 4496 le
1677 4441 1853 4496 moins
1886 4442 2045 4497 d'une
2079 4460 2193 4496 am-

268 4502 416 4562 bition
461 4509 821 4575 desmesnree,
872 4509 913 4562 il
971 4509 1195 4563 escrivit
1238 4526 1313 4562 un
1347 4508 1514 4563 livret
1557 4509 1776 4564 intitule'
1810 4511 2028 4566 Conseil
2067 4511 2105 4566 a
2140 4512 2194 4566 la

267 4570 445 4631 ance
477 4578 694 4633 desolee
728 4595 854 4631 sans
888 4595 925 4648 y
960 4583 1163 4631 mettre
1197 4593 1296 4631 son
1331 4594 1458 4632 nom
1494 4578 1553 4632 ni
1587 4579 1641 4632 le
1677 4578 1789 4633 1100
1822 4581 1891 4633 de
1927 4580 2192 4649 l'impres·

269 4642 368 4698 sion
398 4648 638 4702 combien
675 4646 803 4716 qn’il
835 4647 949 4699 fust
983 4663 1049 4701 00
1084 4647 1216 4700 ville
1250 4646 1408 4701 libre.
1475 4647 1559 4701 La
1590 4647 1633 4701 il
1667 4647 1966 4703 condamne
2002 4649 2070 4703 de
2105 4665 2191 4703 re·

269 4709 442 4770 bollion
475 4722 532 4770 et
572 4715 811 4773 sedition
855 4720 1038 4770 tontes
1081 4717 1163 4770 les
1208 4715 1422 4785 Eglises
1467 4717 1787 4785 Francoises
1831 4722 1889 4771 et
1933 4718 2192 4773 conseille

269 4780 404 4847 qu’un
450 4785 652 4839 chacun
703 4800 866 4853 croye
915 4800 978 4838 00
1030 4785 1160 4854 qu'il
1209 4783 1432 4852 voudra,
1487 4791 1722 4839 ouvrant
1772 4787 1827 4839 la
1877 4792 2038 4856 porte
2090 4803 2192 4855 par

269 4863 441 4907 mesme
474 4870 671 4925 moyen
702 4852 741 4909 a
772 4856 954 4907 tontes
998 4853 1239 4907 heresies
1283 4862 1340 4909 et
1371 4853 1579 4908 fausses
1612 4854 1905 4910 doctrines.
1977 4855 2190 4927 (Voya

272 4920 407 4975 anui
708 4923 1027 4978 Nouum
1058 4919 1225 4977 re'cits
1254 4939 1312 4991 p.
1351 4920 1488 4989 157.)

439 4990 496 5058 5)
537 4991 686 5047 Cast.
728 4993 794 5046 iu
836 4991 1016 5059 praef.
1047 4990 1194 5048 Bibl.
1216 5014 1231 5042 .-
1301 4990 1360 5045 81
1409 5007 1599 5046 verum
1635 4992 1796 5046 fateri
1827 4993 2072 5046 volumus
2105 4999 2195 5048 est

265 5053 418 5111 adhue
445 5067 691 5115 nostrum
725 5061 1002 5115 saeculnm
1037 5061 1095 5114 in
1169 5059 1412 5114 refundis
1445 5061 1787 5130 ignorantiae
1821 5063 2064 5115 tenebris
2098 5063 2192 5116 de·

267 5137 471 5182 mmm
503 5168 721 5184 .....
758 5134 818 5184 et
848 5128 900 5183 si
931 5130 1090 5183 nobis
1106 5146 1138 5183 c
1156 5128 1435 5183 ari-simae
1453 5131 1705 5185 veritatis
1735 5134 1858 5185 orta
1881 5130 1997 5185 dies
2031 5140 2191 5200 esset,

269 5206 299 5242 n
395 5212 507 5251 uam
543 5205 630 5253 tot
663 5196 920 5253 obscuras
955 5198 1217 5252 librorum
1252 5197 1668 5253 accenderemus
1703 5200 1951 5253 lucernas
1985 5203 2145 5256 cam.

321 5329 332 5340 ⁶
364 5331 375 5343 ι
410 5265 501 5334 .1)
536 5267 649 5335 (ΟΥ.
696 5266 774 5323 Ν.
829 5265 983 5321 3688.
1020 5265 1202 5331 3693.)
1289 5264 1650 5322 Navarremis
1691 5283 1815 5322 eum
1871 5266 2193 5325 Tridomm

269 5334 2197 5408 mubitamennondumadfuissevideturquumadluellum

443 5421 657 5479 celethi
680 5438 870 5493 opera.
946 5423 1063 5479 Vol.
1096 5421 1268 5478 XIX.

1948 404 2110 471 1562
2154 402 2549 473 AUGUST.

4122 409 4257 475 498

2297 590 2427 659 sibi
2491 600 2784 661 nostram
2837 594 2908 660 in
2966 594 3285 663 mutanda
3339 595 3654 682 religione
3708 595 4254 674 moderationem,

2295 703 2496 768 seque
2553 681 2860 747 daturum
2916 700 3182 764 operam
3246 688 3465 766 (putat
3515 683 3692 749 enim
3747 703 3819 751 se
3875 702 4063 766 posse
4127 681 4255 747 ali-

2340 767 2485 849 uid)
2540 774 2617 834 nt
2680 765 2914 833 similis
2979 768 3149 835 ratio
3213 768 3507 835 obtineat
3569 769 3638 834 in
3869 788 3908 834 0
3951 766 4251 834 Galliae:

2293 858 2603 941 ακρίβειαν
2642 861 2865 919 autem
2904 851 3090 919 illam
3132 851 3257 919 sibi
3322 861 3608 920 vestram
3647 864 3716 920 et
3827 853 4254 921 enevensium

2296 962 2432 1009 non
2459 940 2735 1026 placere.
2801 938 2927 1004 Est
2966 938 3037 1004 in
3080 959 3160 1005 ea
3201 958 3295 1017 re,
3339 947 3415 1005 ut
3454 939 3617 1005 mihi
3660 938 3922 1023 quidem
3966 937 4253 1016 videtur,

2295 1028 2579 1110 iniquior
2621 1026 2706 1091 D.
2754 1022 3028 1105 Calvino,
3073 1024 3351 1091 nimium
3395 1026 3668 1091 fortasse
3708 1047 3962 1094 memor
4000 1023 4254 1093 veteris

2297 1112 2704 1190 simultatis.)
2750 1144 3985 1161 ——————————

2296 1196 2703 1267 sarisberiae
2753 1200 2848 1260 14.
2892 1195 2998 1263 die
3033 1196 3319 1281 Augusti
3373 1199 3552 1261 1562.

3127 1333 3271 1399 Tuo
3316 1332 3571 1398 nomini
3614 1332 4074 1401 deditissimus.

3244 1417 3339 1484 Io.
3386 1418 3640 1486 Iuellus
3684 1418 3961 1505 Anglus.

3074 1714 3479 1723 ψ..-

3182 1947 3385 2020 383ss.

2713 2103 3175 2173 GALVINUS
3211 2103 3846 2172 BULLINGERO.

2474 2275 2844 2343 Novissima
2895 2276 2970 2343 de
3032 2276 3180 2344 bello
3249 2276 3578 2344 Gallorum
3638 2276 3853 2357 civili,
3918 2275 4030 2342 sed
4091 2275 4261 2343 nihil

2298 2361 2464 2446 quod
2517 2363 2603 2429 ad
2655 2362 2890 2429 exitum
2947 2367 3179 2446 spectet.
3266 2362 3372 2429 De
3413 2360 3593 2427 Besa
3633 2362 3799 2428 nihil
3840 2361 4102 2429 allatum
4145 2368 4255 2429 est.

2298 2535 2527 2599 (Exstat
2559 2532 2929 2587 authenticum
2978 2548 3139 2586 manu
3173 2531 3454 2587 Ionvillaei
3490 2533 3751 2603 scriptum
3785 2533 3843 2586 in
3879 2532 4076 2588 Codice
4111 2533 4256 2588 Bibl.

2298 2605 2402 2658 civ.
2437 2602 2613 2657 Turio.
2649 2603 2709 2656 F.
2744 2600 2829 2666 80,
2866 2601 2996 2655 olim
3031 2601 3171 2671 Epp.
3207 2602 3356 2656 Tom.
3390 2601 3476 2671 45,
3509 2601 3601 2656 sol.
3634 2600 3757 2655 343.
3779 2630 3843 2640 —
3863 2601 4062 2658 81101οι-
4097 2602 4256 2658 Tom.

2805 2670 2923 2725 105.
2995 2670 3194 2726 Versio
3230 2672 3442 2741 anglica
3474 2670 3572 2727 IV.
3608 2669 3752 2739 275.)

2468 2841 2850 2910 Clarissimo
2907 2844 3050 2910 viro
3092 2842 3176 2908 D.
3222 2841 3516 2909 Henrico
3559 2842 3947 2928 Bullingero
3990 2844 4255 2928 Tiguri-

2295 2949 2422 2996 nae
2464 2929 2772 2996 ecclesiae
2815 2928 2946 2995 fido
2988 2930 3240 3013 pastori
3280 2929 3471 2996 fratri
3514 2928 3999 3101 lionoran511'‹}.gu
4003 3014 4079 3080 ri·

2468 3184 2542 3254 S.
2609 3187 2673 3253 N
2675 3207 2759 3253 on
2814 3188 2892 3252 fit
2946 3185 3367 3272 negligentia,
3424 3185 3617 3252 crede
3667 3185 3836 3252 mihi
3879 3186 4260 3257 venerande

2292 3273 2519 3354 frater,
2564 3280 2640 3338 ut
2680 3273 2897 3339 rarius
2942 3271 3026 3338 ad
3068 3279 3135 3339 te
3192 3273 3492 3339 scribam.
3582 3270 3719 3338 Sed
3762 3273 3915 3355 quia
3954 3294 4063 3341 res
4104 3274 4261 3342 sub·

2291 3357 2448 3425 inde
2504 3360 2751 3426 mutari
2811 3358 3005 3425 video
3058 3357 3270 3442 pudor
3322 3378 3430 3425 me
3472 3356 3953 3440 quodammodo
3991 3359 4263 3445 pigrum

2293 3444 2534 3526 reddit,
2588 3466 2673 3511 ne
2708 3445 2904 3530 paulo
2963 3453 3113 3528 post
3164 3450 3520 3510 retractare
3571 3464 3770 3530 cogar
3822 3444 3994 3528 quod
4049 3446 4259 3531 scrip·

2294 3552 2460 3598 sero.
2535 3530 2826 3597 Tandem
2872 3551 2911 3596 a
2952 3530 3402 3598 Bernensibus
3445 3531 3869 3614 impetratum
3912 3537 4013 3597 est
4053 3539 4131 3597 ut
4172 3530 4259 3597 ad

2292 3614 2777 3701 recuperandas
2832 3616 3263 3703 Burgundiae
3330 3616 3524 3683 urbes
3581 3637 3654 3682 se
3731 3617 4165 3700 accingerent.
4203 3623 4255 3698 ¹)

2293 3703 2499 3770 Lenti
2541 3712 2767 3770 tamen
2827 3712 2983 3769 sunt
3024 3723 3431 3788 progressuS,
3478 3711 3545 3768 et
3586 3703 3945 3768 metuimus
3987 3722 4074 3767 ne
4117 3708 4255 3769 tota

2293 3789 2624 3873 expeditio
2666 3789 2854 3856 brevi
2898 3790 2970 3854 10
3013 3788 3295 3855 nihilum
3340 3788 3604 3869 recidat,
3650 3789 3804 3874 quia
3845 3787 4121 3853 nimium
4167 3788 4256 3853 ti-

2293 3875 2470 3940 mide
2532 3898 2606 3943 00
2670 3873 2997 3942 serviliter
3053 3874 3394 3941 Mendai-’ae
3411 3876 3470 3953 ²)
3551 3883 3815 3940 senatus
3894 3873 4253 3957 respondit.

2294 3960 2574 4044 Semper
2616 3961 2988 4028 subsistunt
3028 3960 3097 4025 in
3133 3961 3365 4044 puerili
3410 3959 3663 4038 cavillo,
3708 3959 3970 4025 venisse
4012 3959 4096 4025 ad
4140 3983 4252 4026 ur·

2292 4047 2441 4114 bem
2488 4046 3001 4113 custodiendam.
3091 4045 3297 4127 Quasi
3340 4066 3497 4111 vero
3531 4065 3662 4110 non
3706 4044 3869 4110 satis
3911 4045 4106 4110 multi
4147 4066 4253 4112 es-

2292 4143 2442 4200 sent
2483 4133 2593 4218 qui
2638 4141 3098 4201 consumerent
3138 4141 3403 4197 tenuem
3449 4130 3688 4215 alioqui
3734 4150 4081 4197 annonam.
4171 4131 4252 4199 Si

2292 4305 2567 4360 scriberet.
2639 4302 2791 4357 Nam
2833 4303 2953 4359 eius
2985 4301 3073 4357 Re
3176 4300 3297 4357 nsio
3328 4301 3501 4356 altera
3547 4297 3625 4354 ad
3662 4297 3952 4356 Calvinum
3984 4301 4137 4359 edita
4169 4308 4255 4360 est

2293 4373 2557 4430 Lutetiae
2590 4386 2636 4427 e.
2671 4371 2815 4427 Idus
2848 4372 2990 4427 Iulii
3023 4316 3178 4427 13&
3231 4369 3598 4438 Hevelimius
3630 4372 3798 4450 matos:
3830 4374 3912 4424 est
3942 4385 4066 4427 eum
4099 4389 4248 4441 pau·

2292 4457 2385 4498 cos
2429 4447 2651 4498 mium
2694 4440 2812 4496 dies
2849 4440 3102 4496 Ridenti
3143 4438 3314 4508 eyisse
3357 4454 3526 4507 quiam
3575 4437 3645 4494 de
3674 4452 3824 4506 rems
3855 4446 4105 4509 veraente
4137 4441 4249 4500 No-

2291 4512 2501 4569 vembri
2532 4510 2784 4578 defuncti
2813 4513 2984 4565 morte
3016 4509 3218 4564 σου-εἰοι-
3246 4510 3435 4575 factm
3465 4507 3661 4574 tum.

2291 4582 2481 4636 8836.
2504 4580 2560 4649 1)
2593 4582 2829 4635 maxine
2862 4579 3223 4634 Matiscone-2
3258 4579 3405 4632 Hist.
3441 4579 3566 4633 ecel.
3600 4576 3702 4631 ΙΙΙ.
3736 4574 3860 4630 227.

2498 4648 2559 4718 2)
2597 4649 2745 4703 Hist-
2779 4648 2900 4706 ecel.
2935 4645 3065 4700 228:
3113 4646 3261 4702 ceux
3296 4646 3391 4716 qui
3410 4645 3679 4716 faisoyent
3711 4655 3855 4699 ceste
3962 4662 4088 4702 erre
4122 4666 4251 4708 sous

2294 4719 2347 4773 le
2392 4735 2519 4773 nom
2563 4717 2638 4771 du
2682 4717 2802 4788 Roy
2846 4722 3176 4785 envoyereut
3207 4716 3502 4769 Mandozze
3554 4730 3692 4796 pour
3743 4731 3803 4768 se
3848 4732 3887 4786 p
3908 4716 4101 4771 sindre
4143 4736 4250 4775 aux

2293 4787 2525 4843 Bet-nois
2574 4801 2787 4842 comme
2838 4790 3234 4839 controvenans
3285 4801 3357 4837 00
3400 4784 3567 4838 traite
3612 4784 3899 4853 perpetuel
3943 4785 4041 4840 des
4077 4787 4249 4857 lignes

2296 4871 2431 4910 avec
2479 4856 2535 4909 la
2583 4869 2855 4909 couronne
2908 4853 2978 4908 de
3012 4854 3237 4918 France,
3284 4859 3343 4906 et
3387 4868 3528 4922 pour
3572 4853 3654 4907 les
3697 4854 3847 4923 prier
3892 4853 3963 4907 de
3997 4857 4253 4925 rappeler

2291 4927 2442 4981 leurs
2482 4939 2631 4993 gens.
2703 4924 2751 4978 Δ
2802 4938 2946 4992 quoy
2982 4922 3103 4976 leur
3145 4921 3230 4975 fut
3276 4922 3551 4990 respondn
3593 4938 3700 4991 que
3744 4922 3892 4976 leurs
3941 4939 4074 4990 gens
4115 4926 4252 4979 n’es·

2291 4998 2489 5064 toyent
2533 4992 2692 5061 point
2734 4990 2972 5061 envoyes
3017 5007 3120 5061 par
3165 4991 3286 5045 leur
3328 4991 3810 5056 commendement,
3855 4991 3991 5046 mais
4035 5009 4143 5062 000
4177 5010 4249 5048 00

2367 5078 2539 5116 uvans
2583 5062 2663 5115 les
2710 5059 3023 5129 empescher
3056 5058 3245 5113 d'aller
3278 5059 3312 5114 a
3344 5061 3400 5114 la
3507 5076 3629 5114 erre
3663 5060 3733 5114 ils
3767 5061 3849 5113 les
3883 5071 4116 5129 avoyent
4147 5062 4253 5116 snt

2285 5147 2442 5200 Jnrer
2477 5130 2548 5184 de
2582 5146 2652 5184 00
2686 5128 2821 5182 faire
2856 5134 3014 5182 autre
3031 5129 3241 5198 exploit
3274 5145 3382 5198 000
3455 5146 3487 5182 0
3518 5129 3718 5211 garder
3750 5129 3807 5183 la
3839 5129 3968 5182 ville
3999 5129 4069 5183 de
4087 5129 4244 5200 Lyon

2294 5200 2494 5254 d’estre
2552 5198 2736 5252 forceo
2778 5202 2837 5251 et
2885 5198 3052 5267 pillee
3087 5236 3101 5251 .
3140 5237 3152 5250 .
3193 5236 3209 5254 .
3252 5199 3389 5252 mais
3433 5198 3594 5268 qu'ils
3638 5198 3718 5252 les
3769 5198 4017 5266 feroyent
4060 5199 4251 5267 querit

2295 5270 2419 5351 puis
2473 5267 2663 5393 (ἒοἔῦοἰ
2676 5267 3051 5339 entendoyent
3093 5283 3204 5337 000
3249 5267 3301 5322 10
3336 5268 3457 5337 Boy
3502 5267 3705 5322 n'avoit
3749 5264 3784 5320 ὀ,
3824 5264 3921 5334 gre
3970 5281 4034 5319 00
4088 5267 4251 5336 qu’ils

2292 5353 2487 5395 avoien
2567 5354 2621 5391 ai
