4850 6117
280 421 402 486 421

284 606 540 674 Βαωὸε
565 608 622 683 ³)
665 606 982 673 hactenus
1025 605 1279 673 Ohristi
1318 615 1607 691 spartam
1651 627 1839 674 suam
1882 604 2232 673 admodum

285 693 639 777 diligenter
672 692 942 769 ornarit,
965 692 1232 759 Christo
1255 714 1387 759 non
1420 693 1801 760 immodicas
1821 692 2235 760 lucrifaciens

286 779 560 857 animas,
603 776 867 843 iamiam
912 778 1209 863 legitima
1250 787 1317 843 et
1360 780 1537 845 iusta
1568 779 1915 846 vocatione
1957 779 2028 843 in
2070 777 2233 845 Gal-

284 865 441 930 liam
488 865 580 931 sit
623 870 909 942 vocatus,
968 872 1037 930 et
1078 865 1347 931 ecclesia
1388 865 1497 932 cui
1541 865 1861 931 hacteuus
1902 864 2234 948 praesedit

284 950 473 1016 illum
532 951 831 1033 (propter
882 952 1283 1016 necessarias
1339 971 1571 1018 causas
1623 960 1701 1016 ut
1740 950 1976 1016 maiori
2028 950 2232 1018 eccle-

285 1037 418 1104 siae
463 1032 718 1101 christi
776 1035 1064 1102 subsidio
1119 1037 1471 1115 ministret,
1524 1037 1741 1121 ipsum
1783 1035 2037 1104 Christi
2080 1036 2235 1102 fun·

286 1121 669 1188 dementum
713 1128 944 1205 ponat)
988 1123 1218 1207 rogati,
1265 1144 1478 1206 aegre,
1539 1130 1761 1188 tamen
1803 1122 2085 1205 pacifice,
2136 1122 2234 1188 di-

284 1207 632 1274 miserunt.
718 1206 1008 1274 Proinde
1051 1216 1197 1274 orat
1248 1209 1518 1275 ecclesia
1560 1207 1912 1275 Eckerona
1940 1208 1996 1291 ⁴)
2041 1207 2233 1275 vallis

283 1292 596 1360 Alberthi
640 1293 944 1360 caritates
981 1303 1231 1360 vestras
1264 1303 1342 1360 ut
1376 1294 1614 1363 viduae
1657 1292 1963 1361 ecclesiae
2006 1314 2234 1360 curam

284 1378 605 1445 habentes
660 1400 744 1444 ex
798 1381 1040 1446 vestris
1098 1380 1354 1464 eligatis
1412 1380 1632 1445 virum
1688 1381 2117 1446 exercitatum
2162 1381 2233 1445 in

285 1463 562 1530 Domini
598 1466 809 1542 vinea,
846 1467 1026 1548 pium
1064 1478 1129 1531 et
1165 1466 1515 1545 eruditum,
1551 1467 1665 1549 qui
1697 1466 2058 1532 sufficiatur
2092 1467 2235 1533 eius

285 1549 422 1617 loco
469 1552 584 1634 qui
617 1571 794 1616 nunc
828 1561 1017 1634 parat
1050 1553 1423 1618 discessum.
1496 1551 1681 1618 Idem
1718 1564 1881 1632 orat,
1918 1553 2233 1631 obsecrat,

286 1637 415 1701 imo
665 1638 783 1702 'tat
825 1637 967 1703 eius
1011 1638 1276 1704 ditionis
1315 1639 1464 1721 pius
1509 1659 1587 1704 ac
1620 1658 1973 1723 generosus
2008 1637 2236 1703 Domi-

285 1742 410 1787 nus
477 1744 521 1787 a
734 1721 992 1789 alt-stein.
1104 1722 1324 1806 Quam
1389 1724 1789 1807 petitionem,
1867 1745 2071 1807 quum
2147 1724 2236 1788 sit

286 1816 532 1888 sancta,
577 1829 710 1873 non
752 1808 959 1887 facile,
1005 1818 1081 1875 ut
1131 1829 1490 1893 speramus,
1547 1807 1941 1885 abdicabitis.
2001 1810 2234 1876 facturi

285 1913 423 1960 rem
469 1892 633 1959 adeo
676 1903 932 1978 gratam
968 1916 1161 1979 quam
1203 1896 1313 1980 qui
1353 1895 1815 1980 gratissimam.
1887 1893 2236 1962 Pollicetur

286 1978 1547 2133 333330m¹5353¹t¹¹2202³ssffl³22ssu
1569 1982 1898 2132 ⁸2nq2i2¹i⁰m
1905 1980 2235 2133 mssZ‘ififfssi

289 2172 410 2235 qne
469 2172 554 2216 ea
594 2172 759 2235 quae
802 2150 1035 2218 decent
1045 2090 1429 2219 pecclesiam
1467 2089 1864 2236 moriggram
1923 2118 2237 2238 perp’etuo

287 2244 750 2322 praestaturos.
839 2239 1181 2305 Postremo
1221 2260 1335 2304 oro
1379 2248 1445 2303 et
1498 2259 1619 2323 ego
1661 2238 2238 2305 vehementissime

287 2343 401 2407 per
443 2323 579 2389 Dei
636 2323 847 2389 filium
903 2332 971 2389 et
1030 2325 1327 2390 omnium
1384 2323 1758 2391 mortalium
1825 2324 2101 2390 salutem
2160 2333 2235 2390 ut

288 2428 398 2474 eae
441 2429 672 2491 preces
715 2408 894 2474 haud
938 2410 1131 2475 aliter
1173 2419 1367 2494 atque
1419 2410 1857 2494 orphanorum
1903 2409 2080 2494 apud
2121 2432 2237 2477 vos

287 2494 501 2561 locum
550 2495 850 2560 habeant.
935 2496 1106 2561 Nam
1151 2495 1464 2580 quidquid
1516 2495 1624 2562 hic
1681 2497 1899 2579 agitur
1941 2517 2070 2562 non
2116 2498 2235 2562 ho-

288 2581 482 2645 minis
530 2580 643 2646 sed
688 2579 937 2646 Christi
980 2603 1137 2673 ergo
1180 2580 1417 2667 agitur.
1496 2581 1823 2648 Dominus
1867 2590 2089 2648 servet
2128 2602 2234 2647 ca-

289 2667 554 2731 ritatem
597 2676 890 2733 vestram
935 2689 1081 2734 cum
1128 2668 1433 2735 omnibus
1474 2669 1585 2751 qui
1629 2688 1869 2733 nomen
1913 2665 2236 2734 dederunt

291 2750 603 2830 chi-istm·
632 2773 714 2818 ne
758 2773 798 2817 a
841 2751 1091 2820 Satana
1149 2753 1349 2838 (quod
1408 2753 1607 2830 absit)
1667 2753 2039 2833 turbemini,
2100 2755 2233 2818 imo

287 2845 420 2902 tota
462 2835 708 2916 Gallia,
767 2858 934 2923 quae
978 2860 1049 2905 se
1092 2837 1362 2906 Christo
1415 2838 1739 2925 subiugat,
1801 2839 2018 2905 hostes
2063 2840 2232 2907 veri-

290 2924 439 2988 tatis
483 2922 741 2989 Christi
780 2925 1106 3007 praesidio
1150 2935 1432 3009 superet.
1521 2925 1606 2990 In
1657 2926 1782 2990 isto
1826 2924 2062 3007 valete,
2107 2927 2232 2992 viri

290 3008 634 3075 clarissimi
693 3017 761 3075 et
816 3012 1243 3090 ornatissimi,
1299 3013 1370 3076 in
1428 3011 1555 3076 Dei
1614 3011 1765 3077 filio.
1855 3010 2059 3077 Orate
2114 3033 2232 3096 pro

292 3095 487 3173 nobis,
538 3093 710 3179 quod
744 3094 983 3163 ibidem
1023 3118 1139 3181 pro
1175 3097 1357 3163 vobis
1389 3098 1626 3163 facturi
1665 3118 1908 3164 sumus.
1979 3098 2232 3165 Datum

291 3179 609 3264 Rapoltae
652 3182 849 3247 villae
892 3184 957 3247 in
1004 3184 1261 3249 Alsatia
1303 3186 1404 3248 23.
1443 3182 1605 3249 Maii
1650 3203 1825 3248 anno
1877 3186 2058 3250 1562.

1118 3319 1357 3386 Vester
1398 3320 1725 3386 confrater
1766 3321 1837 3385 in
1882 3318 2145 3388 Christo

1327 3405 1650 3472 Matthias
1693 3405 1952 3472 Erbius.

291 3570 587 3639 Salutate
630 3585 885 3641 vestros
929 3597 1154 3642 omnes
1212 3585 1617 3661 symmystas

289 3658 354 3724 in
399 3658 667 3726 Christo
710 3661 884 3728 Iesu.

483 3950 550 4014 3)
587 3955 682 4007 sic.
742 3950 798 4008 S.
820 3951 1069 4007 Mariam
1103 3953 1182 4008 ad
1208 3954 1436 4018 fodinas
1470 3961 1692 4009 venerat
1726 3970 1793 4009 σε
1816 3954 2229 4019 stamford&

293 4018 390 4098 (gv.
426 4019 617 4088 3432).
687 4019 856 4077 Nune
898 4037 1025 4091 erqo
1071 4024 1133 4076 in
1172 4021 1414 4077 Galliam
1460 4039 1516 4077 se
1561 4024 1803 4090 commta,
1837 4038 1944 4092 quo
1974 4039 2102 4080 vero
2130 4040 2230 4094 po-

293 4091 554 4144 mutum
590 4095 817 4145 vocam-s
848 4106 962 4145 non
994 4092 1123 4145 bene
1155 4097 1384 4147 constat.
1429 4091 1618 4147 Drion
1650 4092 1805 4163 (Fal.
1842 4093 1909 4146 de
1945 4091 2000 4149 8.
2043 4094 2230 4150 Mario

293 4171 343 4224 p.
377 4156 476 4238 ie)
533 4156 861 4212 Nemausum
906 4159 1121 4217 indicat
1164 4166 1343 4215 testem
1402 4160 1680 4216 adducens
1735 4163 1903 4216 nimis
1951 4170 2227 4218 recentem.

300 4225 538 4281 Menan-d
571 4227 721 4296 (hist.
750 4226 817 4281 de
834 4225 1056 4295 Nimes)
1079 4228 1328 4286 Bane-am
1363 4245 1475 4284 non
1507 4237 1742 4286 recenset
1777 4232 1920 4286 iuter
1952 4232 2230 4287 ministros

367 4297 378 4306 '
471 4297 647 4362 urbic,
679 4295 796 4350 nisi
827 4297 1037 4351 diteris
1081 4313 1200 4352 eum
1234 4299 1335 4354 sub
1368 4299 1480 4354 alab
1524 4300 1757 4369 quodam
1800 4302 2019 4355 nomine
2049 4300 2230 4356 latore.

296 4362 416 4429 (lv.
452 4363 574 4418 283.
610 4363 733 4418 315.
768 4363 892 4421 317.
926 4364 1046 4420 330.
1080 4365 1228 4436 346.)
1417 4428 1422 4433 ,

494 4431 557 4500 4)
591 4432 676 4489 Ec
809 4474 824 4499 ‚
874 4432 1167 4498 Eclckirch,
1213 4436 1276 4490 in
1319 4435 1459 4490 valle
1491 4436 1708 4492 Albam·
1750 4438 1910 4492 hodie
1960 4439 2232 4495 Mariana

303 4512 343 4553 ο.
375 4500 678 4558 Leberanm
853 4505 948 4559 ion
982 4503 1166 4559 Banci
1200 4519 1554 4561 successorem
1599 4506 1734 4561 dicit
1767 4505 1851 4562 Io.
1891 4506 2076 4577 Fiqon
2113 4509 2230 4565 Me·

300 4573 485 4625 moen
527 4570 643 4627 Oct.
682 4570 832 4639 1561,
865 4580 916 4627 et
948 4572 1111 4627 huius
1145 4571 1273 4630 Nic.
1313 4573 1591 4642 Francois
1627 4576 1732 4631 Iul.
1771 4574 1921 4630 1562.

2090 420 2254 484 1562
2295 419 2490 487 MAI.

4148 427 4281 492 422

3209 607 3405 683 3793.

2732 762 3402 833 BULLENGERUS
3446 764 3881 835 GALVINO.

2503 933 4281 1009 Etiamhaectotaestinrebusaamoiseoemimdcs

2333 1024 2391 1086 et
2435 1017 2857 1087 Helvetiorum
2898 1021 2987 1087 ad
3025 1023 3272 1089 easdm
3312 1025 3575 1091 ratione.

2331 1191 2557 1261 (Exstat
2590 1193 2963 1263 autographon
2996 1193 3057 1247 in
3091 1194 3279 1248 eodem
3307 1194 3506 1250 Codice
3529 1211 3593 1249 ac
3614 1196 4000 1265 praecedentes
4036 1195 4276 1251 eiusdem

2856 1261 2949 1315 fol.
2982 1259 3104 1325 431,
3141 1264 3272 1317 item
3307 1280 3392 1333 ap.
3429 1263 3757 1331 Simlerum.)

2508 1431 2882 1498 Clarissimo
2935 1433 3080 1501 viro
3136 1434 3220 1499 D.
3265 1433 3501 1501 Ioanni
3544 1434 3823 1503 Oalvinc
3867 1436 4279 1507 Genevensis

2332 1518 2642 1618 ecclesiae
2675 1515 2853 1583 fideli
2888 1519 3190 1585 ministro
3215 1519 3477 1586 domino
3512 1520 3965 1590 colendissimo
3988 1532 4053 1591 et
4087 1524 4276 1590 fratri

2332 1624 2670 1671 carissimo
2713 1625 2851 1671 suc.
3887 1695 4107 1762 Gonff·

2505 1859 2576 1927 S.
2616 1862 2698 1927 D.
2771 1861 3140 1930 Scriberem
3173 1862 3491 1945 copiosius
3527 1862 3608 1929 de
3642 1864 3827 1931 exitu
3870 1867 4278 1935 comitiorum

2334 1946 2900 2028 Salodurensium,
2946 1950 3071 2016 nisi
3129 1948 3569 2015 existimarem
3617 1950 3701 2015 D.
3750 1973 3794 2016 a
3828 1950 4202 2032 &tancre-s,
4230 1957 4279 2033 ¹)

2334 2035 2445 2117 qui
2511 2033 2594 2098 iis
2657 2035 2972 2114 interfuit,
3037 2044 3103 2100 et
3160 2033 3277 2100 tibi
3343 2040 3411 2099 et
3471 2035 3773 2119 inprimis
3836 2036 4277 2105 illustrissimo

2333 2119 2615 2204 principi
2686 2118 2994 2187 Condensi
3069 2122 3199 2186 iam
3278 2117 3508 2186 ordine
3584 2123 3808 2187 omnia
3882 2125 4276 2207 exposuisse.

2334 2205 2559 2271 Nostri
2624 2205 2757 2271 iam
2822 2213 3030 2291 agunt
3094 2206 3175 2272 de
3238 2205 3564 2272 mittenda
3617 2209 3687 2272 in
3748 2207 4034 2275 Galliam
4098 2210 4277 2294 lega-

2336 2291 2531 2356 tione.
2555 2292 2612 2371 2)
2703 2293 2904 2358 Prius
2958 2299 3181 2357 tamen
3234 2291 3454 2357 visum
3511 2300 3612 2358 est
3666 2293 3741 2358 in
3793 2295 4069 2362 comitiis
4124 2315 4279 2362 con-

2335 2377 2625 2464 gregatis
2688 2376 3084 2444 mittendum
3163 2398 3304 2443 esse
3376 2376 3462 2442 ad
3518 2377 4117 2465 W'memberyensem
4131 2431 4148 2461 ‚
4214 2389 4283 2448 et

2334 2463 2855 2547 percontandum
2899 2484 3031 2546 qua
3075 2464 3184 2530 via
3225 2463 3550 2547 principes
3594 2464 3912 2531 Germani
3956 2488 4108 2534 suos
4148 2470 4283 2534 sint

2335 2548 2586 2634 legatos
2628 2550 2915 2628 missuri,
2961 2550 3019 2614 si
3063 2549 3234 2616 forte
3279 2554 3316 2614 5
3363 2549 3740 2616 Cantonum
3783 2551 4004 2636 legati,
4048 2574 4282 2637 nempe

2338 2635 2414 2700 'Pi
2510 2636 2828 2714 rinorum,
2864 2635 3249 2711 Bernatum,
3275 2634 3795 2717 Olaronensium,
3817 2637 4280 2705 Basiliensium

2337 2727 2404 2786 et
2482 2720 3095 2787 chaffhusianorum
3137 2720 3270 2787 illis
3313 2741 3385 2788 se
3429 2721 3917 2807 coniungerent.
3990 2724 4135 2809 Ego
4176 2724 4283 2792 hic

2335 2807 2625 2872 maxime
2680 2806 2995 2874 sollicitus
3052 2828 3218 2887 sum,
3278 2815 3356 2872 ut
3397 2810 3509 2891 qui
3565 2809 3973 2891 experientia
4015 2810 4284 2878 edoctus

2335 2893 2641 2960 recordor
2682 2900 3003 2977 quantum
3059 2894 3131 2959 in
3186 2900 3406 2960 nostro
3461 2892 3574 2959 illo
3632 2893 3876 2961 infelici
3918 2895 4089 2962 bello
4130 2905 4281 2962 ante

2337 2999 2546 3044 annos
2591 2982 2674 3044 30
2715 2986 2901 3063 gesto
2944 2977 3132 3045 nobis
3176 2988 3245 3044 et
3300 2979 3662 3046 sinceritati
3716 2980 4052 3066 religionis
4104 3001 4281 3048 com-

2335 3065 2655 3150 positores
2709 3063 2911 3149 legati
2964 3065 3326 3131 nocuerint.
3396 3063 3575 3146 Quid
3630 3074 3822 3149 putas
3879 3076 3971 3146 tu,
4030 3069 4125 3132 mi
4166 3065 4279 3132 do-

2334 3152 2513 3216 mine
2555 3161 2623 3216 et
2659 3149 2880 3231 frater,
2925 3149 3348 3217 Lutheranos
3386 3150 3641 3236 legatos
3680 3152 3755 3216 in
3787 3152 4122 3237 religionis
4164 3172 4280 3218 ne-

2334 3238 2513 3387 {⁰5⁰
2569 3236 2843 3303 feliciter
2899 3235 3204 3304 acturos?
3275 3236 3423 3304 Scis
3478 3237 3804 3322 quomodo
3856 3239 3930 3304 in
3985 3245 4281 3306 nostram

2379 3323 2699 3390 octrinam
2757 3324 2896 3388 sint
2947 3322 3182 3390 affecti.
3256 3321 3503 3388 Volent
3554 3324 3819 3391 omnino
3879 3324 4095 3392 locum
4139 3344 4282 3392 esse

2331 3410 2402 3473 in
2439 3408 2662 3475 Gallia
2703 3417 2772 3474 et
2812 3407 3201 3475 confessioni
3221 3410 3671 3492 Augustanae,
3715 3431 3802 3476 ex
3842 3431 3988 3494 qua,
4032 3432 4152 3478 ceu
4197 3432 4282 3476 ex

2332 3493 2558 3578 pixide
2600 3494 2962 3574 Pandorae,
3020 3495 3147 3560 scis
3199 3503 3448 3578 quanta
3498 3493 3635 3561 sint
3684 3516 3806 3579 per
3849 3495 4276 3563 Germaniam

2331 3588 2562 3647 exorta
2617 3580 2992 3646 certamina.
3076 3580 3365 3647 Proinde
3406 3579 3619 3648 scribo
3672 3580 3756 3647 ad
3798 3581 3883 3647 D.
3929 3581 4170 3648 Bonam
4211 3589 4279 3647 et

2330 3685 2567 3732 moneo
2608 3666 2792 3732 illum
2835 3666 2906 3731 in
2949 3675 3261 3750 tempore.
3336 3668 3431 3733 ΤΘ
3468 3687 3583 3733 oro
3617 3674 3696 3733 ut
3739 3666 3961 3733 literas
3995 3688 4106 3733 eas
4144 3687 4279 3733 non

2331 3760 2589 3819 tantum
2643 3772 2834 3820 cures
2890 3760 3167 3831 mature,
3232 3752 3350 3818 sed
3405 3764 3594 3820 tuum
3651 3773 3904 3837 quoque
3958 3752 4278 3837 adiungas

2331 3837 2695 3916 consilium,
2743 3847 2921 3903 tuam
2965 3836 3489 3905 admonitionem.
3573 3836 3681 3904 De
3721 3845 4093 3904 nostrorum
4134 3841 4273 3923 pie—

2332 3932 2468 3990 tate
2510 3923 2679 3989 nihil
2723 3923 2963 3989 dubito.
3042 3924 3297 3989 Verum
3354 3924 3482 3991 scis
3532 3924 3688 4007 quid
3732 3925 3851 3990 fiat
3902 3926 3971 3989 in
4030 3932 4131 3991 tot
4171 3926 4274 3989 in-

2329 4010 2679 4094 geniorum
2722 4008 3316 4075 diversissimorum
3359 4021 3429 4076 et
3479 4010 4033 4077 astutissimorum
4074 4012 4274 4077 comi-

2330 4097 2456 4162 tiis.
2535 4094 2887 4161 Foederati
2930 4096 3135 4162 nostri
3175 4100 3215 4160 8
3252 4093 3578 4161 Cantones
3619 4103 3879 4160 tantum
3920 4116 4050 4161 non
4093 4097 4274 4162 insa-

2329 4183 2525 4247 niunt
2567 4189 2796 4248 contra
2839 4181 3271 4267 evangelium.
3363 4182 3732 4264 Erumpent
3787 4179 3883 4245 illi
3938 4182 4272 4266 suppetias

2331 4268 2595 4335 allaturi
2639 4266 3022 4353 Guysianis,
3081 4267 3419 4333 monacbis
3463 4276 3529 4331 et
3570 4265 3805 4349 pfaffis‚
3862 4287 4070 4350 neque
4112 4268 4272 4333 reti-

2330 4526 2516 4581 8798.
2536 4526 2595 4594 1)
2625 4527 2679 4579 le
2716 4525 2948 4606 Vidame
2980 4523 3048 4576 de
3084 4521 3340 4606 chartres
3372 4524 3450 4605 sl)
3485 4522 3701 4578 videtur
3728 4523 3904 4589 fuisse
3932 4523 4176 4581 Candaei
4208 4525 4277 4607 le-

2329 4604 2509 4680 aptus.
2587 4594 2740 4650 Certe
2772 4594 2865 4648 alle
2904 4609 2967 4646 m
3001 4591 3259 4659 mlum
3304 4607 3504 4646 messus
3549 4597 3632 4646 eet
3671 4592 3753 4647 ad
3777 4592 4068 4660 petendum
4110 4610 4275 4649 auc·-

2331 4668 2466 4721 lwm
2497 4664 2592 4785 (62⁶
2638 4658 3171 4786 RuchaltnnVllfflPfio:
3216 4729 3323 4783 Les
3367 4734 3593 4808 cantens
3637 4729 3897 4784 reformes
3939 4729 4274 4813 envoyerent

2333 4805 2480 4856 leurs
2514 4802 2583 4855 de
2622 4801 2743 4881 ntes
2790 4800 2824 4854 a
2865 4800 2922 4852 la
2965 4797 3198 4880 seconde
3243 4798 3540 4853 assemblee
3586 4798 3656 4853 de
3705 4798 3932 4853 Soleure
3955 4798 4086 4881 118.
4135 4800 4273 4881 Mai)

2372 4887 2473 4925 ⁰¹³
2506 4888 2543 4940 ³
2588 4866 4087 4990 -fflfffifflffiiz’ff‘¹?„t1ia⁰⁸..‘t¹:f.⁶⁸zss.fss‘¹⁰¹²⁸·
4131 4869 4272 4991 ³¹1¹:

2332 4955 2947 5088 ceatiiffonzoffaetholiques·
2967 5004 3099 5074 qu’il
3133 5021 3202 5086 en
3238 5004 3422 5086 obtint
3454 5005 3529 5059 du
3562 5021 3798 5086 secours·
3814 5021 3951 5074 pour
3970 4953 4171 5088 wc
4202 5004 4273 5058 de

2333 5076 2497 5159 Guise
2534 5081 2609 5157 et·
2625 5076 2721 5130 des
2754 5075 2808 5130 le
2842 5091 2977 5129 mois
3012 5074 3080 5129 de
3108 5074 3148 5128 J
3148 5090 3239 5127 mn
3276 5075 3321 5128 11
3347 5093 3395 5197 ᾗ
3420 5078 3516 5129 eut
3534 5073 3617 5157 ‚15
3652 5074 4274 5197 enseignghdengmss:

2333 5162 2521 5270 sqeudent
2536 5144 3377 5284 pluzegl'aedilbfsffizepmpfflze,
3397 5160 3921 5294 erlnnai’smdkgryidlilrent
3950 5227 4076 5265 sous
4110 5158 4270 5279 ple-ine

2335 5285 2403 5338 de
2439 5289 2586 5337 mort
2615 5283 2807 5337 d'aller
2841 5283 2875 5363 a
2907 5288 3053 5336 cette
3079 5298 3289 5363 guerre.
3334 5280 3635 5364 (Parthold
3655 5277 4276 5346 doettfiuooefflvem'lla

2336 5360 2383 5409 et
2419 5355 2485 5408 in
2516 5366 2728 5407 mma
2763 5367 3004 5423 qumque
3035 5351 3213 5407 mllio
3245 5350 3536 5407 hommum.
3757 5432 3868 5487 2⁷·
