4850 6117
270 427 386 488 445

271 632 408 677 rum
475 609 888 677 turbulentas
945 608 1296 676 seditiones
1358 627 1696 691 nunquam
1764 608 1956 674 aliter
2015 628 2212 692 quam

271 696 473 780 gladio
517 696 815 772 coerceri,
875 696 932 762 81
974 694 1204 761 Albios
1246 704 1315 761 et
1358 694 1712 773 Tolosates,
1757 696 1873 777 qui
1904 713 2024 777 per
2064 713 2210 777 spe-

271 781 422 848 eiem
480 780 817 865 religionis
865 802 905 846 a
945 781 1253 865 Philippo
1296 781 1601 865 Augusto
1644 778 2031 859 defecerant,
2076 800 2212 844 non

271 887 446 933 secus
491 885 684 948 quam
731 866 899 932 bello
944 886 1285 949 oppressos
1350 866 1644 933 revocari
1697 868 1988 949 potuisse
2046 865 2209 949 legi-

269 973 426 1031 mus,
470 953 527 1017 si
569 952 919 1017 severitate
976 951 1364 1018 iudiciorum
1403 951 1717 1018 finitimos
1761 952 2090 1035 principes
2133 969 2209 1016 ac

266 1038 530 1123 populos
571 1037 903 1123 integram
948 1058 1135 1103 suam
1177 1037 1643 1103 authoritatem
1688 1038 1818 1105 huc
1861 1057 2070 1120 usque
2104 1056 2209 1101 re-

268 1124 555 1201 tinuisse,
614 1125 669 1190 si
737 1143 1096 1208 paucorum
1159 1132 1370 1203 morte
1431 1123 1704 1208 reliquis
1756 1124 1892 1190 suis
1957 1120 2211 1188 civibus

267 1209 663 1277 consuluisse
717 1208 1164 1294 intelligimus,
1224 1209 1378 1292 quid
1422 1220 1537 1288 est,
1582 1210 1866 1286 obsecro,
1909 1208 2082 1293 quod
2128 1207 2211 1274 de

267 1297 674 1362 factiosorum
719 1315 928 1379 poena
971 1295 1270 1360 dubitare
1326 1294 1676 1361 debeamus
1697 1295 1729 1358 ⁴?
1818 1296 2070 1361 Verum
2115 1302 2211 1360 ta-

266 1404 409 1448 men
450 1382 548 1448 810
588 1402 659 1448 88
712 1381 890 1466 leges
945 1381 1309 1464 iudiciaque
1365 1381 1435 1446 in
1483 1380 1607 1448 hoc
1647 1402 1849 1466 regno
1892 1382 2210 1447 hactenus

265 1468 647 1545 habuerunt,
704 1476 782 1532 ut
834 1465 1383 1550 quemadmodum
1439 1465 1738 1533 videmus
1793 1487 2051 1533 muscas
2107 1469 2208 1530 in-

265 1554 577 1619 firmiores
613 1573 1003 1618 aranearum
1038 1552 1188 1618 telis
1228 1552 1571 1635 implicari,
1616 1573 1777 1636 quas
1822 1551 2054 1618 deinde
2087 1572 2207 1617 va-

263 1639 532 1705 lentiora
591 1639 904 1704 animalia
948 1638 1396 1722 perfringunt:
1447 1639 1540 1703 sic
1592 1638 1664 1702 in
1707 1638 1950 1723 vulgus
1993 1636 2206 1703 delin-

262 1725 598 1809 quentium
641 1724 944 1790 nonnihil
987 1723 1318 1790 interdum
1361 1725 1511 1789 iura
1551 1723 1932 1790 valuerunt:
1978 1730 2206 1807 poten-

263 1811 550 1890 tioribus,
610 1811 680 1875 in
743 1830 908 1894 quos
964 1810 1253 1875 maxime
1310 1808 1672 1875 districtum
1727 1808 2015 1893 gladium
2063 1830 2205 1875 esse

263 1899 554 1980 oportuit,
616 1918 752 1962 non
808 1896 1001 1961 modo
1045 1896 1293 1979 peccati
1337 1896 1615 1974 veniam,
1661 1894 1776 1961 sed
1819 1897 2016 1961 etiam
2053 1916 2204 1979 pec-

263 1983 441 2047 candi
484 1982 823 2048 licentiam
870 1990 1387 2065 potestatemque
1450 1980 1884 2047 indulserunt.
1973 1981 2204 2065 Itaque

260 2067 532 2152 ignavia,
570 2068 1017 2147 occultatione,
1052 2068 1445 2151 impunitate
1473 2067 1863 2133 effrenatum
1898 2067 2202 2146 furorem,

262 2155 362 2236 qui
414 2175 595 2220 nunc
654 2174 725 2219 se
776 2153 1055 2236 proripit
1107 2164 1172 2220 et
1217 2153 1493 2237 proiicit,
1545 2153 1845 2232 fovimus,
1894 2153 2201 2232 aluimus,

261 2241 712 2322 promovimus,
764 2240 964 2304 nimis
1008 2238 1309 2319 molliter,
1352 2238 1572 2303 minus
1615 2238 1886 2317 fortiter,
1934 2239 2203 2303 omnino

262 2325 699 2392 inconstanter
756 2325 1189 2392 velificatione
1250 2331 1504 2389 mutata
1569 2324 2062 2407 tempestatibus
2126 2345 2202 2390 ac

297 2411 548 2478 rocellis
592 2412 922 2477 cessimus.
1011 2410 1205 2476 Nunc
1238 2413 1294 2476 si
1339 2410 1592 2476 salvam
1628 2431 1867 2475 navem
1908 2430 2050 2476 esse
2085 2430 2200 2475 vo-

284 2517 461 2563 umus
483 2548 501 2577 ,
561 2497 819 2563 virilius
873 2493 1316 2573 obsistendum
1343 2545 1360 2571 ,
1417 2496 1676 2561 firmius
1753 2493 2200 2571 obnitendum.

260 2583 414 2648 velis
444 2585 776 2666 remisque
821 2582 906 2648 ad
948 2580 1383 2665 placidissima
1426 2580 1621 2647 litora
1655 2579 2195 2648 contendendum.

260 2667 493 2734 Errant
547 2669 747 2748 enim,
804 2680 872 2734 et
908 2668 1336 2737 vehementer
1376 2665 1641 2750 quidem
1685 2676 1925 2746 errant,
1987 2668 2041 2733 si
2087 2668 2199 2751 qui

261 2755 629 2821 existimant
684 2764 760 2820 ut
820 2755 893 2819 in
949 2755 1081 2819 ista
1133 2755 1457 2820 fluctuum
1510 2753 1877 2834 iactatione,
1924 2753 2081 2819 dum
2123 2754 2196 2819 in

262 2837 542 2907 diversas
597 2851 818 2925 partes
874 2840 1065 2906 modo
1121 2841 1252 2906 huc
1308 2840 1583 2925 agimur,
1632 2839 1822 2905 modo
1864 2839 2021 2907 illuc
2063 2838 2197 2907 dis-

258 2926 592 3006 trahimur,
637 2933 886 2993 reetum
921 2926 1363 3010 navigationis
1407 2946 1673 2993 cursum
1714 2938 1940 2991 tenere
1975 2926 2195 2992 valea-

256 3024 406 3089 mus,
448 3033 528 3080 ac
573 3034 708 3078 non
757 3013 973 3097 potius
1029 3012 1608 3097 periculosissimas
1652 3010 1888 3098 Syrtes
1932 3020 2002 3077 et
2041 3012 2193 3079 hor-

256 3096 447 3164 ribilis
490 3098 826 3184 naufragii
867 3099 1234 3166 luctuosum
1280 3100 1535 3165 exitum
1578 3099 2038 3183 pertimescere
2081 3096 2192 3163 de-

254 3183 523 3251 beamus.
629 3183 856 3266 Quare
910 3184 1077 3250 illud
1134 3186 1266 3250 iam
1318 3184 1848 3251 constituendum
1905 3204 1981 3250 ac
2035 3183 2193 3250 defi-

254 3269 553 3336 niendum
616 3280 732 3350 est,
776 3280 1002 3337 utrum
1054 3281 1348 3338 veterem
1383 3273 1583 3338 tutari
1626 3271 2081 3351 constantiam,
2125 3278 2195 3335 et

254 3355 621 3424 inviolatam
693 3356 1030 3442 religionis
1093 3359 1538 3442 integritatem
1605 3378 1997 3425 conservare
2021 3407 2038 3436 ,
2104 3376 2189 3421 an

253 3443 629 3529 prodigiosis
671 3444 1158 3511 coniuratorum
1202 3444 1594 3511 factionibus
1641 3442 1777 3531 [fol.
1821 3440 1936 3530 10]
1984 3444 2190 3509 vitam

256 3549 321 3593 80
358 3531 641 3597 salutem
683 3541 973 3598 nostram
1018 3530 1254 3597 dedere
1298 3530 1524 3597 utilius
1559 3528 1977 3596 decentiusve
2019 3528 2190 3594 iudi-

255 3635 473 3683 cemus.
564 3615 715 3698 Qua
758 3618 838 3683 de
882 3638 955 3682 re
999 3638 1132 3682 non
1176 3616 1442 3684 difficile
1484 3617 1669 3681 vobis
1707 3615 1836 3681 erit
1876 3614 2189 3682 iudicium

254 3701 583 3785 explicare,
640 3705 695 3768 si
748 3722 977 3770 causas
1034 3722 1198 3786 quae
1242 3703 1417 3768 inter
1468 3723 1539 3767 se
1578 3701 1940 3784 confligunt
1996 3723 2187 3768 exac-

254 3789 370 3854 tius
421 3808 566 3854 com
616 3789 833 3867 aretis,
891 3809 1240 3872 rerumque
1303 3790 1592 3872 ipsarum
1660 3796 1934 3852 eventus
1991 3794 2187 3869 atque

255 3871 560 3940 incommo
609 3894 650 3938 a
691 3877 825 3940 iam
865 3875 1018 3940 inde
1062 3874 1482 3958 provideatis:
1564 3873 1798 3958 Itaque
1834 3873 2033 3939 velim
2071 3894 2186 3938 vos

253 3956 400 4024 illud
434 3962 657 4027 animo
701 3968 1026 4046 reputare,
1069 3959 1240 4043 quod
1276 3962 1554 4026 maiores
1588 3960 1800 4024 nostri
1842 3959 2185 4042 sapientis-

255 4045 387 4110 simi
426 4047 745 4131 Rerump.
782 4047 1252 4131 gubernatores
1294 4047 1362 4112 in
1396 4047 1627 4131 primis
1661 4044 2027 4112 cavendum
2071 4043 2186 4110 ad-

255 4144 650 4211 monuerunt,
695 4153 778 4198 ne
823 4132 1022 4199 ullius
1069 4140 1184 4198 aut
1230 4132 1424 4198 edicti
1470 4141 1583 4199 aut
1625 4131 1791 4217 legis
1834 4139 1953 4197 aut
1995 4130 2185 4197 disci-

254 4213 450 4297 plinae
501 4221 891 4303 imperiique
942 4219 1217 4284 mutatio
1273 4226 1521 4284 temere
1578 4225 1958 4284 tentaretur.
2071 4215 2186 4284 Sic

257 4302 415 4367 enim
448 4326 518 4370 se
575 4326 716 4370 rem
760 4305 1002 4372 habere
1037 4304 1391 4388 prudenter
1433 4311 1932 4389 prospexerunt,
1978 4312 2051 4369 ut
2097 4303 2184 4367 si-

256 4398 354 4452 eut
404 4409 691 4475 corpora,
752 4411 902 4457 cum
962 4414 998 4456 e
1056 4400 1363 4457 consueto
1415 4401 1484 4457 et
1525 4390 1830 4456 familiari
1875 4390 2054 4456 victu
2101 4389 2185 4454 ad

256 4493 481 4541 novum
548 4485 618 4542 et
667 4477 1061 4543 insolentem
1110 4477 1628 4555 traducerentur,
1679 4475 2061 4541 conturbata
2114 4477 2182 4541 in

255 4561 496 4628 morbos
540 4582 776 4647 graves
819 4564 1202 4640 inciderent,
1237 4566 1334 4630 ita
1370 4585 1502 4629 non
1546 4564 1736 4646 longe
1779 4562 1972 4627 aliter
2013 4563 2183 4628 Res-

257 4646 388 4725 pub.
426 4649 989 4731 perniciosissimis
1032 4649 1425 4715 seditionum
1478 4649 2026 4732 factiosarumque
2070 4670 2184 4715 cu-

256 4730 583 4812 piditatum
635 4735 919 4802 motibus
966 4736 1339 4802 laboratura
1400 4746 1588 4813 esset,
1637 4735 1691 4799 si
1738 4742 1995 4800 vetusto
2040 4735 2184 4800 eius

258 4824 415 4884 statu
456 4823 785 4901 convulso,
829 4820 1189 4905 repudiatis
1233 4823 1555 4886 maiorum
1608 4821 1947 4899 institutis,
1992 4821 2183 4886 abro-

258 4910 394 4984 gata
448 4906 741 4973 diuturni
789 4909 1100 4992 temporis
1164 4907 1436 4973 vivendi
1492 4904 1978 4986 consuetudine,
2034 4927 2182 4972 sur-

259 5008 389 5055 sum
408 4992 705 5058 deorsum
730 4995 952 5059 omnia
983 4994 1549 5077 permiscerentur.
1617 4991 1799 5057 Hinc
1830 4992 1947 5056 illa
1970 4993 2183 5058 Grae-

261 5093 460 5142 corum
502 5079 826 5160 instituta,
879 5100 1045 5163 quae
1082 5086 1311 5163 postea
1354 5077 1635 5144 Romani
1687 5098 1872 5143 suam
1915 5078 1983 5141 in
2028 5077 2183 5141 civi-

260 5165 443 5227 tatem
499 5165 1002 5245 transtulerunt,
1051 5164 1287 5248 quibus
1344 5164 1558 5248 patria
1601 5184 1787 5230 sacra
1822 5163 1964 5241 coli,
2009 5164 2181 5228 ritus

259 5254 517 5330 patrum,
564 5252 868 5334 quoniam
913 5253 1210 5336 proxime
1246 5250 1599 5335 antiquitas
1642 5248 1725 5314 ad
1770 5247 1964 5313 deum
2001 5270 2181 5316 acce-

264 5329 440 5414 deret,
511 5338 758 5403 servari
841 5338 1120 5404 voluere.
1233 5336 1410 5403 Hine
1479 5335 1594 5401 illa
1659 5333 1831 5418 apud
1897 5333 2179 5401 Dionem

2070 421 2232 483 1562
2273 417 2460 486 IUN.

4138 433 4263 495 446

2318 608 2720 675 Mecoenatis
2766 605 2850 672 ad
2894 608 3273 692 Augustum
3318 614 3575 694 sapiens
3617 620 3687 678 et
3728 614 3994 698 elegans
4038 619 4262 699 oratio,

2315 712 2445 776 qua
2479 695 2937 777 imperatorem
2979 703 3201 760 monet
3234 695 3482 763 nullam
3516 700 3655 764 fore
3687 704 3758 765 in
3802 701 3965 784 Rep.
4013 712 4262 784 pestem

2315 779 2775 863 capitaliorem,
2831 780 3170 863 magisque
3226 784 3666 862 avertendam,
3717 806 3911 869 quam
3959 797 4034 851 ut
4081 797 4259 855 vete-

2313 885 2454 930 rem
2505 866 2782 930 formam
2838 866 3144 947 perverti,
3201 887 3439 933 novam
3498 869 3825 937 introduci
3881 893 3955 936 ac
4011 874 4261 939 firmari

2312 952 2616 1033 patiatur.
2682 950 2861 1018 Hinc
2894 951 3011 1015 illa
3053 952 3428 1031 Persarum,
3471 956 3919 1034 Locrensium,
3965 960 4258 1025 omnium

2313 1034 2591 1120 denique
2624 1038 2940 1135 gentium,
2982 1038 3112 1101 imo
3169 1039 3784 1108 Iurisconsultorum
3830 1042 4259 1125 prudentissi-

2313 1143 2571 1188 morum
2628 1131 2970 1201 sententia,
3015 1124 3085 1186 in
3128 1125 3319 1191 novis
3362 1128 3559 1193 rebus
3603 1128 4072 1195 constituendis
4116 1133 4255 1195 evi·

2314 1207 2576 1275 dentem
2617 1217 3151 1292 perspectamque
3203 1212 3557 1279 utilitatem
3602 1234 3743 1280 8888
3777 1226 4093 1298 oportere,
4138 1238 4253 1282 811-

2312 1301 2574 1377 tequam
2611 1294 2692 1359 ab
2736 1313 2814 1359 eo
2856 1294 3002 1358 iure
3046 1294 3219 1377 quod
3256 1296 3369 1363 diu
3404 1308 3738 1383 receptum
3773 1303 3874 1377 sit,
3911 1301 4255 1369 recedendi

2312 1380 2689 1446 deliberatio
2752 1379 3154 1446 instituatur.
3263 1382 3440 1449 Hinc
3514 1385 3792 1468 denique
3855 1387 4018 1453 illud
4084 1388 4256 1470 quod

2308 1465 2527 1551 vulg0,
2586 1465 2701 1532 sed
2757 1474 2977 1531 tamen
3036 1467 3375 1534 verissime
3429 1472 3653 1536 iactari
3711 1472 3890 1545 solet,
3949 1496 4030 1539 ex
4071 1475 4255 1540 Reli-

2307 1552 2523 1636 gionis
2603 1553 3106 1619 commutatione
3190 1564 3505 1638 perpetuo
3591 1560 3898 1641 consequi
3975 1560 4252 1643 Reipub.

2307 1640 2820 1704 conversionem.
2923 1637 3098 1718 Quid
3157 1639 3360 1723 igitur
3414 1641 3536 1707 hoc
3589 1643 3728 1708 loco
3763 1644 3939 1710 Beza
3991 1666 4255 1729 respon-

2306 1722 2474 1801 deat,
2520 1725 2634 1806 qui
2668 1725 2869 1789 huius
2902 1725 3341 1790 florentissimi
3374 1726 3595 1811 Regni
3629 1727 3795 1794 bene
3829 1734 4253 1814 compositam

2306 1808 2738 1891 disciplinam,
2797 1811 2907 1892 qui
2950 1819 3049 1874 tot
3094 1811 3461 1877 seculorum
3505 1813 3782 1880 decursu
3826 1816 3907 1882 ab
3951 1818 4253 1885 omnibus

2305 1896 2641 1977 probatam
2697 1895 2957 1979 pietatis
3014 1896 3334 1962 rationem
3376 1899 3455 1963 ad
3512 1920 3696 1965 suam
3754 1902 4095 1968 vecordem
4141 1925 4253 1970 ve-

2305 1999 2664 2063 sanamque
2718 1980 3087 2060 libidinem,
3157 1983 3336 2049 velut
3394 1984 3476 2049 ad
3543 1985 3913 2069 plumbeam
3973 1988 4254 2057 Lesbiae

2304 2064 2772 2133 aedificationis
2851 2067 3144 2150 regulam
3212 2077 3658 2136 transmovere
3722 2082 3790 2138 et
3854 2074 4251 2152 subvertere,

2303 2152 2484 2238 leges
2526 2153 2846 2218 maiorum
2902 2162 3162 2236 apertas
3217 2165 3281 2219 et
3333 2158 3709 2240 perspicuas
3751 2160 3975 2225 nescio
4016 2160 4254 2242 quibus

2303 2239 2645 2304 insomniis
2722 2238 3077 2321 depravare
3153 2261 3229 2307 ac
3293 2261 3706 2325 corrumpere
3782 2244 4198 2310 machinatur
4216 2246 4250 2309 Ῥ

2303 2323 2461 2389 Sint
2514 2345 2670 2390 sane
2724 2323 3041 2408 quaedam
3103 2327 3172 2390 in
3229 2335 3600 2393 nostrorum
3659 2329 4001 2395 hominum
4060 2329 4250 2396 disci-

2301 2409 2485 2493 plina
2535 2410 2990 2476 emendatione
3035 2420 3102 2475 et
3146 2412 3714 2480 animadversione
3771 2413 3990 2500 digna,
4040 2419 4251 2483 cuius-

2303 2494 2478 2561 modi
2521 2515 2663 2561 esse
2706 2495 2925 2580 aliqua
2976 2517 3109 2562 non
3153 2498 3539 2576 inficiamur,
3596 2501 3773 2583 quod
3815 2504 4055 2585 partim
4102 2523 4251 2569 nos-

2299 2589 2407 2647 tra
2447 2581 2754 2660 socordia,
2790 2582 3030 2665 partim
3078 2592 3444 2668 temporum
3482 2593 3678 2669 atque
3717 2586 4039 2653 bellorum
4079 2589 4251 2654 cala-

2299 2668 2529 2734 mitate
2553 2720 2567 2745 ,
2619 2666 3055 2751 peccandique
3106 2667 3242 2757 [fol.
3305 2669 3413 2758 11]
3473 2671 3739 2738 licentia
3802 2672 4144 2755 paululum
4210 2697 4251 2740 a

2297 2753 2587 2838 perfecta
2641 2754 3036 2837 optimorum
3094 2766 3361 2839 patrum
3406 2758 3649 2823 virtute
3692 2760 4248 2843 sanctimoniaque

2297 2839 2704 2919 defleximus,
2750 2860 2835 2906 an
2876 2842 3189 2907 continuo
3233 2863 3452 2908 rerum
3495 2843 3774 2923 ordines,
3823 2854 4089 2928 propter
4133 2847 4249 2911 ab·

2297 2947 2456 2993 usus
2499 2925 2840 3006 tollendos,
2884 2934 2951 2992 et
2988 2926 3530 3011 quemadmodum
3564 2930 3951 3015 Lycurgum
3979 2937 4247 3014 propter

2294 3012 2685 3079 temulentos
2729 3013 2885 3078 vino
2919 3013 3092 3080 male
3134 3018 3418 3095 utentes,
3463 3016 3767 3100 stirpitus
3809 3016 3984 3082 vites
4023 3017 4247 3083 ferunt

2293 3098 2630 3179 excidisse,
2687 3099 2784 3164 ita
2823 3106 3090 3183 propter
3130 3101 3601 3167 nonnullorum
3648 3102 3993 3168 hominum
4035 3102 4248 3169 defor-

4119 3210 4246 3269 am,

4134 3278 4247 3340 An

2291 3195 2505 3250 matos
2581 3205 2795 3251 mores
2866 3205 3001 3250 non
3053 3185 3536 3252 reformandam
3602 3187 3868 3253 vivendi
3930 3210 3964 3253 r

2295 3269 2409 3336 sed
2473 3270 2942 3355 propemodum
3007 3269 3449 3356 abrogandam
3515 3273 3990 3340 existimabunt

2290 3372 2637 3441 propterea
2671 3356 2860 3423 nobis
2902 3357 3049 3421 iura
3089 3378 3262 3424 nova
3294 3357 3700 3444 legislatores
3735 3360 3964 3425 eximii
4007 3360 4247 3427 descri-

2290 3442 2466 3521 bent,
2512 3443 2727 3527 prisca
2760 3451 2826 3507 et
2868 3443 3130 3522 usitata,
3165 3452 3232 3508 et
3271 3444 3401 3509 iam
3440 3444 3594 3510 inde
3628 3444 3712 3510 ab
3753 3444 4035 3512 heroicis
4076 3454 4245 3511 tem-

2291 3530 2558 3612 poribus
2611 3529 2888 3612 repetita
2946 3529 3392 3595 damnabunt?
3481 3530 3803 3597 Homines
3845 3539 4102 3599 nostros
4138 3534 4246 3596 ni·

2289 3615 2385 3680 hil
2445 3635 2694 3698 sapere,
2752 3622 2821 3680 et
2872 3613 3042 3698 quod
3099 3615 3342 3698 passim
3387 3638 3706 3701 usurpare
3750 3618 3983 3696 solent,
4018 3617 4243 3683 literas

2287 3720 2508 3768 sacras
2559 3702 2915 3786 ignorasse,
2971 3722 3114 3767 sese
3155 3700 3326 3767 solos
3380 3723 3605 3768 earum
3648 3723 3912 3768 sensum
3956 3704 4238 3780 scivisse,
4308 3726 4319 3739 ⁴

2287 3786 2605 3872 mysteria
2654 3787 3011 3865 detexisse,
3069 3787 3217 3871 plus
3275 3809 3470 3853 suum
3527 3788 3806 3873 asylum,
3854 3807 4051 3870 quam
4093 3789 4239 3853 uni-

2288 3874 2463 3939 versi
2507 3873 2684 3938 orbis
2727 3882 3049 3938 terrarum
3095 3872 3440 3938 consilium
3484 3872 3725 3939 vidisse
3766 3873 4237 3939 clamitabunt?

2287 3958 2455 4039 Quis
2512 3980 2668 4025 vero
2730 3958 2892 4024 tales
2949 3958 3135 4025 nobis
3179 3958 3581 4038 Charondae,
3638 3958 3933 4038 Solones,
3980 3960 4237 4044 Lycur-

2287 4066 2421 4195 gos,
2465 4045 2781 4112 Zaleucos
2835 4044 3093 4129 legibus
3151 4044 3553 4128 corrigendis
3599 4052 3666 4108 et
3706 4044 3994 4110 ferendis
4049 4044 4236 4110 adhi-

2329 4130 2474 4196 uit?
2564 4129 2733 4212 Quis
2783 4130 2945 4196 tales
3000 4130 3186 4196 nobis
3230 4128 3531 4194 tribunos
3582 4129 3806 4212 plebis,
3851 4132 3967 4195 aut
4010 4152 4235 4198 censo-

2285 4238 2392 4283 res
2435 4216 2731 4284 creavit?
2794 4216 2942 4297 Quo
2995 4219 3158 4296 iure,
3213 4235 3341 4298 quo
3399 4236 3581 4281 more
3634 4215 3930 4281 homines
3968 4219 4234 4300 privati,

2285 4302 2547 4370 nullum
2600 4305 2668 4368 in
2725 4303 2849 4369 hoc
2893 4304 3127 4386 Regno
3180 4302 3637 4385 magistratum
3691 4310 3992 4386 gerentes
4011 4356 4025 4379 ,
4081 4305 4236 4369 novi

2287 4390 2613 4457 Arcesilae
2662 4387 2844 4455 istud
2899 4389 3227 4471 suscipere
3281 4398 3348 4452 et
3391 4387 3682 4470 polliceri
3725 4386 4012 4453 audent?
4103 4387 4239 4455 Sed

2285 4476 2417 4540 iam
2462 4497 2608 4541 cum
2669 4474 2798 4540 illis
2858 4496 3047 4559 agam
3094 4473 3309 4556 quiete
3352 4484 3418 4538 et
3455 4472 3881 4553 familiariter,
3928 4477 4236 4557 quoniam

2284 4582 2393 4627 eos
2441 4582 2676 4627 sanare
2719 4560 2940 4643 potius
2983 4558 3170 4642 Reip.
3232 4580 3428 4642 quam
3484 4559 3771 4643 perditos
3828 4580 3970 4625 esse
4029 4563 4236 4645 cupio.

2284 4649 2425 4727 Ais,
2470 4647 2665 4724 Beza,
2726 4666 2847 4711 nos
2902 4665 2942 4709 a
2998 4665 3153 4710 vera
3198 4643 3445 4710 Christi
3499 4645 3771 4710 ecclesia
3814 4653 4077 4711 tantum
4122 4648 4236 4713 ab·

2284 4754 2444 4808 esse,
2500 4740 2817 4815 quantum
2875 4731 2957 4795 ad
3016 4732 3155 4796 eius
3210 4728 3721 4795 familiaritatem
3780 4734 4236 4816 gremiumque

2283 4819 2629 4884 accessisti.
2719 4815 2896 4897 Quid
2942 4818 2997 4881 si
3040 4812 3403 4899 proba’vero
3436 4816 3749 4895 Francos,
3796 4840 3940 4882 eam
3984 4818 4236 4885 Christi

2282 4903 2480 4969 fidem
2524 4924 2718 4986 quam
2754 4904 3111 4968 etiamnum
3152 4910 3468 4982 tenemus,
3507 4902 3745 4968 abhinc
3788 4904 3968 4969 mille
4014 4915 4081 4969 et
4115 4905 4234 4968 du·

2282 4989 2492 5054 centis
2522 4990 2713 5054 annis
2748 4989 3161 5054 sanctissime
3199 4989 3400 5053 fuisse
3435 4989 3809 5071 professos?
3857 4991 3915 5055 si
3959 4990 4232 5054 eandem

2281 5074 2466 5141 nullo
2506 5083 2797 5159 tempore
2851 5075 3312 5153 intermissam,
3368 5074 3552 5140 nulla
3595 5075 3974 5158 opinionum
4023 5076 4232 5139 varie-

2283 5169 2417 5227 tate
2477 5169 2590 5226 aut
2641 5161 3059 5227 contentione
3104 5159 3537 5244 interruptam
3580 5160 3970 5226 ostendero?
4013 5169 4086 5223 tu
4128 5160 4232 5222 in-

2282 5247 2475 5313 terim
2531 5247 2750 5331 Reges
2817 5245 3413 5315 christianissimos
3438 5299 3454 5328 ,
3515 5247 3857 5329 Principes
3930 5246 4230 5327 optimos,

2285 5334 2462 5401 cives
2505 5333 2981 5418 integerrimos,
3027 5341 3094 5398 et
3135 5339 3451 5416 quotquot
3492 5332 3596 5398 his
3640 5332 3878 5399 seculis
3918 5332 4231 5396 innocen-
