4850 6117
537 419 581 479 3
2051 410 2581 482 EPISTOLAB
2621 413 3045 479 2642—3544
4547 416 4597 480 4

530 624 685 672 esse
738 600 1032 669 fraudari
1084 620 1207 667 suo
1247 601 1392 668 iure
1434 600 1769 669 eeclesiam
1784 598 1818 665 ?
1899 599 2092 683 Quin.
2125 598 2324 667 etiam
2363 599 2492 667 1108

541 687 710 756 addo
752 696 1125 756 vestrarum
1165 687 1456 772 partium
1498 707 1641 754 esse
1684 685 1794 753 vel
1836 685 2158 754 adducere
2195 686 2301 755 vel
2343 687 2494 751 mit-

540 782 683 843 tere
735 774 1070 841 hominem
1121 775 1193 839 18
1249 792 1328 839 88
1381 772 1474 838 118
1570 792 1612 837 8
1661 771 1830 839 bene
1872 774 2322 840 exercitatum.
2411 769 2490 838 Si

538 881 735 946 quem
792 858 1107 926 Merlimcs
1161 879 1387 926 secum
1524 857 1791 924 duxerit
1843 861 2091 944 gratior
2131 858 2320 925 nobis
2361 858 2493 922 erit

539 946 682 1014 eius
722 944 1063 1013 adventus.
1151 942 1289 1011 Sed
1329 944 1593 1012 obsecro
1627 944 1907 1029 satagite
1948 952 2026 1010 ut
2065 946 2243 1011 inter
2281 942 2493 1010 maxi-

537 1054 683 1100 mas
746 1052 939 1099 curas
992 1051 1128 1098 non
1181 1031 1268 1095 sit
1320 1030 1484 1097 haec
1524 1038 1870 1115 postrema.
1957 1032 2246 1097 Tantum
2289 1029 2490 1113 dispi-

541 1119 669 1186 cite
721 1126 799 1183 ut
892 1118 998 1184 ius
1039 1117 1132 1183 sit
1173 1116 1468 1201 quisquis
1510 1116 1749 1200 veniet,
1793 1136 1926 1182 non
1969 1123 2332 1184 ostentator
2375 1112 2490 1182 sed

539 1204 625 1272 ad
666 1205 849 1271 feren
896 1224 1011 1268 um
1052 1202 1341 1269 laborem
1383 1201 1635 1289 placide
1677 1204 2086 1285 compositus.
2107 1205 2164 1284 ⁰)
2232 1203 2337 1268 De
2370 1201 2493 1266 lin·

536 1311 709 1377 guae
750 1290 987 1375 peritia
1030 1286 1351 1355 Merlinus
1410 1286 1740 1355 iudicabit.
1830 1287 1965 1372 Qui
2013 1289 2293 1355 Viretum
2349 1297 2493 1352 tan-

536 1385 763 1460 topere
815 1380 1152 1459 expetunt,
1206 1374 1555 1457 quominus
1609 1373 1862 1458 pridem
1915 1383 2068 1441 voto
2122 1396 2242 1440 suo
2298 1375 2490 1457 potiti

540 1462 786 1530 fuerint
836 1482 957 1545 per
996 1479 1105 1525 me
1156 1480 1291 1525 808
1343 1461 1540 1527 stetit.
1629 1460 1824 1526 Nunc
1869 1458 2378 1543 Mon-§pessulum
2400 1462 2489 1541 ¹⁰)

538 1547 871 1633 profectus
906 1553 1024 1626 est,
1062 1545 1217 1629 quia
1236 1545 1555 1630 hybernis
1577 1546 1777 1612 huius
1811 1548 2098 1630 regionis
2139 1545 2492 1631 frigoribus

540 1655 611 1700 se
644 1635 967 1717 imparem
997 1632 1140 1697 fore
1173 1631 1494 1699 credebat.
1566 1631 1709 1700 Sub
1743 1633 1942 1698 finem
1977 1633 2238 1718 hyemis
2272 1640 2489 1697 trans-

538 1719 659 1785 ibit
689 1720 763 1783 in
798 1719 1195 1785 Vasconiam
1239 1725 1307 1784 et
1349 1726 1488 1784 toto
1523 1718 1909 1785 Garumnae
1951 1725 2169 1785 tractu
2209 1718 2490 1784 lustrato

537 1804 621 1872 ad
665 1804 963 1890 Ligerim
1022 1802 1371 1871 descendet
1421 1805 1599 1872 unde
1647 1804 1723 1868 in
1762 1803 2235 1872 Normanniam
2280 1825 2490 1887 usque

624 1890 923 1957 netrabit.

537 1912 622 1976 ΡΘ
706 1977 854 2062 Ego
910 1983 1128 2041 autem
1194 1975 1467 2041 moleste
1529 1975 1689 2054 fero,
1753 1995 1861 2040 me
1924 1975 2110 2042 nulla
2171 1995 2368 2041 causa
2425 1984 2493 2041 et

535 2063 781 2147 absque
822 2061 959 2128 ullo
1001 2060 1216 2128 colore
1271 2060 1661 2145 quibusdam
1711 2081 1856 2129 esse
1891 2071 2270 2147 suspectum
2313 2083 2391 2128 ac
2434 2063 2490 2127 si

535 2168 668 2233 qua
721 2147 1163 2214 aemulatione
1218 2168 1568 2232 pungerer,
1621 2146 1794 2230 quod
1847 2168 1981 2214 808
2036 2148 2279 2214 fuerim
2322 2149 2493 2214 acci-

533 2241 661 2301 tus.
748 2233 1037 2301 Perinde
1079 2234 1256 2299 enim
1302 2253 1513 2317 nuper
1552 2233 1717 2299 mihi
1761 2235 2026 2318 scripsit
2066 2234 2493 2301 Admiraldus

537 2339 616 2388 ac
649 2321 706 2387 81
743 2319 1158 2386 excusatione
1204 2318 1289 2385 ad
1337 2339 1445 2385 me
1479 2318 1874 2401 placandum
1908 2341 2072 2403 opus
2107 2330 2297 2387 esset.
2385 2321 2490 2386 'Pu

536 2413 757 2474 autem
810 2427 850 2472 0
896 2407 1098 2472 timus
1153 2403 1318 2470 mihi
1378 2425 1448 2470 88
1493 2406 1677 2472 188118
1731 2412 1810 2470 ut
1859 2404 2032 2471 hano
2086 2407 2489 2490 provinciam

534 2511 796 2573 semper
893 2490 1229 2574 efugerim.
1316 2490 1488 2556 Mihi
1545 2489 1879 2575 displicuit
1929 2513 2130 2575 quum
2187 2501 2255 2558 te
2319 2493 2490 2559 serio

536 2578 902 2644 obtestatus
963 2598 1177 2643 essem
1240 2576 1311 2643 18
1379 2576 1684 2658 discessu,
1748 2598 1834 2643 ne
1898 2577 1980 2643 de
2044 2597 2150 2642 me
2215 2577 2490 2644 verbum

533 2661 802 2741 faceres,
843 2682 977 2727 non
1021 2663 1185 2729 satis
1216 2662 1432 2742 officii,
1480 2661 1653 2746 quod
1687 2664 1850 2729 mihi
1894 2663 2117 2730 deberi
2158 2663 2490 2747 putabam,

533 2747 741 2824 fuisse
773 2769 1148 2814 memorem.
1236 2747 1373 2815 Sed
1408 2769 1640 2816 vereor
1679 2768 1766 2816 ne
1800 2749 2068 2815 aliunde
2101 2760 2490 2835 suggestum

534 2833 738 2902 fuerit
789 2835 1007 2902 nescio
1064 2832 1241 2919 quid,
1295 2834 1450 2917 quia
1503 2856 1610 2901 me
1663 2856 1746 2902 ex
1804 2856 1922 2902 suo
1976 2835 2241 2921 ingenio
2297 2835 2490 2902 multi

535 2921 925 2988 aestimant:
989 2941 1185 3003 porro
1249 2940 1449 3003 quum
1513 2920 1687 2987 laeta
1749 2920 1946 2986 simul
2002 2932 2071 2987 et
2133 2923 2351 2989 tristia
2403 2944 2492 2987 ex

535 3007 838 3074 omnibus
914 3005 1270 3090 provinciis
1347 3006 1522 3072 istuc
1580 3007 1998 3092 perferantur
2060 3028 2197 3074 808
2261 3007 2489 3074 dubito

532 3113 673 3171 vos,
716 3099 797 3157 ut
837 3113 959 3176 par
1000 3101 1118 3171 est,
1162 3091 1244 3158 de
1287 3092 1705 3160 sublevandis
1747 3091 2062 3159 fratribus
2113 3116 2255 3161 esse
2312 3095 2489 3161 solli-

533 3180 716 3247 citos.
771 3179 1060 3244 Arverni
1101 3177 1544 3244 misericordia
1586 3177 1953 3263 dignissimi
1987 3188 2145 3247 sunt
2186 3189 2254 3246 et
2295 3201 2493 3248 causa

535 3284 764 3332 eorum
828 3285 952 3330 sua
1010 3264 1335 3347 aequitate
1403 3263 1696 3331 favorem
1763 3266 2106 3332 conciliare
2169 3265 2379 3333 debet.
2403 3265 2490 3352 ¹¹)

533 3349 1098 3434 Lugdunensibus
1126 3353 1209 3430 ¹²)
1266 3358 1525 3416 mature
1580 3353 1873 3418 succurri
1929 3354 2132 3418 totius
2183 3353 2493 3419 ecclesiae

532 3435 761 3520 magni
814 3437 1108 3502 interest.
1197 3436 1395 3502 Nunc
1447 3437 1520 3501 in
1575 3443 1716 3504 tota
1767 3438 1987 3505 vicina
2041 3437 2286 3504 ditione
2337 3459 2495 3505 con-

538 3522 857 3590 scientiae
891 3522 1443 3607 expergiscuntur
1476 3542 1514 3587 e
1548 3543 1669 3588 suo
1692 3534 1983 3590 veterno.
2043 3524 2318 3591 Diceres
2352 3545 2496 3590 oes-

536 3610 663 3674 tris
697 3608 923 3692 pungi.
990 3609 1137 3692 Ego
1173 3615 1395 3674 autem
1429 3608 1790 3692 respondeo
1822 3631 1932 3675 me
1967 3611 2321 3677 anovitate
2358 3631 2494 3675 me·

538 3702 748 3764 tuero.
808 3693 947 3760 0111·
982 3696 1156 3762 enim
1192 3694 1367 3759 mala
1390 3692 1474 3759 ad
1496 3714 1665 3777 quae
1698 3694 2143 3763 occalluerant
2171 3697 2499 3781 incipiunt

541 3801 722 3847 111188
765 3778 1032 3845 demum
1066 3777 1356 3848 sentire?
1394 3778 1601 3846 donec
1636 3780 1864 3847 redeas
1897 3781 2205 3849 olfactum
2252 3783 2497 3849 frictio-

539 3865 665 3945 nis‚
723 3873 800 3932 ut
852 3865 1068 3933 iocose
1124 3865 1340 3932 dicere
1395 3865 1667 3945 solebas,
1723 3876 2096 3950 sequentur.
2184 3867 2379 3950 Quod
2439 3869 2498 3933 si

543 3950 718 4035 apud
775 3972 895 4018 nos
937 3951 1048 4030 sis,
1091 3949 1357 4036 frigebit
1399 3971 1627 4017 eorum
1671 3953 2008 4036 sagacitas.
2095 3954 2286 4034 Vale,
2327 3956 2496 4020 inte-

541 4037 827 4121 gerrime
861 4039 1080 4116 frater,
1117 4059 1252 4103 una
1291 4057 1441 4102 cum
1478 4037 1561 4103 D.
1599 4037 1891 4123 Martyre
1924 4037 2196 4124 aliisque
2231 4041 2499 4126 collegis

540 4123 779 4206 quibus
820 4143 941 4206 ego
984 4131 1052 4187 et
1092 4120 1330 4188 fratres
1374 4123 1584 4189 nostri
1617 4123 1895 4189 multam
1940 4125 2217 4192 salutem
2276 4148 2497 4209 preca-

543 4228 712 4274 mur.
800 4207 1128 4274 Dominus
1170 4209 1356 4276 vobis
1409 4209 1597 4288 adsit,
1657 4230 1777 4276 vos
1823 4211 2151 4294 gubernet
2198 4232 2317 4280 suo
2365 4213 2497 4296 spi·

544 4295 678 4447 3211
717 4300 795 4445 181
846 4294 1208 4360 incolumes
1264 4314 1384 4363 suo
1425 4294 1751 4379 praesidio
1793 4297 2135 4364 custodiat.
2224 4298 2497 4366 Galend.

646 4388 715 4446 to
759 4378 852 4446 ris
900 4388 927 4442 1
940 4384 1084 4445 561.

1457 4516 1733 4585 Oarolus
1775 4518 2111 4587 Passelius
2151 4527 2324 4585 tuus.

718 4719 1093 4786 Excuditur
1169 4691 1385 4788 brevis
1477 4723 1561 4790 ad
1652 4722 2053 4790 Batauinum
2139 4726 2497 4809 responsio,

548 4828 746 4893 quam
824 4807 1128 4888 proxima
1203 4806 1603 4874 hebdomade
1681 4809 1976 4893 accipies.
1999 4812 2085 4896 ¹⁸)
2174 4808 2497 4877 Solatium

752 5062 811 5132 9)
859 5063 994 5118 Vide
1025 5065 1247 5124 omnino
1280 5079 1423 5133 quae
1455 5063 1609 5122 Bm
1640 5065 1931 5134 respondet
1964 5066 2000 5121 2.
2035 5065 2071 5122 1.

724 5131 818 5267 l‘R
844 5132 1675 5271 ῗοεσιιέαθῖσὲαἰωυοαῇηῆκααὲα
1704 5217 1819 5259 noa
1852 5203 2121 5260 habam.

723 5269 822 5408 1121))
862 5268 1191 5396 &1352-
1229 5337 1339 5393 1x.
1375 5353 1619 5409 operum.

2593 597 2816 667 luctus
2870 598 3002 666 mei
3056 618 3293 683 parum
3335 619 3540 667 suave
3582 599 3711 667 hoc
3749 601 3890 681 fuit,
3935 601 4283 670 scelestam
4336 609 4595 672 tamen

2591 685 2938 752 nebulonis
2979 685 3317 753 audaciam
3359 685 3570 752 refelli
3611 707 3874 754 necesse
3913 689 4041 754 fuit
4080 696 4150 756 et
4188 690 4395 757 volui
4444 701 4590 758 tes-

2592 770 2842 838 tudinis
2884 769 3242 838 socordiam
3284 772 3542 856 oblique
3584 772 3827 840 uloisci.
3914 774 4179 842 Habeat
4218 776 4365 844 sibi
4401 777 4594 845 tales

2593 855 2870 937 delitias,
2916 857 3108 924 modo
3151 857 3335 925 nobis
3377 858 3654 924 liberum
3700 860 3790 925 sit
3831 881 3980 927 cum
4025 863 4167 929 eius
4209 862 4588 946 dedecore,

2591 963 2755 1027 quas
2797 943 2917 1008 alit
2967 951 3182 1027 pestes
3225 942 3529 1028 detegere
3572 953 3769 1029 atque
3822 946 3948 1014 1188
4002 946 4084 1013 de
4138 968 4355 1016 881188.
4399 949 4590 1017 forte

2591 1029 2662 1092 in
2696 1028 3004 1156 linguam⁴
3036 1029 3339 1115 gallicam
3380 1037 3697 1111 vertetur,
3755 1052 4155 1118 quamquam
4213 1035 4589 1103 nihildum

2592 1115 2922 1181 constitui.
3006 1121 3034 1191 )

3452 1663 3652 1737 3543.

3032 1817 3416 1887 BORDA'I'
3462 1822 3524 1887 A
3563 1818 4093 1890 OOLLADON.

2763 1975 3017 2074 Ερῑεεεε
3050 1992 3143 2058 aa
3182 1989 3492 2145 Pac-§mma
3533 1997 3590 2058 a
3629 1992 3704 2058 de
3736 1991 4075 2078 mmo-is.
4151 1991 4568 2078 flammeo„

2590 2076 2680 2145 du
2720 2077 3007 2144 mini-atre
3062 2077 3261 2144 Viller
3399 2128 3414 2143 .

2634 2247 3014 2319 (Autographe
3048 2248 3119 2304 de
3153 2249 3207 2303 la
3223 2247 3606 2319 Bibliotheque
3640 2247 3709 2303 de
3745 2249 3978 2305 Geneve.
4012 2250 4128 2307 MS.
4149 2248 4268 2322 197,
4301 2251 4404 2308 fol.
4444 2252 4529 2323 1.)

2765 2421 2817 2483 A
2864 2420 3205 2487 Monsieur
3246 2429 3314 2486 et
3357 2421 3530 2486 frere
3573 2421 3914 2489 Monsieur
3956 2423 4038 2489 N.
4084 2420 4444 2492 Golladon.

3957 2507 4068 2575 Ou
4108 2509 4158 2574 il
4202 2531 4376 2576 sera.

2816 2675 3012 2744 Salut
3048 2698 3172 2761 par
3215 2684 3433 2745 nostre
3478 2676 3804 2763 Seigneur
3845 2680 4033 2747 Iesus
4077 2679 4328 2751 0111181.

2764 2832 3109 2899 Monsieur
3150 2839 3219 2898 et
3258 2832 3642 2899 treehonore
3683 2854 3857 2917 pere,
3903 2833 3974 2918 je
4018 2855 4185 2900 vous
4226 2838 4560 2906 remercie

2594 2918 2748 2985 bien
2781 2918 3215 3004 grandement
3247 2916 3363 2985 des
3396 2918 3647 2985 bonnes
3689 2932 3758 2985 et
3789 2921 4068 2987 sainctes
4103 2920 4559 3002 admonitione

2594 3004 2732 3090 quil
2790 3027 2956 3072 vous
3010 3027 3049 3070 a
3102 3003 3261 3089 pleu
3303 3025 3410 3070 me
3472 3004 3654 3085 faire,
3719 3026 3870 3073 1880
3963 3006 4214 3074 0188881
4258 3029 4348 3075 en
4407 3009 4559 3077 cela

2592 3113 2725 3158 une
2783 3091 3089 3156 affection
3154 3096 3542 3177 vrayement
3611 3097 3882 3175 paterne
3935 3112 3972 3157 e
4048 3114 4287 3160 envers
4367 3117 4484 3161 mo
4535 3145 4551 3162 .

2594 3178 2705 3243 Au
2747 3185 2939 3257 reste,
2985 3177 3343 3254 Monsieur,
3391 3180 3461 3261 Je
3517 3177 3656 3243 suis
3716 3176 4153 3262 grandement
4187 3201 4421 3267 marry
4516 3202 4556 3248 e

2593 3284 2668 3331 ce
2725 3284 2901 3347 quon
2956 3284 3116 3329 vous
3163 3283 3203 3328 a
3259 3270 3522 3346 raporte
3576 3262 3658 3328 de
3699 3284 3856 3349 moy
3901 3262 4128 3330 choses
4193 3266 4308 3347 qui
4373 3288 4556 3335 vous

2594 3356 2797 3436 ayent
2853 3347 3151 3433 despleu,
3210 3355 3278 3414 et
3331 3347 3613 3432 possible
3672 3349 3861 3415 telles
3920 3351 4034 3432 qui
4080 3351 4324 3434 jamais
4383 3360 4556 3420 nont

2595 3446 2734 3501 este
2778 3434 2983 3502 dictes
3025 3454 3113 3501 ne
3153 3435 3380 3501 faictes
3423 3456 3545 3519 par
3584 3454 3761 3519 moy.
3850 3435 4018 3501 Bien
4057 3445 4160 3501 est
4200 3458 4325 3504 vra
4465 3459 4554 3505 ue

2595 3521 3094 3601 dernierement,
3138 3530 3345 3604 quant
3381 3543 3546 3587 nous
3590 3523 3834 3587 estious
3878 3522 4233 3588 assemblez
4269 3459 4552 3591 aziile-

2594 3608 2833 3674 neufve
2873 3605 3248 3691 d’Agenois‚
3275 3612 3328 3688 ¹)
3370 3606 3624 3674 laffaire
3660 3607 3740 3672 de
3777 3606 4118 3674 Villeroche
4141 3609 4199 3688 2)
4243 3609 4347 3674 fut
4380 3611 4552 3678 mise

2595 3715 2681 3759 en
2724 3701 2931 3760 avant
2974 3714 3014 3758 a
3056 3693 3375 3760 locoasion
3420 3693 3499 3757 de
3542 3692 3607 3758 la
3661 3692 3827 3759 letre
3869 3694 3982 3777 qui
4026 3694 4206 3760 avoit
4247 3705 4390 3762 este
4431 3716 4551 3761 en-

2597 3800 2804 3866 voyee
2839 3800 2960 3862 par
2980 3779 3318 3846 Monsieur
3350 3780 3427 3845 de
3447 3778 3633 3845 Bene.
3706 3777 3805 3845 Or
3837 3780 4097 3845 suivant
4128 3778 4318 3847 icelle
4361 3802 4552 3866 pres-

2596 3886 2724 3949 que
2758 3875 2905 3932 tous
2938 3864 3036 3930 les
3069 3867 3274 3931 freres
3307 3865 3688 3931 conclurent
3708 3886 3748 3930 a
3767 3885 3842 3930 sa
3861 3864 4242 3949 deposition.
4313 3866 4552 3949 Quant

2597 3972 2673 4017 oe
2715 3952 2859 4018 vint
2901 3972 2984 4017 en
3027 3972 3181 4017 mon
3224 3972 3394 4036 rang
3437 3949 3518 4017 de
3559 3951 3778 4034 parler
3828 3953 3899 4035 je
3942 3961 4318 4019 commence
4361 3975 4403 4020 a
4444 3974 4549 4020 re·

2599 4048 2925 4103 monstrer
2979 4058 3106 4121 que
3161 4037 3308 4121 puis
3364 4058 3488 4121 que
3548 4037 3884 4103 Villeroche
3937 4036 4105 4105 nioit
4157 4038 4256 4104 les
4315 4040 4551 4106 choses

2599 4123 2711 4205 qui
2755 4124 3032 4189 estoient
3073 4133 3428 4190 contenues
3471 4144 3554 4188 en
3596 4122 3835 4191 ladicte
3877 4122 4043 4190 letre
4087 4122 4168 4189 de
4201 4123 4551 4192 Monsieur

2597 4210 2674 4275 de
2716 4208 2901 4288 Bene,
2960 4209 3008 4274 il
3064 4209 3265 4276 seroit
3306 4208 3435 4274 bon
3480 4207 3561 4276 de
3604 4230 3770 4274 vous
3812 4231 3894 4276 en
3938 4208 4180 4276 escrire
4221 4231 4393 4295 pour
4431 4230 4548 4277 en-

2600 4295 2835 4360 tendre
2891 4295 2955 4360 le
2997 4295 3154 4361 faict
3195 4294 3344 4379 plus
3388 4294 3806 4377 amplement,
3865 4295 4022 4360 affin
4067 4295 4204 4378 quil
4245 4317 4334 4362 ne
4374 4317 4547 4364 sem-

2598 4381 2772 4447 blast
2828 4402 2955 4466 que
3007 4402 3174 4446 nous
3231 4379 3617 4464 procedions
3659 4402 3700 4445 a
3742 4381 3808 4447 la
3860 4382 4249 4465 suspension
4292 4403 4380 4448 ou
4433 4382 4545 4448 de-

2599 4468 2878 4550 position
2915 4465 3028 4533 des
3061 4475 3358 4549 pasteurs
3390 4475 3537 4550 trop
3578 4466 3998 4615 legerement.
4072 4465 4169 4534 08
4203 4488 4332 4551 que
4364 4473 4545 4534 toute

2599 4553 2665 4618 18
2699 4553 3083 4637 compagnie
3115 4560 3353 4619 trouva
3396 4551 3544 4633 bon,
3586 4552 3923 4617 181818881
3956 4573 4084 4635 que
4126 4554 4368 4638 charge
4409 4554 4545 4619 fust

2599 4638 2831 4704 baillee
2872 4660 2912 4703 a
2955 4647 3103 4704 tous
3145 4638 3243 4704 les
3277 4640 3464 4722 jures
3507 4637 3589 4703 de
3633 4658 3794 4703 vous
3837 4659 3921 4703 en
3963 4638 4222 4705 escrire.
4295 4638 4543 4723 Cepen-

2600 4723 2761 4789 dant
2803 4745 3011 4809 oonge
3044 4740 3113 4791 et
3144 4723 3378 4790 liberte
3412 4721 3493 4789 de
3526 4723 3835 4807 prescher
3867 4720 3970 4789 fut
4009 4723 4242 4792 laissee
4276 4746 4317 4791 a
4352 4724 4542 4791 Viae-

2599 4996 2866 5135 8548111
2902 4998 3088 5148 2:533
3115 4997 3438 5122 32πῶήεὺ
3473 4995 3774 5122 70ΐέπῖ
3813 4995 4056 5124 &1533
4083 4996 4424 5124 {infamato
4462 5080 4539 5120 nm

2602 5134 3159 5285 mangi-ml.
3209 5202 3375 5260 Nous
3407 5201 3638 5259 n’avoas
3667 5218 3776 5272 pas
3810 5202 3878 5258 de
3909 5203 4334 5273 renedynement
4361 5200 4539 5270 precis

2561 5325 2566 5334 ,
2602 5288 2701 5327 sur
2734 5279 2866 5330 cette
2979 5288 3112 5328 mre.
3185 5272 3276 5327 La
3309 5272 3462 5327 lettre
3494 5272 3563 5329 dc
3595 5272 3740 5327 Βὲιο
3772 5288 3840 5327 nc
3873 5270 3998 5327 θεοί
4024 5287 4138 5340 pau
4169 5271 4462 5328 comme.

2807 5340 2867 5411 3)
2962 5343 3057 5397 lies
3088 5340 3376 5398 semme
3404 5342 3545 5411 plu.
