4850 6117
249 370 465 436 289*

250 576 448 644 quam.
536 553 670 621 Sed
756 555 869 622 uia
910 574 1044 621 non
1109 574 1332 621 errore
1375 554 1483 622 vel
1546 554 1695 621 inco
1744 554 1974 621 'tantia
2036 554 2176 639 lap·

249 663 350 711 sus
402 661 492 719 es,
552 638 865 707 iudicium
908 641 1085 708 istud
1129 641 1249 709 tibi
1284 640 1561 707 liberum
1605 640 1919 725 relinquo.
2005 639 2176 705 Vul-

247 748 361 796 nus
403 737 641 806 tamen,
700 727 809 792 cui
867 727 1136 794 cicatrix
1193 725 1475 795 obducta
1530 733 1690 804 erat,
1746 748 1828 793 ex
1882 725 2175 811 professo

246 821 618 882 renovatum
662 814 838 898 cogit
878 832 985 879 me
1026 813 1322 897 profiteri
1359 819 1604 897 quanto
1649 832 1759 878 ere
1793 811 1911 878 abs
1944 818 2011 877 te
2046 809 2177 877 dis-

246 901 529 968 sentiam.
597 897 956 965 Plausibile
998 899 1123 964 fuit
1165 908 1393 965 contra
1426 899 1747 984 imagines
1782 904 2177 964 vetustatem

246 985 526 1064 obiicere,
592 1005 767 1051 nunc
876 984 990 1050 uid
1055 985 1362 1069 baptismi
1417 984 1722 1064 chrisma,
1789 982 2176 1062 exsufflatio,

246 1092 454 1139 cereus
496 1005 872 1154 paschalisg
940 1069 1076 1137 Sed
1120 1091 1225 1136 me
1267 1069 1539 1136 cohibeo
1583 1091 1667 1135 ne
1709 1067 1937 1136 videar
1979 1088 2181 1152 supra

246 1156 659 1225 Markratum
699 1164 765 1222 et
807 1155 1053 1223 similes
1095 1177 1341 1240 sapere.
1445 1156 1709 1221 Interea
1766 1176 1871 1222 me
1913 1154 2013 1221 tui
2055 1155 2179 1219 mi-

243 1251 405 1312 seret
473 1262 670 1327 quem
736 1262 960 1308 eorum
1026 1242 1304 1309 stultitia
1368 1243 1438 1308 in
1503 1240 1899 1326 profundum
1963 1241 2179 1307 lutum

246 1328 569 1413 demergit.
660 1326 853 1410 Quod
898 1326 981 1394 ad
1025 1328 1368 1394 consilium
1412 1333 1663 1411 spectat
1706 1326 1996 1393 breviter
2030 1346 2178 1410 per-

245 1415 471 1483 strinxi
489 1418 547 1493 ⁸)
583 1411 740 1514 quid
774 1412 1079 1514 expedire
1113 1434 1453 1514 censeam4
1484 1413 1598 1480 ubi
1633 1413 1870 1497 legeris
1904 1414 2180 1512 fortasse

243 1499 1458 1738 33335202fflflx¹252¹213213325320f333
1486 1495 2180 1669 ζέἐξῒεςέἓᾶςὲἒᾶ

245 1693 350 1757 pos
449 1694 490 1738 a
534 1692 626 1737 as.

399 1759 596 1825 Nunc
654 1766 913 1825 tranwo
968 1758 1050 1822 ad
1107 1757 1252 1824 alia.
1357 1758 1585 1840 Nuper
1638 1757 1837 1823 vicini
1896 1756 2103 1821 nostri
2121 1759 2179 1834 ⁴)

245 1854 532 1913 senatum
581 1845 751 1909 serio
792 1865 867 1910 ro
914 1851 1111 1910 arunt
1154 1852 1233 1908 ut
1273 1842 1567 1926 perditus
1602 1852 1758 1909 tuus
1792 1840 2102 1908 Absalom
2121 1842 2182 1919 ὃ)

245 1930 306 1996 in
360 1941 650 2014 tempore
714 1940 1005 1995 monitus
1069 1938 1327 1996 caveret
1392 1928 1474 1994 ab
1538 1927 1914 2015 ingentibus
1978 1926 2181 2010 copiis

245 2037 393 2100 quae
426 2017 495 2081 in
530 2016 749 2100 ipsum
771 2024 1108 2100 parantur.
1167 2015 1385 2081 Multa
1418 2021 1696 2081 narrant
1716 2035 1881 2098 quae
1915 2012 2181 2078 aliunde

247 2102 316 2169 ad
360 2122 488 2202 vos·
605 2102 797 2203 rferri
833 2103 1158 2202 existimo.
1238 2101 1344 2167 Ab
1380 2101 1588 2167 altera
1629 2110 1816 2186 parte
1848 2098 2182 2199 Bullinye-

245 2208 494 2353 2'2‘513323
585 2188 1401 2359 ἓὲξῖηἶῗὲἓζὲωὲἰὲἶξ
1425 2204 1774 2348 ῗέἲῖΐὲῗ
1807 2206 1895 2336 2³2
1926 2183 2181 2337 2¹0¹1¹fio¹3t

246 2371 451 2427 nostro
494 2362 551 2426 si
579 2362 757 2426 entio
791 2381 897 2426 res
940 2359 1201 2443 publica
1244 2357 1646 2441 proderetur.
1716 2357 1912 2423 Hanc
1955 2376 2180 2421 curam

245 2446 304 2512 in
359 2456 424 2511 te
478 2466 786 2526 exonero,
848 2466 933 2510 ne
994 2452 1305 2529 queratur
1367 2463 1520 2527 pars
1581 2443 1903 2509 alterutra
1957 2448 2181 2508 nostro

244 2532 483 2599 fastidio
518 2531 924 2617 praeclaram
958 2530 1360 2598 occasionem
1398 2529 1500 2595 ela
1579 2549 1687 2595 am
1722 2549 1884 2594 esse.
1951 2526 2177 2594 Unum

246 2618 347 2684 abs
388 2629 454 2683 te
498 2618 925 2684 vehementer
967 2617 1190 2701 flagito
1236 2621 1475 2700 (expen
1522 2638 1557 2680 e
1599 2636 1724 2699 quo
1758 2614 1958 2681 verbo
2000 2617 2179 2688 utar)

245 2712 313 2768 ut
348 2725 541 2788 quam
590 2705 874 2788 primum
920 2702 1111 2768 detur
1153 2701 1517 2787 responsio:
1597 2701 1749 2784 quia
1792 2721 1926 2766 non
1971 2699 2179 2765 habeo

244 2790 469 2856 multos
540 2789 846 2856 Dalleros
911 2788 1021 2872 qui
1100 2787 1414 2855 famelicis
1491 2786 1754 2852 nunciis
1830 2785 2173 2852 sufficiant.

244 2874 487 2942 Deinde
570 2896 703 2941 non
769 2875 1034 2961 ignoras
1100 2873 1358 2941 Gallica
1421 2873 1753 2940 celeritate
1820 2870 1997 2938 abuti
2065 2870 2175 2954 qui

244 2961 508 3029 cochleis
573 2970 733 3029 sunt
796 2960 1126 3026 tardiores.
1238 2959 1742 3045 Quamprimum
1803 2958 2007 3042 igitur
2070 2978 2175 3022 me

243 3045 353 3114 hac
425 3048 730 3115 molestia
803 3047 1025 3112 libera.
1134 3044 1312 3127 Quid
1394 3053 1614 3112 autem
1688 3044 1747 3110 si
1811 3051 2175 3127 opportune

244 3132 317 3199 ad
369 3132 795 3202 iniiciendum
853 3141 1171 3198 terrorem
1215 3131 1471 3198 oblatus
1514 3130 1714 3197 fuerit
1757 3129 1864 3195 hic
1906 3127 2173 3195 fumus?

243 3216 364 3286 Sed
405 3242 556 3288 mea
599 3241 732 3287 non
775 3220 1066 3297 interest,
1110 3216 1301 3283 modo
1344 3226 1418 3282 tu
1466 3217 1755 3283 festines.
1845 3212 2171 3299 Optabam

242 3305 348 3372 tibi
380 3308 449 3372 in
484 3315 677 3372 tanta
708 3305 1118 3390 negotiorum
1155 3302 1347 3368 turba
1375 3323 1664 3387 parcere:
1706 3302 1917 3367 facere
1950 3307 2173 3366 tamen

242 3410 359 3456 non
403 3394 589 3476 potui
644 3392 803 3475 quin
852 3389 1094 3456 Suloeri
1135 3389 1359 3455 literas
1378 3393 1436 3469 ⁷)
1481 3388 1808 3454 mitterem
1852 3386 2174 3451 fatuitatis

241 3485 299 3541 et
356 3477 802 3562 impudentiae
882 3477 1024 3542 eius
1089 3485 1307 3541 testes.
1433 3473 1619 3556 Quas
1685 3471 1881 3539 velim
1940 3470 2056 3537 abs
2109 3481 2174 3536 te

241 3566 558 3630 contemni
604 3574 680 3629 ut
716 3569 1073 3628 merentur.
1163 3561 1349 3639 Vale,
1395 3559 1819 3645 integerrime
1863 3557 2068 3623 frater
2109 3563 2177 3623 et

240 3651 635 3717 amicissime.
682 3649 1010 3715 Dominus
1054 3648 1171 3714 tibi
1216 3667 1475 3732 semper
1516 3644 1702 3735 adsit,
1745 3651 1811 3709 te
1855 3642 2176 3709 sustineat

239 3732 475 3801 invicta
513 3733 761 3803 virtute
803 3742 870 3799 et
911 3734 1305 3801 incolumem
1350 3742 1631 3799 tueatur.
1718 3733 1811 3796 18.
1857 3728 2173 3795 Februar.

1105 3938 1284 4004 Tuus
1330 3936 1605 4004 Carolus
1648 3936 1999 4003 Passelius.

395 4082 677 4188 Multam
725 4111 1001 4179 salutem
1049 4110 1165 4174 tibi
1209 4117 1560 4193 precantur
1587 4149 1601 4160 -

238 4195 507 4282 collegae
573 4218 819 4277 omnes,
886 4206 1080 4279 atque
1149 4196 1346 4260 etiam
1406 4195 1555 4260 novi

237 4281 480 4365 syndici
523 4293 592 4350 et
634 4296 921 4350 senatus.

242 4438 391 4448 *-
436 4443 471 4448 ἶ..
546 4443 559 4448 2-
596 4440 631 4447 -o

427 4522 489 4589 a)
535 4520 699 4576 mon
727 4521 1006 4591 ῳωοια..
1038 4521 1280 4591 αιερωωκ
1319 4517 1535 4575 oozam
1564 4517 1886 4574 manare.
1986 4473 1992 4479 ⁵

430 4590 492 4728 ἐξ
522 4590 967 4714 ΞΗὙΜ..
1404 4727 1415 4740 ,
1630 4725 1640 4737 ‚
1951 4726 1960 4737 ,
2141 4723 2155 4737 ‚

365 4796 377 4809 .
430 4727 490 4793 6)
526 4743 665 4798 quac
705 4744 868 4797 quum
911 4743 1023 4782 non
1071 4731 1320 4782 cerodae
1361 4730 1489 4792 emt,
1541 4724 1677 4796 quod
1727 4724 1827 4779 hoc
1879 4738 1959 4779 ren
2001 4724 2175 4790 fuam

239 4809 508 4852 mm.

436 4864 496 4934 7)
529 4865 592 4918 zv.
629 4864 781 4920 3712.

445 5376 665 5435 Gabini
687 5394 872 5450 opera.
944 5375 1062 5433 Vol.
1091 5376 1260 5431 XIX

1897 368 2058 434 1662
2102 365 2568 437 FEBRUAR.

4100 373 4229 445 που

3159 559 3351 633 8718.
4067 629 4078 634 ,

2277 727 2707 796 mmsmffl
2764 730 3413 801 'roNomENsns
3480 681 4224 807 GENnvnNsIsUS.

2450 898 2735 968 Romam
2778 903 2864 970 ad
2904 904 3207 987 synodum
3256 905 3455 973 vocati
3513 904 3841 973 Calvinum
3892 912 4116 993 royant
4155 912 4227 973 ut

2254 984 2354 1052 ‘de
2412 987 2649 1069 neqotio
2703 987 2797 1055 ibi
2852 991 3174 1056 tractando
3228 991 3316 1059 ad
3359 989 3710 1059 Beruenses
3751 996 3807 1057 ct
3855 991 4225 1061 Tamassos

2277 1072 2525 1141 scribat.

2618 1245 2729 1313 (Ex
2766 1245 3108 1301 Bibliotheca
3142 1246 3448 1301 Genevensi
3482 1247 3662 1303 rucio.
3697 1244 3898 1315 19720.)

2453 1415 2854 1483 Clarissimis
2893 1417 3053 1484 viris
3097 1418 3406 1484 eccledae
3452 1418 3864 1485 Genevensis
3907 1419 4225 1487 ministris

2279 1522 2475 1586 quam
2521 1502 2916 1570 fidelissimis
2962 1511 3031 1568 et
3062 1503 3251 1569 nobis
3290 1504 3662 1571 carissimis.

3684 1686 3692 1692 .
3720 1589 4053 1658 Genevae.

2714 1759 2952 1826 Gratia
2992 1768 3059 1826 et
3099 1781 3230 1844 pax
3273 1781 3395 1845 per
3437 1760 3800 1827 Christum.

2451 1896 2626 1980 Quia
2700 1896 2883 1963 hisce
2961 1896 3189 1964 diebus
3266 1896 3648 1964 mandatum
3726 1917 3766 1961 a
3846 1897 4225 1967 clarissimis

2281 1983 2614 2068 princibus
2636 1985 2672 2021 ¹⁸
2716 1983 2957 2049 nostris
3014 1984 3398 2066 accepimus,
3458 2004 3584 2067 quo
3628 1983 3917 2049 Bernam
3962 1985 4029 2050 in
4073 2006 4226 2071 pro-

2279 2069 2494 2135 ximas
2537 2068 2766 2135 Martii
2808 2067 3112 2135 calendas
3138 2069 3189 2154 ¹)
3235 2089 3584 2135 evocamur
3622 2077 3700 2135 ut
3733 2067 3984 2135 Ohristi
4020 2069 4228 2137 eccle·

2279 2155 2414 2222 siae
2469 2153 2813 2239 disciplina
2868 2155 3272 2236 restituatur,
3356 2163 3426 2220 et
3476 2154 3631 2238 quia
3687 2153 3911 2220 literas
3968 2155 4050 2221 ad
4109 2176 4228 2223 vos

2281 2260 2537 2325 quoque
2581 2241 2814 2307 missas
2870 2241 3256 2325 accepimus,
3313 2240 3550 2307 incerti
3591 2247 3815 2306 tamen
3859 2242 4048 2308 cuius
4090 2243 4228 2309 sint

2282 2327 2690 2413 argumenti:
2777 2346 3009 2393 verum
3086 2327 3284 2393 huius
3369 2326 3775 2411 suspicamur
3861 2327 4044 2394 cuius
4125 2335 4228 2394 est

2281 2425 2597 2513 nostrum.
2686 2410 2879 2495 Quod
2944 2412 3004 2479 si
3067 2420 3242 2479 certo
3308 2412 3627 2512 sciremus
3668 2412 3939 2478 minime
3982 2413 4067 2478 ad
4109 2434 4229 2480 vos

2282 2496 3206 2663 mmm
3240 2496 3709 2662 ..mr
3744 2498 4229 2651 „zemma

2282 2669 2674 2737 clarissimos
2739 2671 2915 2736 viros
2957 2669 3399 2755 Bullinqerum
3455 2677 3522 2737 et
3575 2668 3835 2736 Petrum
3877 2669 4229 2754 Martyrem

2281 2760 2386 2835 (ac
2429 2755 2674 2840 pariter
2716 2755 2797 2820 ad
2853 2755 3194 2823 ministros
3238 2756 3640 2833 Beruenses)
3684 2775 3846 2839 quos
3890 2755 4228 2823 adfuturos

2280 2842 2470 2909 nobis
2515 2841 2975 2908 renunciatum
3035 2848 3151 2922 est,
3211 2842 3447 2926 quibus
3490 2841 3827 2926 negotium
3872 2862 4074 2926 quum
4119 2863 4226 2908 ac-

2279 2936 2502 2994 curate
2547 2928 2688 2994 fieri
2732 2927 2974 3011 poterit
3014 2927 3444 2994 commendet.
3522 2926 3803 2994 antera
3846 2926 4228 2994 tabellarius

2281 3015 2517 3081 harum
2553 3013 2806 3080 referet.
2846 3012 3102 3080 Valete.
3147 3013 3406 3098 raptim.
3425 3013 3483 3097 ²)
3521 3012 3851 3079 'l'hononii
3895 3017 3988 3079 18.
4026 3012 4222 3079 Febr.

2995 3183 3313 3252 Claudius
3357 3184 3715 3251 Vauterius
3759 3184 4068 3252 Decanus
4088 3186 4138 3262 ³)

3000 3269 3286 3337 Michael
3331 3269 3646 3338 Porretus
3697 3269 3970 3337 Iuratus

2994 3356 3326 3422 Iohannes
3367 3355 3738 3422 Balduinus
3789 3356 4055 3423 Iuratus

2994 3442 3236 3509 Petrus
3270 3441 3665 3509 Vincentius
3699 3442 3968 3509 Iuratus

2988 3525 3330 3595 Rolandus
3373 3529 3690 3596 Perrotus
3729 3527 4009 3596 Iuratus.

3045 3821 3454 3831 ———..-—-.—-.-.-—....

3150 4038 3341 4109 3719.

2668 4191 3338 4261 BULLINGERUS
3380 4190 3817 4259 OALVINO.

2450 4363 2640 4464 Tota?
2671 4371 2761 4431 est
2792 4365 2863 4429 in
2896 4365 3421 4465 compiunicagidis
3452 4363 3634 4429 robus
3665 4382 3871 4462 recem
3909 4362 4217 4430 undeuua-

2269 4450 2782 4690 ᾔίῗειῇῗῖ
2797 4446 4219 4619 {w’mffmfffflffi

2336 4644 2376 4688 Y
2729 4673 2744 4688 .

2269 4794 2379 4863 (Ex
2415 4795 2757 4864 autographo
2790 4793 2953 4848 Arch.
2993 4792 3173 4846 Turio.
3221 4790 3368 4849 Plut.
3408 4791 3499 4845 vl.
3538 4791 3659 4846 Vol.
3696 4789 3842 4854 117³,
3877 4791 4006 4847 olim
4043 4793 4213 4848 Sci-in.

2494 4862 2553 4916 O.
2590 4863 2730 4933 Epp.
2765 4862 2915 4918 Tom.
2951 4859 3019 4917 11.
3055 4860 3145 4915 fol.
3180 4858 3304 4914 478.
3347 4887 3409 4899 —
3446 4860 3659 4915 Simler.
3697 4861 3823 4916 Vol.
3862 4858 4006 4930 108.)

2269 5082 2447 5139 8⁷18.
2471 5086 2528 5150 1)
2567 5084 2641 5139 Ν.
2677 5080 2830 5165 3⁷⁰!-
2864 5082 3017 5168 sus.
3873 5153 3884 5165 ι
4066 5086 4078 5098 ·

2411 5222 2423 5235 ,
2476 5151 2725 5220 εοΑαω
2775 5152 2838 5206 ια
2885 5153 3119 5223 mem,
3167 5158 3229 5209 ue
3273 5151 3391 5222 rm
3439 5153 3595 5209 „uua
3651 5158 3917 5208 mmm
3965 5151 4212 5206 avom

2479 5288 2536 5354 3)
2571 5290 2728 5346 cuias
2758 5305 2930 5347 manu
2962 5296 3079 5348 ton
3111 5290 3578 5361 maclam-epta
3612 5296 3705 5345 oct.
3735 5373 3802 5425 19
