4850 6117
272 415 386 484 189

270 600 385 667 dus
427 608 493 665 et
531 599 974 666 inveniendus
1018 600 1164 668 erit.
1236 599 1362 668 Sin
1405 600 1642 680 minus,
1686 598 2010 685 tantisper
2044 599 2201 667 dum

270 685 519 754 redeam
598 685 974 751 annotanda
1049 697 1244 752 erunt
1319 687 1588 753 nomina
1663 687 1953 766 seorsim,
2035 708 2203 771 quae

268 779 487 857 postea
527 772 803 838 invento
846 771 1014 838 libro
1057 771 1325 856 reliquis
1369 771 1818 840 subiiciantur.

430 856 783 924 Caeterum
827 857 909 923 de
950 879 1099 924 meo
1140 857 1376 937 reditu,
1419 858 1550 923 iam
1588 867 1746 942 puto
1787 881 1906 928 vos
1940 859 2087 926 istic
2122 857 2205 924 de

268 962 571 1027 responso
606 943 972 1010 decrevisse
1005 945 1295 1028 itemque
1330 943 1412 1009 de
1447 946 1670 1012 uxoris
1714 945 2127 1028 profectione.
2149 946 2205 1021 7)

267 1029 366 1096 Ea
404 1049 512 1095 res
576 1029 852 1096 fortasse
900 1030 1251 1096 nonnullos
1313 1030 1386 1095 in
1452 1032 1886 1115 suspicionem
1932 1028 2205 1098 adduxit

266 1136 368 1182 188
409 1114 489 1181 (18
531 1115 923 1200 migratione
965 1116 1269 1200 cogitare.
1354 1114 1490 1183 Sed
1532 1117 1734 1183 semel
1788 1118 1911 1184 hoc
1952 1115 2204 1182 dictum

268 1211 429 1268 esto:
495 1222 603 1266 me
668 1200 835 1266 nihil
900 1222 1191 1286 unquam
1255 1202 1385 1267 nisi
1452 1222 1537 1268 ex
1589 1210 1815 1271 vestra
1879 1202 2203 1268 sententia

267 1286 602 1353 facturum.
680 1285 875 1369 Quod
917 1289 975 1352 si
1020 1287 1422 1367 Navarrena,
1468 1296 1544 1354 ut
1584 1289 1723 1355 fore
1764 1289 2075 1371 suspicor,
2118 1286 2203 1353 ad

266 1394 409 1440 8888
471 1371 661 1439 brevi
722 1371 989 1438 redierit
1009 1424 1027 1453 ,
1095 1395 1228 1440 non
1293 1373 1483 1440 video
1546 1384 1808 1457 peracto
1871 1382 2202 1440 conventu

265 1457 415 1610 quid
457 1479 567 1524 me
610 1458 859 1527 diutius
901 1458 1011 1527 hic
1054 1461 1336 1526 retinere
1378 1460 1601 1543 possit.
1680 1460 2017 1544 Prospicio
2059 1460 2201 1544 qui·

307 1565 406 1611 em
447 1544 745 1610 futurum
793 1553 867 1611 ut
907 1545 1262 1611 multorum
1318 1565 1541 1629 preces
1585 1545 1666 1612 ad
1713 1567 1826 1613 vos
1869 1546 2203 1630 perferan-

264 1638 385 1710 tur,
438 1629 557 1696 sed
611 1632 853 1696 iterum
909 1630 1051 1698 dico
1107 1653 1209 1697 me
1251 1640 1462 1697 totum
1503 1633 1576 1698 in
1618 1642 1841 1698 vestra
1879 1640 2200 1716 potestate

264 1725 327 1782 et
378 1737 522 1783 8888
575 1726 641 1781 et
698 1717 856 1783 fore.
943 1717 1089 1784 Hoc
1142 1719 1199 1783 si
1255 1716 1590 1783 nonnullis
1643 1718 1763 1784 vix
1820 1716 2201 1802 persuadeo,

264 1822 330 1868 re
368 1802 511 1886 ipsa
554 1810 799 1882 tamen,
834 1801 1105 1869 favente
1139 1803 1302 1881 Deo,
1339 1802 1785 1887 comprobabo.

424 1886 811 1955 Conventus
877 1888 960 1954 ad
1024 1888 1319 1955 Ianuarii
1365 1887 1692 1956 Oalendas
1742 1888 2024 1956 reiectus
2080 1896 2196 1957 est.

260 1972 516 2039 Interea
560 1973 850 2057 quotidie
892 1976 1124 2042 crescit
1166 1973 1440 2043 ecclesia
1473 1976 1633 2041 satis
1666 1975 1958 2044 feliciter.
2028 1975 2200 2041 Novi

261 2069 595 2144 praeterea
650 2059 821 2144 quod
865 2059 1147 2128 scribam
1190 2082 1325 2127 non
1370 2060 1597 2138 habeo,
1655 2061 1784 2128 nisi
1827 2083 2034 2128 unum
2076 2060 2200 2128 hoc

263 2145 421 2228 quod
498 2145 623 2211 tibi
698 2146 907 2212 risum
985 2147 1292 2215 movebit.
1398 2146 1464 2213 N
1464 2145 1660 2213 udins
1723 2148 1955 2214 tertius
2025 2145 2199 2231 apud

259 2229 746 2311 Franciscanos,
793 2253 993 2316 quum
1038 2233 1400 2299 monachus
1443 2231 1830 2300 missificans
1871 2232 2197 2299 obdormi-

259 2317 472 2394 visset,
516 2318 628 2383 fur
670 2318 939 2401 quidam
985 2319 1478 2386 versutissimus
1512 2328 1897 2404 argenteum
1929 2318 2198 2386 calicem

259 2403 344 2469 ita
374 2403 613 2470 callide
655 2403 788 2469 illis
831 2405 1151 2488 surripuit
1191 2415 1266 2470 ut
1308 2414 1376 2470 et
1417 2405 1785 2471 sacrificum
1820 2414 1887 2470 88
1918 2406 2197 2472 circum-

259 2496 495 2556 stantes
580 2490 826 2574 aliquot
901 2490 1320 2557 mulierculas
1381 2489 1701 2571 fefellerit,
1789 2511 1911 2556 nec
1972 2499 2198 2574 postea

261 2571 656 2658 deprehendi
713 2576 1017 2659 potuerit.
1099 2577 1278 2648 Hinc
1330 2597 1576 2656 rumor,
1621 2598 1662 2643 a
1703 2575 1955 2643 diabolo
1995 2577 2197 2642 fuisse

261 2670 625 2745 surreptum
669 2671 736 2727 et
778 2663 932 2745 quid
974 2683 1108 2728 non
1124 2661 1156 2726 ⁶?
1228 2662 1415 2728 Bene
1457 2664 1619 2742 vale,
1664 2662 1758 2728 mi
1800 2671 2000 2746 pater,
2046 2682 2195 2728 cum

260 2747 517 2831 reliquis
550 2747 868 2814 fratribus
903 2755 973 2813 88
1004 2748 1287 2833 colleg-is.
1354 2748 1440 2814 D.
1476 2747 1667 2814 Iesus
1700 2769 1816 2816 vos
1837 2746 2195 2816 incolumes

261 2838 530 2912 tueatur,
568 2845 638 2899 et
670 2835 948 2901 assiduis
972 2831 1527 2904 benedictionibus
1560 2833 1928 2918 locupletet.
1987 2834 2194 2899 Lute-

262 2918 398 2998 tiae,
443 2918 561 2985 ubi
606 2918 820 2987 adhuc
860 2920 1109 3005 aliquot
1141 2918 1282 2986 dies
1324 2940 1476 2986 cum
1501 2919 1885 2988 Navarrena
1916 2921 2194 2986 manebo

258 3007 325 3072 in
366 3006 680 3074 ecclesiae
723 3006 1022 3091 gratiam,
1071 3010 1171 3071 22.
1220 3004 1528 3074 Decemb.
1890 3016 1897 3024 ·

1603 3128 1786 3193 Τ888
1827 3127 2020 3193 Beza.

996 3421 1416 3432 ——.-——-

1126 3672 1326 3744 8660.

730 3827 1208 3898 POPILLON
1253 3834 1314 3894 A
1359 3827 1731 3896 CALVIN.

278 4063 288 4070 .
422 4001 556 4069 Pru
633 4003 700 4068 es
762 4004 837 4069 de
893 4001 1423 4088 Pevanyelisation
1471 4001 1547 4068 de
1602 4001 1668 4068 la
1725 3999 2114 4086 Bouryoyne.
2142 4007 2195 4081 ¹)

258 4086 501 4155 Details
676 4109 785 4156 ux.
876 4086 1115 4155 Besm'n
1154 4088 1232 4155 de
1261 4094 1580 4172 pastam.

256 4258 631 4331 (Λαυρ-8888
664 4261 735 4315 (18
768 4261 823 4314 18
857 4259 1244 4330 Bibliotheque
1278 4260 1348 4315 de
1371 4258 1605 4314 Geneve.
1641 4258 1754 4314 MS.
1786 4257 1903 4326 196,
1939 4260 2032 4315 fol.
2048 4258 2194 4328 241.)

418 4432 762 4499 Monsieur
802 4440 871 4500 ct
914 4454 1069 4517 pere
1111 4432 1446 4499 Monsieur
1488 4430 1748 4499 Calvin.

1615 4519 1680 4583 A
1731 4516 2022 4584 Geneve.

416 4692 781 4772 Monsieur,
826 4692 1092 4758 suivant
1133 4699 1358 4757 vostre
1412 4689 1653 4757 conseil
1698 4688 1778 4755 de
1835 4690 2195 4768 communi·

260 4796 411 4859 quer
450 4777 523 4844 la
564 4778 786 4861 parole
828 4776 909 4844 de
933 4778 1105 4842 Dieu
1142 4796 1183 4841 a
1215 4796 1338 4842 nos
1373 4775 1619 4842 voisins
1653 4776 1868 4858 quand
1909 4776 1993 4841 ils
2028 4797 2196 4842 nous

258 4881 337 4926 en
390 4872 880 4948 requerroyent,
936 4865 1007 4947 38
1065 4882 1172 4928 me
1237 4870 1608 4946 transporte
1664 4862 1712 4926 il
1762 4884 1810 4947 y
1868 4881 1908 4926 a
1960 4861 2194 4956 quinae

453 5068 509 5134 7)
547 5070 624 5123 ad
648 5073 865 5137 patrem
900 5067 1100 5123 Besae.

258 5134 519 5206 88881)
551 5137 699 5192 Hist-
745 5137 867 5193 ecel.
914 5137 958 5193 1.
992 5136 1145 5192 2202,
1176 5137 1263 5190 En
1304 5133 1437 5190 1559
1483 5134 1569 5190 fut
1614 5135 1833 5190 dressee
1867 5136 2085 5206 l’Eglise
2119 5134 2191 5190 de

260 5203 469 5274 Chalon,
518 5225 556 5277 γ
593 5212 773 5261 estant
824 5222 964 5262 envo
1004 5206 1034 5260 e
1070 5206 1311 5261 Antcine
1360 5205 1610 5274 Popillon
1655 5206 2043 5275 gentilhomme
2096 5205 2189 5274 qui

259 5271 456 5329 s’estoit
686 5275 853 5330 retire
888 5275 923 5329 8
957 5224 1194 5342 ὄ888ν8,
1240 5275 1437 5344 auquel
1478 5274 1661 5328 furent
1694 5275 1931 5330 adioints
1965 5292 2037 5328 un
2071 5289 2189 5329 sur·

258 5343 459 5398 nomme
493 5277 709 5398 ἓιῐιεῗτό
742 5350 801 5399 813
833 5343 1085 5401 Philbert
1119 5343 1316 5400 Grene'.

1947 416 2105 479 1561
2154 412 2560 480 DEOEMB.

3999 424 4242 518 ,198

2290 601 2479 684 jours
2522 622 2643 685 par
2677 600 2891 668 ladvis
2935 602 3015 668 de
3060 609 3281 668 nostre
3319 604 3699 671 consistoire
3743 612 3786 673 a
3816 606 4112 674 Beaulne
4156 629 4243 676 ou

2293 689 2364 770 je
2419 687 2529 772 fey
2573 685 2747 753 deux
2797 687 3187 755 assemblees
3240 710 3361 772 par
3413 688 3589 756 deux
3635 694 3822 775 jours
3875 702 3943 758 88
3982 712 4023 757 8
4064 694 4241 778 huys

2303 780 2536 838 ouvert
2577 794 2658 839 ou
2709 772 2760 838 il
2800 796 2848 858 y
2891 776 3069 840 avoit
3119 772 3333 859 grand
3377 776 3630 860 peuple.
3716 778 3806 844 Et
3850 799 3932 844 en
3985 779 4050 844 18
4090 801 4240 864 pre-

2302 859 2506 924 miere
2543 859 2592 924 il
2634 882 2682 944 y
2730 869 2844 924 eut
2888 859 3062 925 deux
3105 858 3337 927 enfans
3380 860 3666 945 88881888
3707 885 3860 930 8888
3907 884 4034 948 que
4075 886 4242 949 pour

2303 943 2443 1010 cela
2499 943 2551 1009 il
2605 944 2837 1012 advint
2889 946 3127 1013 aulcun
3175 945 3457 1014 tumulte
3510 968 3597 1013 ne
3652 949 3933 1015 sedition
3985 969 4241 1016 comme

2302 1049 2389 1094 88
2433 1031 2791 1116 croignoyt.
2876 1031 2925 1099 J
2926 1035 3031 1117 'ay
3073 1032 3139 1097 18
3182 1040 3411 1099 trouve
3453 1054 3548 1099 un
3597 1034 3806 1118 grand
3848 1035 4084 1119 peuple
4128 1037 4242 1119 qui

2303 1113 2514 1182 desire
2570 1117 2704 1182 fort
2756 1115 2837 1183 de
2883 1118 3060 1200 jouir
3104 1116 3185 1182 de
3241 1128 3414 1184 ceste
3457 1127 3725 1203 pasture
3769 1120 4129 1205 spirituelle
4172 1129 4242 1187 et

2301 1222 2436 1266 non
2481 1202 2845 1268 seulement
2886 1224 2970 1268 88
3027 1203 3093 1269 18
3136 1202 3290 1268 ville
3331 1205 3497 1269 mais
3552 1226 3748 1290 aussy
3791 1226 3925 1272 aux
3966 1207 4243 1290 champs

2302 1307 2554 1353 comme
2588 1290 2706 1373 jay
2743 1286 3050 1354 entendu.
3119 1289 3215 1355 Ils
3250 1298 3435 1354 mont
3467 1289 3786 1357 demando
3820 1312 3944 1375 que
3969 1293 4041 1377 38
4077 1313 4242 1359 vous

2301 1373 2904 1542 {mmm
2924 1373 4244 1543 {ti-‚⁰251§mzffxffitzssfflzt‘zssgss

2302 1543 2646 1610 attendant
2701 1565 2828 1629 que
2885 1545 3029 1611 leur
3087 1545 3281 1613 escho
3339 1546 3433 1612 ‘er
3486 1569 3557 1614 se
3612 1548 3884 1632 faconne
3937 1567 4105 1632 pour
4143 1547 4245 1616 les

2300 1631 2577 1714 pouvoir
2639 1651 2811 1714 puys
2888 1652 3079 1715 apres
3142 1631 3333 1698 venir
3404 1634 3618 1699 servir
3679 1633 3899 1716 quand
3962 1634 4011 1700 il
4075 1655 4244 1702 vous

2300 1715 2509 1799 plaira
2548 1716 2695 1781 leur
2738 1737 3075 1801 renvoyer.
3161 1717 3403 1782 Estant
3446 1717 3629 1783 audit
3668 1718 3964 1786 Beaulne
4008 1723 4079 1805 38
4129 1721 4241 1786 fuz

2584 1803 3338 1972 Mwm
3362 1801 3637 1955 1188
3657 1802 4243 1958 ’8888831-

2298 1975 2594 2058 m’avoyt
2635 1972 2847 2039 donne
2901 1982 3107 2060 conge
3163 1995 3288 2058 quc
3331 1995 3498 2059 pour
3538 1983 3723 2059 troys
3771 1976 3978 2058 jours,
4029 1980 4100 2061 je
4141 1977 4242 2046 les

2298 2058 3433 2213 xssmff⁸fut⁰0rtiffntt⁰hz0pfflss¹33ss⁰
3458 2071 3798 2218 anzi?
3859 2065 4240 2216 ἳὲῗῗωῗὲ

2298 2229 2510 2315 l’avoy
2553 2239 2856 2314 presente
2899 2238 2942 2296 a
2987 2167 3208 2298 iiostre
3251 2195 3479 2317 Eglise
3521 2231 3585 2298 18
3627 2170 4237 2318 ᾶ1188ἶ18118γ81888-

2298 2315 2458 2382 (1888
2511 2337 2703 2400 aprez
2761 2315 2898 2399 quil
2939 2329 3088 2383 eust
3143 2326 3282 2384 este
3337 2338 3524 2384 receu
3570 2315 3650 2383 de
3707 2326 3928 2385 nostre
3972 2319 4235 2387 Consis-

2298 2403 2463 2468 toire
2505 2422 2664 2468 avec
2705 2401 2769 2467 18
2803 2402 3250 2487 tesmoignage
3285 2424 3411 2487 que
3446 2424 3609 2470 vous
3639 2404 3757 2489 luy
3791 2406 3971 2471 aviez
4004 2403 4234 2472 donne.

2295 2488 2355 2553 Il
2401 2508 2442 2553 a
2484 2488 2698 2571 emplo
2746 2496 2783 2553 e
2824 2488 2891 2553 la
2931 2489 3267 2573 sepmaine
3309 2510 3537 2573 888888
3571 2510 3610 2556 8
3643 2490 3875 2556 visitor
3915 2511 4023 2557 888
4064 2489 4239 2558 deux

2298 2572 2489 2641 villes
2546 2572 2627 2639 de
2814 2573 2969 2639 8188
3014 2582 3080 2639 88
3121 2575 3307 2641 Arne
3348 2575 3412 2640 le
3455 2576 3622 2655 Duc,
3677 2575 3858 2642 selon
3901 2576 4112 2643 ladvis
4156 2576 4238 2644 de

2297 2680 2418 2726 nos
2461 2660 2744 2740 ancisus,
2787 2667 2855 2725 et
2896 2660 3053 2727 s’est
3094 2658 3244 2725 8188
3285 2668 3474 2746 porte
3515 2660 3756 2727 faisant
3797 2662 3926 2727 bon
3969 2662 4239 2729 debvoir

2296 2744 2480 2811 audit
2512 2766 2822 2831 veoyage,
2855 2765 3109 2812 comme
3142 2747 3284 2830 j’ay
3319 2745 3629 2813 entendu.
3702 2746 3765 2812 Il
3799 2766 3839 2814 a
3875 2748 4032 2814 faict
4063 2747 4239 2814 deux

2296 2832 2607 2915 presches
2669 2831 2853 2898 audit
2896 2831 3190 2898 Beanlne
3251 2841 3318 2898 et
3379 2830 3553 2899 deux
3606 2853 3808 2918 aussy
3850 2839 3893 2900 a
3936 2837 4119 2900 Arne
4174 2833 4238 2900 18

2295 2916 2466 2997 Β88,
2510 2917 2744 3000 auquel
2786 2918 2918 2984 lieu
2961 2917 3012 2983 il
3052 2940 3100 3004 y
3133 2939 3217 2985 eu
3258 2916 3431 2983 deux
3474 2920 3858 3002 baptesmes,
3901 2940 4055 2987 sans
4096 2919 4238 2987 aul-

2297 3025 2431 3070 888
2483 3003 3011 3086 empeschement
3064 3025 3150 3070 ou
3201 3004 3479 3084 trouble,
3529 3025 3758 3089 graces
3807 3026 3848 3071 a
3888 3005 4066 3071 Dieu
4122 3005 4239 3090 qui

2295 3089 2392 3155 les
2435 3110 2520 3155 88
2563 3110 2604 3155 8
2645 3109 2990 3173 preservez
3033 3110 3287 3158 comme
3329 3112 3416 3157 au
3449 3098 3768 3174 paravant
3806 3089 3858 3155 il
3897 3091 3994 3157 les
4036 3098 4240 3176 avoyt

2294 3173 3120 3347 iffffisshfflnffifflfflss·
3159 3176 3601 3330 030520301222
3628 3176 4241 3330 Rffiffisssstffit

2296 3347 2446 3414 bien
2493 3366 2756 3432 accomp
2890 3369 2979 3427 ez,
3034 3357 3102 3413 et
3144 3367 3425 3414 mesmes
3475 3347 3616 3413 l'un
3669 3347 3922 3414 d’iceux
3965 3369 4052 3416 au
4083 3351 4240 3433 jour

2295 3432 2385 3499 du
2428 3432 2712 3532 marche.
2757 3367 2888 3498 ⁸152
2919 3434 2981 3499 18
3021 3432 3314 3518 prierent
3355 3433 3435 3500 de
3476 3434 3621 3500 leur
3663 3432 3863 3519 ayder
3905 3456 3949 3499 a
3981 3432 4240 3502 dresser

2294 3540 2390 3669 gn
2434 3528 2601 3603 888113
2642 3518 3093 3671 0888118838θί.
3116 3539 3190 3585 88
3210 3519 3370 3670 aqUss
3412 3519 3675 3671 feit,liet
3722 3539 3841 3671 1er
3853 3541 3975 3671 ἐξ
3997 3541 4237 3605 moyen

2296 3626 2471 3757 avlezli¹
2509 3625 2628 3757 szen
2660 3625 2989 3775 {aldrao
3018 3627 3233 3776 18111181
3297 3625 4239 3777 ἔὲἓῗιῐὲῗῐθπωῧωνὲωρῗὲ

2297 3776 2592 3861 voulloyt
2655 3777 3118 3844 aulcunement
3178 3775 3494 3842 entendre
3512 3829 3527 3856 ,
3593 3797 3857 3843 encores
3920 3777 4058 3860 quil
4126 3785 4239 3843 eut

2296 3871 2435 3929 8888
2478 3862 2661 3929 88188
2705 3864 2951 3941 888188,
2997 3862 3164 3928 mais
3207 3862 3426 3945 quand
3463 3864 3591 3929 Mr.
3627 3862 3741 3929 Du
3777 3861 3907 3928 Ρνὲ
3948 3871 4058 3928 eut
4102 3861 4240 3930 dict

2296 3955 2446 4013 tout
2502 3948 2689 4014 hault
2730 3949 2866 4032 quil
2922 3969 3009 4013 ne
3072 3948 3316 4035 fairoyt
3378 3950 3563 4032 point
3625 3949 3691 4012 la
3754 3948 3967 4031 priere
4020 3967 4105 4012 88
4162 3968 4239 4014 88

2295 4054 2607 4118 presence
2671 4035 2772 4100 s’il
2836 4033 3221 4120 demeuroyt
3283 4034 3454 4100 ainsi
3511 4031 3820 4118 endurcy,
3878 4030 4053 4098 Dieu
4119 4033 4238 4119 luy

2295 4119 2538 4186 toucha
2580 4119 2644 4184 le
2688 4141 2890 4187 cueur
2930 4121 3271 4187 tellement
3312 4123 3461 4204 qu’a
3502 4118 3781 4184 linstant
3822 4118 3870 4183 il
3913 4116 4239 4185 demanda

2299 4204 2548 4289 pardon
2592 4226 2633 4271 a
2675 4205 2847 4272 Dieu
2890 4205 3134 4273 devant
3174 4204 3578 4272 l’assemblee
3620 4203 3717 4269 les
3757 4203 4000 4270 larmes
4043 4225 4084 4270 a
4124 4203 4240 4270 loil

2295 4299 2364 4357 et
2417 4313 2490 4359 se
2541 4293 2904 4358 reconcilia.
2991 4292 3295 4375 Jespere,
3350 4290 3721 4367 Monsieur,
3787 4310 3914 4374 que
3977 4290 4040 4355 18
4091 4287 4237 4357 Sei-

2295 4397 2507 4462 gneur
2551 4398 2622 4444 se
2665 4377 2917 4444 servira
2959 4376 3042 4444 de
3082 4377 3220 4462 luy.
3307 4376 3546 4442 Nostre
3573 4375 3796 4460 Eglise
3822 4398 3894 4443 88
3937 4386 4240 4444 88888888

2294 4462 2730 4548 grandement
2769 4464 2852 4529 de
2908 4484 3014 4530 ses
3065 4463 3387 4547 presches.
3474 4461 3533 4525 11
3587 4481 3672 4526 ne
3721 4480 4076 4547 sespargne
4119 4484 4238 4546 pas

2296 4569 2379 4616 en
2422 4549 2714 4617 l’oeuvre
2755 4549 2844 4615 du
2878 4547 3203 4633 seigneur
3246 4556 3312 4614 88
3345 4568 3386 4613 8
3429 4545 3559 4613 888
3600 4568 3818 4638 cucur.
3888 4549 3948 4614 Il
3986 4568 4027 4613 a
4059 4568 4235 4616 com·

2295 4644 2525 4702 mence
2580 4656 2621 4701 a
2676 4633 2985 4718 prescher
3036 4632 3383 4718 l’evangile
3440 4631 3621 4698 selon
3663 4632 3735 4699 S.
3781 4634 3947 4702 Luc.
4032 4635 4092 4700 Il
4136 4641 4239 4702 est

2296 4741 2478 4787 assez
2536 4742 2762 4788 severe
2816 4740 2983 4803 pour
3033 4741 3148 4786 888
3207 4740 3369 4803 aage
3414 4739 3453 4784 a
3507 4740 3579 4784 re
3626 4718 3862 4785 rendre
3916 4720 4012 4787 les
4054 4722 4236 4787 vices

2296 4815 2441 4871 tant
2483 4827 2565 4871 en
2609 4804 2829 4890 publio
2869 4810 3061 4888 qu'en
3095 4804 3484 4890 particulier.
3554 4741 3624 4870 Il
3662 4826 3701 4871 8
3742 4805 3809 4872 18
3849 4808 4003 4873 voix
4047 4805 4236 4872 haul-

2295 4893 2471 4957 taine
2537 4899 2604 4957 et
2661 4900 2764 4958 est
2826 4891 2978 4957 8188
3032 4891 3426 4975 jntelligible
3485 4900 3553 4956 et
3606 4907 3724 4970 est,
3790 4912 4041 4958 comme
4096 4895 4236 4978 j’ay

2294 4976 2477 5043 desia
2519 4977 2667 5056 dict,
2708 4975 3055 5061 aggreable
3097 4998 3138 5042 a
3178 4976 3465 5062 l'Eglise,
3516 4978 3663 5061 plus
3706 4999 3830 5062 que
3865 4978 3934 5060 je
3977 4979 4236 5047 n’eusse

2291 5072 2494 5147 pense
2537 5070 2580 5128 a
2632 5083 2825 5130 cause
2883 5061 2963 5127 de
3021 5083 3096 5129 sa
3155 5065 3473 5147 jeunesse.
3562 5064 3754 5130 Ainsi
3805 5084 3930 5148 que
3981 5067 4051 5147 je
4115 5063 4233 5148 luy

2288 5338 2315 5393 I
2368 5337 2473 5393 78⁰
2496 5268 2559 5339 2)
2596 5268 2705 5324 Sur
2747 5268 2978 5324 Beuum
3027 5275 3078 5324 et
3126 5269 3326 5340 Arnay
3379 5269 3427 5325 lc
3482 5266 3611 5323 Duc
3660 5282 3825 5339 voyes
3874 5268 4057 5322 l'Hist.
4111 5267 4233 5324 ecel.
