4850 6117
340 452 426 516 65
1791 475 1798 481 ·
2078 452 2239 518 1561
2287 448 2613 517 OOTOB.
4269 463 4355 529 66

338 639 538 707 bonis
617 639 833 718 invisi,
913 660 988 706 ac
1051 639 1379 723 plerisque
1444 639 1644 705 etiam
1709 640 1917 708 malis.
1939 645 1994 717 ⁹)
2105 640 2293 707 Abiit

386 747 598 811 noque
664 726 1031 792 Tannonius
1066 737 1162 791 ·et
1221 724 1645 806 Gonastabilis,
1710 727 2025 812 Legatus,
2090 726 2295 793 frater

337 821 519 890 tuus,
545 815 633 890 ¹⁹)
675 810 1036 877 discessum
1079 818 1270 895 parat
1310 811 1646 896 probabile
1681 822 1782 879 est
1814 810 2059 897 aliquid
2092 812 2293 878 simul

336 897 583 976 moliri,
654 896 770 964 sed
823 905 1043 963 tamen
1103 898 1354 964 incerto
1415 906 1676 965 eventu.
1773 898 1908 980 [De
1951 898 2073 965 hoc
2115 899 2294 963 intra

333 1004 589 1069 paucos
624 984 765 1050 dies
799 984 960 1049 certi
996 984 1263 1050 erimus.
1302 977 1558 1050 utinam
1593 1006 1676 1050 ne
1709 994 1930 1051 nostro
1952 982 2178 1072 malo.]
2208 983 2294 1070 ¹¹)

340 1070 646 1138 Nemorsi
688 1069 827 1135 dux
868 1071 939 1134 in
983 1078 1243 1136 nostras
1287 1071 1590 1155 regiones
1625 1069 1981 1138 contendit.
2061 1070 2294 1154 Itaque

336 1157 698 1242 prudentia
741 1165 809 1222 et
851 1156 1145 1222 excubiis
1187 1177 1352 1239 opus
1394 1166 1511 1222 est.
1540 1162 1621 1234 ¹²)

515 1243 739 1309 Habes
783 1242 1297 1309 incertissimum
1342 1251 1718 1309 nostrarum
1760 1263 1986 1309 rerum
2027 1249 2294 1322 statum,

344 1327 875 1412 qnandoquidem
917 1330 1010 1393 ita
1045 1329 1333 1394 Domino
1368 1328 1598 1413 placet.
1677 1329 1867 1410 Quae
1899 1350 2297 1411 consequen-

336 1421 453 1479 tur
495 1415 551 1479 si
593 1414 767 1479 laeta
806 1416 1069 1493 fuerint,
1113 1436 1198 1480 ex
1240 1415 1405 1480 meis
1439 1415 1678 1482 literis:
1714 1417 1822 1480 sin
1857 1436 2014 1483 vero
2058 1415 2293 1493 tristia,

334 1519 424 1564 ex
470 1521 576 1565 me
629 1501 790 1582 ipso,
848 1499 1034 1565 brevi
1078 1499 1344 1567 favente
1387 1499 1551 1580 Deo,
1600 1501 1894 1585 accipies,
1938 1510 2008 1566 et
2060 1520 2294 1568 censeo

332 1592 419 1649 ut
451 1591 606 1650 ante
640 1583 804 1651 illud
845 1595 1107 1668 tempus
1142 1587 1442 1670 precibus
1478 1588 1692 1669 potius
1730 1607 2060 1665 vacemus,
2093 1608 2292 1671 quam

330 1691 634 1736 moerore
676 1690 799 1736 nos
842 1671 1283 1739 conficiamus.
1348 1673 1572 1738 'l'oties
1618 1674 1793 1738 enim
1817 1672 2162 1749 Dominus,
2208 1693 2293 1738 ex

330 1777 465 1840 quo
509 1756 640 1823 huc
682 1757 857 1835 veni,
926 1777 1048 1823 nos
1093 1758 1277 1824 velut
1320 1757 1403 1824 ad
1443 1759 1689 1826 inferos
1734 1759 2028 1837 detrusit,
2100 1759 2293 1825 toties

331 1843 538 1909 etiam
583 1842 736 1909 inde
775 1842 1165 1909 mirabiliter
1205 1866 1327 1910 nos
1369 1845 1653 1924 reduxit,
1698 1854 1775 1910 ut
1822 1865 1996 1911 nunc
2040 1866 2293 1929 quoque

331 1936 571 2014 eontra
611 1950 791 2013 spem
836 1950 1102 2013 sperare
1146 1950 1283 1994 non
1317 1929 1633 1998 desinam.

334 2091 341 2094 ,
513 2015 727 2081 Venio
788 2016 871 2081 ad
924 2016 1153 2083 literas
1195 2025 1344 2082 tuas
1388 2038 1549 2101 quas
1594 2017 1788 2084 nonis
1830 2015 2138 2084 Octobris
2182 2017 2295 2082 de-

333 2100 514 2181 disti,
580 2122 701 2186 ego
757 2100 997 2167 nudius
1051 2103 1289 2168 tertius
1333 2104 1571 2186 accepi.
1659 2105 1752 2170 Ac
1795 2103 1985 2169 citius
2029 2102 2292 2187 quidem

330 2207 519 2253 eram
564 2189 932 2272 scripturus
974 2188 1091 2254 sed
1134 2190 1205 2255 in
1248 2190 1446 2256 rebus
1488 2201 1627 2254 tam
1669 2189 2089 2274 perturbatis,
2136 2189 2291 2255 dum

331 2273 577 2340 laetius
641 2283 710 2339 et
774 2274 1016 2341 certius
1095 2274 1342 2358 aliquid
1420 2283 1754 2359 exspect0,
1833 2274 2084 2358 aliquot
2155 2275 2293 2341 dies

332 2361 756 2426 effluxerunt.
847 2361 993 2425 Tua
1032 2362 1164 2425 ista
1206 2361 1495 2446 podagra
1534 2361 1790 2428 utinam
1824 2361 2043 2444 potius
2076 2362 2293 2428 cnius-

331 2446 438 2512 vis
498 2447 770 2512 alterius
833 2447 967 2512 fiat.
1071 2444 1207 2512 Sed
1262 2445 1426 2513 bene
1484 2447 1683 2513 habet
1740 2445 1923 2531 quod·
1969 2453 2108 2513 tam
2162 2448 2291 2513 cito

333 2533 664 2616 migrarit,
737 2532 931 2598 modo
1009 2554 1093 2598 ne
1169 2554 1351 2599 more
1415 2553 1535 2599 sno
1600 2544 1915 2600 recurrat.
2027 2533 2291 2599 Literas

333 2638 519 2683 meas
563 2625 902 2702 tantopere
944 2617 1064 2685 tibi
1106 2628 1328 2703 gratas
1370 2619 1572 2686 fnisse
1613 2617 1885 2703 gaudeo,
1931 2620 2183 2685 utinam
2226 2627 2293 2684 et

335 2705 504 2769 istae
549 2710 688 2768 tam
731 2715 959 2789 gratae
1002 2726 1144 2770 esse
1187 2714 1471 2788 possent.
1554 2703 1688 2771 Sed
1723 2705 2062 2790 proximas
2098 2724 2289 2789 spero

332 2796 523 2854 tanto
568 2787 688 2853 tibi
729 2789 1149 2857 iucundiores
1190 2790 1346 2857 fore.
1437 2790 1783 2858 Merlimmt
1825 2800 1987 2874 puto
2030 2792 2162 2857 iam
2208 2790 2291 2856 ad

329 2896 455 2941 vos
509 2877 905 2959 pervenisse.
931 2878 1020 2954 ¹⁸)
1085 2874 1503 2954 Baldwinum,
1528 2881 1611 2956 ¹⁴)
1668 2878 1799 2943 Dei
1973 2876 2087 2956 tia,
2154 2895 2291 2942 non

328 2961 493 3039 vidi,
539 2962 666 3026 fnit
710 2961 818 3027 hic
861 2959 945 3027 ad
989 2980 1228 3045 paucos
1264 2961 1421 3041 dies,
1465 2971 1544 3028 ut
1578 2963 1790 3029 audio.
1960 2962 2039 3028 de
2080 2962 2289 3027 Lute-

327 3048 498 3112 tiam
542 3047 754 3113 rediit.
806 3047 1059 3122 ,Notus
1113 3055 1217 3114 est
1266 3049 1569 3115 omnibns
1612 3050 1819 3128 bonis,
1874 3050 1935 3113 si
1974 3048 2290 3113 miserum

326 3132 529 3199 illum
554 3138 641 3215 111)
685 3132 991 3217 excipias,
1053 3154 1246 3217 quem
1302 3156 1385 3201 ne
1438 3135 1583 3219 ipsa
1639 3135 1902 3219 quidem
1968 3133 2168 3212 salus,
2234 3134 2292 3200 si

509 3388 607 3595 13}
640 3388 1066 3542 &33⁷2
1096 3462 1315 3542 pomino
1355 3458 1617 3518 Calvam
1652 3460 1728 3515 N.
1761 3459 1915 3515 3507.

511 3524 608 3661 ii)
640 3527 801 3652 ῗῧῗῖ
824 3544 1195 3721 ἓῗέἔνῗιῖ
1240 3597 1399 3653 aucis
1468 3595 1799 3653 satanam.
1890 3596 1978 3663 of.
2017 3595 2167 3653 0010.
2217 3597 2295 3653 aa

331 3663 548 3718 Bam
584 3663 642 3720 d.
678 3664 735 3720 ἅ.
774 3664 855 3719 19.

515 3732 613 3799 13)
651 3732 902 3789 Gmevae
933 3751 970 3790 a
1108 3735 1152 3789 it
1184 3733 1238 3789 d.
1272 3733 1359 3788 23.
1400 3733 1512 3790 Oct.
1544 3733 1710 3805 (Ray.
1746 3734 1824 3790 du
1863 3731 2123 3805 Causea.)

517 3801 610 3871 14)
645 3802 914 3872 Hmlinq
1050 3802 1215 3858 Bata.
1291 3843 1307 3860 .
1337 3802 1408 3858 27
1424 3826 1441 3855 .-
1485 3804 1671 3858 Mense
1705 3802 1927 3859 Octobri
1971 3804 2028 3858 in
2063 3803 2293 3858 Galliam

331 3869 512 3924 rediit
545 3911 559 3924 .
595 3912 612 3927 .
649 3911 662 3924 .
703 3871 813 3926 Per
846 3887 1047 3942 pancos
1083 3872 1201 3926 dies
1281 3872 1475 3927 ossiaci
1521 3878 1884 3927 commoratus
1916 3872 2159 3927 Parisios
2191 3873 2294 3926 ite-

332 3954 468 3993 rum
502 3956 563 3993 se
597 3942 843 3995 contulit.
894 3940 1115 4011 Optimo
1149 3942 1267 3995 inre
1303 3958 1372 3996 ne
1442 3942 1525 3995 vit
1557 3958 1618 3995 se
1634 3942 1876 3996 Possiaci
1910 3958 2132 4011 gravem
2168 3959 2294 4011 par-

333 4013 461 4062 tem
491 4009 741 4078 gessisse.
780 4038 842 4049 --
880 4011 948 4065 de
982 4010 1041 4065 la
1075 4010 1242 4065 Place
1266 4026 1329 4079 p.
1400 4009 1497 4064 93.-
1548 4011 1613 4065 B.
1648 4012 1768 4065 vint
1810 4010 2012 4065 durant
2044 4011 2097 4064 le
2131 4011 2295 4065 collo-

380 4092 454 4130 ue
487 4093 614 4131 sans
648 4095 870 4132 amener
904 4095 1037 4133 avec
1072 4096 1168 4150 soy
1203 4096 1404 4134 anonns
1438 4079 1717 4133 ministres
1761 4078 1855 4149 [de
1891 4079 2214 4149 Heidelberg!
2245 4086 2297 4135 et

335 4092 413 4199 3ο
458 4143 827 4216 ‘Wmtembery
901 4147 1126 4202 s’estant
1158 4147 1314 4203 haste‘
1422 4165 1489 4202 ur
1560 4148 1767 4202 endant
1797 4149 1975 4220 iceluy
2007 4155 2296 4219 precentor

334 4230 419 4268 nn
453 4214 592 4269 livre
633 4216 770 4270 latin
841 4216 909 4270 de
944 4215 1260 4272 Cassandra
1358 4257 1374 4274 .
1406 4215 1507 4271 351
1543 4216 1569 4287 ]
1605 4217 1674 4272 de
1718 4217 1910 4272 l’office
1944 4223 2003 4271 et
2037 4218 2227 4272 devoir
2259 4217 2296 4272 a

334 4283 492 4336 tenir
523 4300 627 4353 par
659 4284 910 4340 l’homme
945 4287 1217 4340 chrestien
1241 4286 1443 4340 durant
1475 4288 1528 4341 le
1551 4286 1820 4341 differenti
1854 4287 1923 4341 de
1957 4287 2013 4340 la
2046 4287 2145 4340 reli
2188 4287 2293 4353 ’on,

336 4351 570 4408 desunt
625 4354 753 4408 bien
807 4354 1074 4424 persuade
1157 4372 1225 4408 ne
1270 4372 1370 4425 par
1416 4372 1476 4409 ce
1510 4372 1706 4427 moyen
1754 4356 1797 4409 il
1847 4357 2017 4410 seroit
2061 4355 2114 4409 le
2204 4356 2294 4410 ien

336 4436 502 4476 venu.
557 4422 606 4476 11
641 4422 824 4478 faisoit
856 4430 1099 4505 monstro
1156 4423 1275 4478 udit
1308 4424 1690 4506 livre-comme
1709 4424 1833 4478 d'nn
1857 4425 2076 4507 thresor
2092 4440 2293 4493 propre

334 4505 485 4614 rm»...
487 4507 814 4625 {wa
829 4492 1064 4631 ἕως
1096 4494 1845 4644 azssfsszqssz‘ssswaffl.
1858 4498 2297 4618 affirma}

334 4628 540 4683 tendre
572 4648 607 4683 a
640 4647 715 4684 nn
737 4631 971 4685 chascun
1007 4630 1137 4700 qn'il
1172 4646 1240 4685 en
1276 4635 1442 4686 estoit
1474 4631 1756 4696 l'antheur‚
1790 4634 1845 4685 le
1880 4631 2069 4686 louant
2102 4638 2296 4686 neant-

335 4698 520 4752 moins
555 4714 687 4752 aveo
717 4700 851 4753 telle
884 4699 1152 4754 modestis
1185 4699 1384 4755 feincte
1420 4707 1477 4755 et
1510 4701 1862 4755 contrefaicte
1895 4717 2000 4771 que
2036 4702 2191 4755 niant
2224 4717 2296 4754 en

336 4766 521 4835 partie
556 4771 614 4821 et
647 4784 716 4821 en
751 4769 930 4838 partie
974 4770 1299 4836 confessant,
1347 4770 1389 4822 il
1431 4769 1613 4824 faisoit
1657 4770 1924 4825 entendre
1968 4769 2100 4839 qn'il
2143 4771 2299 4825 avoit

337 4834 463 4889 este
503 4835 637 4890 faict
670 4836 704 4889 a
748 4852 849 4891 son
892 4837 1213 4907 instigation
1249 4844 1307 4893 et
1349 4846 1664 4910 poursnyte,
1713 4855 1918 4893 mesme
1953 4838 2085 4909 qn’il
2127 4840 2297 4893 estoit

337 4905 500 4974 celuy
537 4906 631 4973 qui
674 4903 861 4960 l’avoit
903 4906 1055 4964 faict.
1125 4908 1201 4960 Et
1246 4908 1372 4962 bien
1418 4907 1548 4977 qn’il
1594 4914 1716 4963 eust
1760 4917 1909 4962 ceste
1956 4908 2177 4977 opinion
2225 4908 2295 4962 de

337 4988 403 5027 ao
474 4990 582 5044 qne
618 4990 721 5044 par
754 4991 816 5029 ce
849 4991 1046 5046 moyen
1078 4976 1120 5029 il
1154 4976 1327 5030 seroit
1370 4977 1711 5031 incontinent
1743 4975 1958 5047 appelle
1993 4980 2052 5030 et
2084 4993 2192 5047 ony
2225 4994 2295 5031 au

338 5057 405 5097 oo
448 5058 609 5113 oque,
661 5061 695 5097 a
734 5050 831 5097 ant
881 5042 1060 5099 donne
1112 5043 1146 5097 a
1196 5045 1461 5099 entendrc
1507 5048 1543 5101 a
1591 5048 1824 5100 maintes
1873 5061 2173 5128 personnae
2225 5046 2295 5101 de

339 5111 551 5181 qualite
587 5112 694 5181 qu’i
750 5112 901 5167 avoit
934 5130 1134 5196 moyen
1169 5113 1238 5167 de
1272 5129 1557 5183 composer
1590 5120 1714 5170 tout
1747 5116 1800 5169 le
1834 5113 2101 5169 differend
2136 5113 2207 5167 de
2240 5115 2294 5168 la

336 5181 591 5250 religion,
633 5182 674 5235 il
710 5182 903 5236 advint
936 5182 1068 5253 qu'il
1101 5198 1169 5236 ne
1213 5182 1299 5235 fut
1343 5183 1559 5253 appelle
1605 5183 1731 5238 d'un
1775 5183 1924 5238 coste'
1959 5201 2033 5254 ny
2069 5182 2291 5249 d'autre,

336 5265 482 5318 pour
526 5250 583 5302 la
625 5252 896 5320 suspicion
933 5268 1040 5320 que
1086 5250 1166 5304 les
1201 5268 1304 5304 uns
1339 5258 1398 5305 et
1441 5253 1522 5306 les
1566 5259 1751 5307 autres
1786 5260 1981 5307 curent
2014 5253 2083 5306 de
2118 5268 2182 5306 sa
2216 5253 2296 5307 le-

336 5319 550 5387 ‘iet-ete
586 5324 646 5373 et
675 5320 1028 5375 inconstance
1063 5325 1161 5375 etc.

515 5385 610 5453 15)
648 5403 821 5458 ream
854 5387 924 5446 N
920 5404 1171 5445 avanae.
1241 5389 1336 5444 La
1371 5388 1537 5445 Piceo
1581 5390 1617 5445 1.
1659 5406 1704 5445 ο.
1717 5408 1736 5444 .·
1793 5389 1853 5444 Β.
1901 5390 2051 5444 avoit
2101 5388 2291 5445 souffle

550 5472 773 5530 calcias·
792 5488 979 5545 opera.
1056 5473 1169 5531 Vol.
1208 5472 1385 5533 xlx,

2394 638 2575 716 velit,
2653 660 2918 706 servare
2984 639 3208 724 possit.
3333 640 3437 708 De
3501 644 3764 712 aureolo
3830 651 3947 712 tuo
4013 646 4235 716 libello
4263 652 4354 729 ¹⁰)

2396 744 2703 809 magnam
2768 724 2888 791 tibi
2950 728 3232 811 gratiam
3294 727 3519 808 habeo,
3584 732 3678 796 mi
3734 739 3938 815 pater,
4004 747 4201 820 atque
4257 737 4368 803 sie

2395 818 2631 891 statuo,
2677 832 2797 878 nec
2840 811 3105 878 brevius
3159 834 3281 880 nec
3323 814 3559 882 melius
3617 838 3739 884 nec
3789 820 4001 905 magis
4067 829 4360 905 tempes-

2396 898 2533 963 tive
2597 897 2949 982 quidquam
2988 898 3186 965 scribi
3220 900 3527 984 potuisse.

2569 982 2761 1063 Quod
2818 985 2916 1050 ais
2970 1006 3075 1050 me
3132 986 3470 1069 scripsisse
3535 986 3616 1053 de
3680 988 3887 1056 literis
3942 1012 4106 1075 quas
4168 991 4356 1060 Posi-

2396 1069 2580 1135 donio
2605 1068 2687 1154 1'¹)
2754 1091 2885 1134 non
2929 1069 3345 1150 ostenderim,
3411 1093 3497 1138 ne
3540 1074 3680 1156 ipse
3723 1075 3987 1158 quidem
4032 1077 4356 1162 intelligo,

2398 1155 2700 1239 quamvis
2734 1154 2849 1220 diu
2883 1156 3296 1241 multumque
3332 1157 3412 1223 de
3447 1179 3527 1225 ea
3560 1181 3632 1226 re
3666 1162 4026 1246 cogitarim.
4109 1164 4352 1249 Itaque

2398 1242 2456 1307 si
2501 1240 2934 1325 rescripseris,
2979 1242 3047 1308 id
3088 1251 3206 1321 est,
3251 1244 3378 1310 nisi
3422 1243 3603 1312 brevi
3649 1246 3819 1313 istuc
3862 1247 4134 1329 rediero,
4179 1251 4356 1316 inte·

2397 1347 2590 1409 grum
2635 1326 2850 1392 locum
2894 1348 2977 1392 ex
3021 1327 3297 1411 epistola
3320 1350 3467 1396 mea
3508 1351 3668 1414 rogo
3712 1341 3789 1397 nt
3831 1330 4175 1417 describas,
4218 1356 4349 1420 quo

2396 1413 2606 1495 possit
2668 1433 2817 1478 mea
2880 1415 3195 1479 memoria
3265 1416 3559 1482 excitari.
3674 1417 3823 1483 Hoc
3887 1419 4150 1503 quidem
4214 1423 4347 1489 scio

2397 1497 2686 1564 redditas
2729 1498 2828 1563 illi
2872 1520 2988 1565 suo
3030 1508 3323 1582 tempore
3365 1501 3568 1568 fuisse
3609 1503 3840 1570 literas
3882 1513 4031 1573 tuas
4074 1528 4115 1572 a
4171 1506 4350 1574 Mer-

2393 1585 2524 1649 lv‘no
2577 1592 2818 1650 nostro.
2907 1584 3107 1651 Certe
3150 1606 3319 1668 quae
3362 1585 3445 1652 ad
3487 1609 3594 1655 me
3637 1590 3912 1656 consilia
3952 1592 4209 1671 misisti,
4254 1593 4351 1660 mi

2395 1679 2600 1753 pater,
2646 1691 2782 1735 non
2839 1670 3031 1737 modo
3084 1693 3218 1736 non
3276 1674 3660 1755 improbavi,
3715 1676 3832 1742 sed
3889 1678 4091 1744 etiam
4146 1676 4351 1764 (quod

2394 1756 2539 1823 sine
2581 1755 2959 1823 adulatione
3004 1756 3249 1823 dictum
3293 1758 3407 1838 sit)
3450 1780 3570 1844 pro
3612 1762 3895 1829 oraculis
3944 1763 4176 1832 habui:
4225 1786 4349 1832 nec

2394 1862 2542 1993 Ξῗῗο
2556 1844 4352 2018 “ἑὲ,ωῌ(ῗ3ξῑῗθῗὶἱοῗιέῑὲἕέ“ἰῗηέἒέἓρέιῗιῖιὲοὲῐ

2396 2015 2661 2080 omnino
2702 2015 2962 2099 qualem
2994 2016 3375 2100 requirebas
3408 2026 3568 2099 puto
3603 2039 3709 2083 me
3742 2019 4048 2087 Acanthii
4072 2024 4158 2103 ²⁸)
4195 2043 4350 2089 nos-

2396 2102 2484 2165 tri
2544 2120 2743 2183 opera
2795 2111 3061 2167 nactum
3119 2122 3281 2181 esse,
3345 2104 3459 2185 qui
3516 2102 3700 2170 brevi
3759 2107 4027 2172 omnino
4085 2107 4169 2173 ad
4227 2128 4351 2175 vos

2395 2188 2753 2269 perveniet.
2842 2185 3262 2253 Oonditiones
3314 2189 3483 2271 petit
3535 2189 3743 2256 multo
3787 2190 4090 2257 meliores
4144 2214 4347 2277 quam

2394 2281 2512 2337 ant
2554 2282 2631 2337 tu
2675 2282 2790 2337 aut
2830 2292 2952 2356 ego
2995 2274 3143 2341 istic
3187 2272 3563 2353 habeamus,
3615 2274 3730 2341 sed
3775 2277 4082 2358 quoniam
4124 2278 4349 2345 virum

2395 2358 2734 2442 egregium
2770 2379 2911 2425 esse
2944 2358 3265 2438 intellexi,
3302 2366 3368 2425 et
3392 2360 3729 2444 negotium
3761 2361 3863 2426 illi
3896 2365 4024 2428 erit
4056 2385 4206 2430 cum
4228 2364 4348 2429 ho-

2393 2445 2573 2509 mine
2618 2443 2780 2511 satis
2823 2444 3146 2526 locuplete
3188 2454 3381 2511 autor
3421 2445 3521 2510 illi
3563 2447 3658 2513 fui
3693 2469 3777 2513 ne
3820 2448 4149 2515 dubitaret
4175 2470 4344 2600 ‹gro-

2394 2530 2740 2595 fectionem
2818 2532 3148 2614 suscipere
3226 2539 3295 2596 et
3372 2552 3577 2616 aequa
3641 2535 3861 2599 omnia
3924 2556 4173 2619 spopon
4222 2535 4236 2550 ⁰
4305 2556 4347 2602 a

2408 2614 2729 2682 Vincentio
2748 2620 2831 2696 ¹⁹)
2895 2625 3122 2683 nostro
3193 2618 3718 2700 impetraturum.
3830 2621 4166 2702 Quaeram
4227 2641 4347 2705 per

2395 2702 2638 2767 amicos
2717 2702 2832 2784 qui
2897 2700 3208 2768 Baduello
3225 2706 3318 2782 ⁴²⁰)
3399 2711 3623 2769 nostro
3682 2706 4006 2785 succedat,
4083 2705 4198 2772 sed
4263 2706 4349 2774 de

2394 2806 2697 2854 successu
2753 2808 2962 2870 paene
3020 2786 3307 2873 despero.
3395 2790 3602 2856 Pauci
3658 2791 3838 2856 enim
3890 2798 4049 2858 sunt
4101 2793 4171 2857 in
4214 2791 4349 2860 illis

2393 2872 2755 2956 disciplinis
2799 2872 3002 2940 solide
3054 2874 3311 2957 eruditi,
3367 2884 3433 2942 et
3487 2875 3546 2940 si
3601 2879 3713 2961 qui
3756 2884 3913 2943 sunt
3955 2878 4349 2948 tenuitatem

2396 2971 2689 3024 nostram
2733 2959 3087 3044 refugiunt.
3167 2960 3402 3045 Itaque
3447 2960 3959 3030 Nemausensem
3994 2963 4181 3030 illum
4216 2964 4351 3032 sal-

2397 3054 2532 3110 tem
2573 3045 2982 3129 probandum
3023 3046 3472 3113 existimarim.

2569 3131 2849 3197 Caetera
2891 3131 3094 3213 brevi,
3139 3132 3251 3200 vel
3291 3154 3511 3199 coram
3553 3132 3660 3201 vel
3694 3154 3815 3218 per
3842 3133 4083 3201 literas.
4163 3134 4353 3204 Bene

2397 3216 2566 3296 vale,
2632 3218 2723 3281 mi
2776 3224 2982 3301 pater,
3055 3238 3206 3284 cum
3262 3218 3532 3303 collegis
3586 3220 3910 3287 omnibus.
4021 3221 4351 3289 Dominus

2395 3301 2585 3369 Iesus
2642 3303 2947 3370 ecclesias
2998 3325 3152 3371 suas
3207 3304 3279 3369 in
3332 3305 3438 3371 his
3495 3306 3816 3390 angustiis
3872 3304 4121 3374 soletur
4173 3314 4241 3375 et
4283 3315 4351 3375 te

2395 3388 2701 3472 inprimis
2736 3389 2990 3456 salvum
3035 3401 3102 3455 et
3142 3390 3536 3457 incolumem
3577 3392 3764 3459 nobis
3800 3398 4161 3461 conservet.
4239 3394 4351 3463 Ex

2399 3474 2857 3559 Sangermano
2892 3479 2993 3541 21.
3031 3474 3354 3544 Octobris.

2568 3560 2777 3627 Uxori
2821 3562 2991 3627 nihil
3034 3562 3265 3646 scripsi
3299 3582 3384 3628 ne
3417 3560 3602 3628 illam
3638 3563 4079 3647 pertubarem.
4155 3565 4349 3649 Rogo

2396 3654 2473 3712 ut
2515 3646 2727 3714 vicem
2773 3669 2988 3714 meam
3030 3647 3139 3716 hic
3181 3647 3508 3733 suppleas.

3760 3787 3946 3853 Tuus
3983 3786 4173 3852 Besa.

2395 4094 2505 4201 peu
2546 4081 2886 4200 aduparavant
2930 4095 3038 4131 aux
3079 4078 3332 4132 anreilles
3367 4079 3441 4134 du
3476 4078 3599 4149 Roy
3631 4076 3701 4131 de
3735 4075 3983 4131 Navarra
4018 4074 4149 4145 qn'il
4166 4076 4349 4200 davcsst

2423 4162 2560 4201 ronv
2636 4163 2711 4199 un
2763 4148 2873 4200 bon
2915 4162 3114 4217 moyen
3165 4164 3305 4217 pour
3357 4161 3649 4284 τσοῖοιιπρι·
3704 4160 4120 4282 εοιιιῶἓῖἰαιιέψ
4206 4161 4254 4228 e·
4284 4230 4351 4269 m

2601 4283 2670 4340 de
2687 4282 2873 4339 Οοκάέ
2905 4283 2974 4338 IL
2994 4283 3062 4338 13
3085 4288 3186 4352 ss.)
3220 4287 3276 4339 lu
3345 4284 3666 4355 produisant
3700 4281 3797 4336 des
3832 4282 4053 4352 coppies
4126 4299 4159 4336 e
4230 4285 4345 4337 nel-

2397 4371 2534 4424 ques
2580 4354 2790 4408 vieilles
2840 4352 3087 4408 chartres
3130 4372 3232 4425 par
3301 4354 3568 4424 esquelles
3620 4350 3662 4405 il
3713 4350 3899 4404 l’avoit
3941 4351 4045 4405 mis
4097 4367 4167 4405 en
4253 4353 4347 4408 ien

2395 4423 2602 4495 grande
2656 4439 2946 4493 esperance
2998 4422 3155 4478 dudit
3204 4427 3638 4482 recouvrement‚
3698 4420 3792 4489 qni
3846 4419 3930 4474 fut
3981 4438 4054 4474 un
4107 4422 4347 4490 premier

2397 4496 2859 4548 commencement
2905 4492 3174 4576 d'appast‘
3191 4493 3240 4546 si
3282 4492 3410 4545 bien
3457 4488 3713 4545 continue
3797 4487 3884 4544 n’a
3927 4489 3984 4542 la
4014 4488 4090 4544 fin
4136 4505 4200 4571 qe
4233 4492 4347 4546 bon

2396 4579 2494 4633 ‘⁰⁷
2539 4567 2665 4646 1101
2717 4567 2940 4634 ¹''⁰¹”¹'⁶
2985 4580 3017 4615 ⁸
3063 4578 3238 4643 ‘’¹⁹¹¹‘’
3263 4558 3974 4696 fflmffiwffiffii'ss‘
4005 4558 4349 4683 ,32ωᾶᾤὲ

2396 4630 2603 4756 233}
2649 4631 2719 4754 ἕο
2748 4631 3272 4820 ,Ξὲηἰεοξῃιᾳὲἰῗῃορ
3314 4696 3437 4760 tim,
3483 4711 3626 4819 layeo
3667 4697 3724 4749 la
3974 4697 4080 4817 lde
4122 4712 4223 4751 son
4255 4697 4345 4752 fils

2395 4768 2768 4908 {ggssgmffi
2804 4772 3055 4889 dgymffito
3090 4781 3734 4890 auldlozagognblffvm.
3823 4780 3931 4820 aux
4210 4781 4346 4824 εγω

2573 4905 2637 4961 16
2696 4903 2904 4988 Οοοιρνα
2939 4903 3294 4959 Balduinum.

2479 5017 2482 5022 .
2568 4973 2637 5097 ig
2694 4972 3028 5098 gomesanenus
3040 5084 3054 5109 ,
3124 5042 3219 5096 cui
3284 5040 3489 5112 alequa
3557 5038 3918 5106 ευῇἶοωκᾱκε·
3983 5038 4352 5109 quaerebatur

2401 5112 2650 5168 omme
2680 5112 2885 5166 mama
2922 5109 3185 5180 (Rada
3208 5108 3426 5166 Gonoet‘l
3462 5110 3541 5163 11.
3559 5107 3742 5176 Dea).
3798 5106 4137 5189 Spina-vesu
4175 5106 4354 5163 Geno-

2393 5198 2520 5237 vam
2553 5198 2667 5236 aon
2701 5182 2848 5236 mit
2882 5179 2978 5234 sed
3009 5179 3371 5235 ministerium
3405 5179 3696 5249 capessivit
3737 5177 3801 5231 ia
3833 5191 4124 5258 promam
4162 5175 4360 5232 Ptcta-

2394 5249 2891 5387 viensilgfznteuan
2824 5266 2928 5389 my
2972 5246 3261 5387 Ζεαξὲἒριε)
3304 5256 3356 5305 et
3398 5255 3588 5318 postea
3624 5245 3892 5316 Rapellss.

2568 5387 2662 5456 20)
2699 5391 2942 5459 quinat
3006 5383 3936 5522 m'nctphilosophiamdocum-at.5

2398 4215 2576 4339 (fiad
2616 4216 2775 4269 unice
2818 4215 2907 4269 illu·
2944 4217 3007 4270 in
3050 4218 3192 4271 votis
3225 4221 3346 4271 erat
