4850 6117
645 377 773 442 26⁷

812 564 898 632 D.
946 561 1239 630 Zaa-chus
1253 566 1308 639 ²)
1351 580 1433 626 ex
1477 581 1597 627 sua
1639 559 2028 645 profectione
2083 557 2275 625 rediit
2337 556 2587 624 incolu-

643 650 788 719 mis.
857 650 1003 716 Iam
1045 654 1464 734 exspectatur
1506 646 1986 713 coutroversiae
2025 643 2283 713 decisio.
2352 644 2587 711 Metuo

645 758 731 805 ne
774 736 970 802 nimis
1013 734 1127 801 diu
1170 732 1325 800 talis
1368 732 1770 818 exspectatio
1809 752 1928 798 nos
1962 749 2313 832 suspensos
2346 736 2585 796 teneat.

644 823 741 892 Ut
801 820 997 888 audio
1056 841 1139 887 ex
1196 819 1437 886 nostris
1490 818 1603 903 qui
1658 816 2030 904 germanice
2081 815 2466 902 intellig-unt
2520 825 2590 880 et

642 905 972 976 interdum
1031 904 1310 972 audiunt
1352 906 1689 972 conciones
1732 902 2157 1004 germanicas,
2223 901 2589 987 pugnantia

646 1016 728 1061 ex
788 991 1104 1058 diametro
1161 990 1397 1059 docent
1441 990 1760 1057 Germam
1801 1010 1954 1058 cum
1997 989 2080 1056 iis
2125 1010 2292 1073 quae
2334 1007 2589 1053 nonum

644 1100 780 1164 cap.
827 1076 912 1143 ad
951 1078 1143 1145 Rom.
1192 1086 1478 1143 tractans
1537 1074 1619 1142 de
1660 1074 2070 1160 providentia
2123 1083 2190 1140 et
2230 1073 2587 1159 praedesti-

644 1164 914 1233 natione
976 1163 1207 1230 docere
1270 1164 1363 1229 fui
1427 1168 1688 1230 coactus
1798 1160 2012 1228 ublice
2074 1181 2193 1245 pro
2258 1158 2586 1226 concione.

644 1250 793 1319 Nisi
834 1250 1170 1318 meliorem
1214 1255 1504 1314 mentem
1547 1247 1660 1315 det
1696 1182 1829 1314 illpis
1870 1245 2216 1328 Dominus,
2276 1245 2403 1312 ista
2446 1244 2590 1312 doc-

647 1337 860 1404 trinae
903 1334 1252 1403 diversitas
1292 1332 1540 1419 ‚aliquid
1583 1333 1857 1400 monstri
1902 1332 2130 1417 pariet.

818 1422 1079 1488 Rumor
1119 1420 1228 1486 hic
1271 1433 1422 1486 ante
1463 1418 1734 1486 biduum
1779 1422 2112 1504 spargitur
2157 1418 2343 1484 brevi
2393 1416 2591 1484 Pala-

647 1510 852 1576 tinum
912 1514 980 1574 et
1057 1506 1680 1592 erttemberyensem
1740 1504 2070 1571 Sabernas
2134 1511 2453 1571 venturos
2517 1510 2593 1569 ut

650 1595 741 1662 ibi
786 1615 936 1662 cum
977 1593 1140 1660 duce
1189 1591 1501 1659 Guisiano
1542 1597 1610 1658 et
1652 1589 1966 1657 cardinali
2251 1590 2263 1604 ‘
2420 1596 2593 1656 trac-

649 1688 793 1748 tent
851 1679 932 1746 de
985 1678 1401 1746 matrimonio
1464 1677 1640 1743 inter
1702 1676 1912 1742 filium
1965 1675 2595 1762 wirtembergensis

653 1775 722 1834 et
802 1785 1091 1834 sororem
1158 1763 1341 1831 ducis
1407 1762 1788 1847 Lothorinyi.
1810 1763 1869 1846 ⁸)
1977 1761 2311 1828 Dominus
2374 1762 2597 1828 omnia

650 1873 769 1920 suo
814 1851 1048 1936 spiritu
1089 1857 1279 1936 regat
1336 1849 1421 1916 ad
1478 1850 1579 1916 sui
1631 1848 1917 1915 nominis
1969 1848 2264 1933 gloriam.
2353 1847 2595 1913 'Potum

650 1937 994 2022 Belgicam
1049 1936 1237 2022 gravi
1297 1935 1801 2019 persequutione
1842 1934 2180 2018 premitur.
2270 1931 2596 2000 Cornuto-

652 2044 803 2089 rum
859 2033 1232 2089 armentum
1291 2041 1411 2088 sex
1452 2020 1679 2087 bestiis
1724 2030 1985 2085 auctum
2031 2027 2150 2096 est,
2217 2018 2452 2103 quibus
2496 2027 2600 2085 est

647 2109 1015 2196 praefectus
1065 2107 1544 2186 Granvillanus,
1587 2105 1937 2172 Maeliniae
1972 2105 2495 2189 archiepiscopus
2532 2112 2600 2171 et

651 2195 1205 2280 metropolitanus.
1285 2192 1453 2258 Vale
1494 2193 1566 2257 in
1609 2192 1920 2270 Domino,
1967 2193 2067 2258 vir
2109 2192 2489 2270 clarissime,
2530 2198 2600 2257 et

649 2279 869 2348 Deum
914 2302 1031 2364 pro
1074 2279 1262 2346 nobis
1307 2299 1538 2364 rogare
1574 2298 1791 2363 perge.
1878 2278 2206 2344 Dominus
2249 2285 2315 2343 te
2348 2277 2600 2343 incolu-

650 2387 826 2432 mem
866 2387 1023 2433 suae
1065 2366 1376 2433 ecclesiae
1434 2373 1670 2430 servet.
1756 2364 2165 2447 Argentinae
2210 2366 2310 2429 27.
2356 2363 2598 2429 Ianua-

652 2452 736 2516 rii
782 2455 959 2516 1562.

1366 2584 1740 2652 Gulielmus
1786 2585 2200 2652 Holbraehus
2252 2595 2424 2652 tuus.

858 2793 917 2859 2)
953 2792 1016 2846 Ν.
1049 2791 1205 2847 3678.
1239 2790 1393 2846 3689.

859 2862 920 2931 3)
950 2858 1164 2944 Βρίσων
1196 2862 1298 2916 iste
1329 2860 1512 2932 quoad
1540 2860 1863 2916 Palatinum
1894 2860 2075 2926 falum
2108 2866 2243 2915 erat.
2315 2859 2440 2916 Non
2471 2875 2599 2915 voro

893 2930 1331 2999 oar-amphorem
1590 2945 1784 2984 revera
1840 2927 2159 2983 eorde-alie
2208 2930 2480 2985 damma.
2534 2957 2598 2968 —

696 3019 784 3059 m
819 3003 874 3057 d.
910 2998 991 3053 15.
1027 2998 1160 3056 Noe.
1198 2945 1667 3080 Raecoegoelzeujas
1700 2999 1830 3079 duci
1862 3014 1902 3052 a
1935 2996 2136 3054 Gnosio
2168 2998 2369 3063 ntulit,
2442 2999 2603 3054 uibus

656 3073 749 3126 hic
792 3070 944 3126 illum
992 3067 1070 3122 ad
1112 3084 1143 3123 c
1319 3083 1436 3122 tm
1479 3067 1749 3122 innatam.
1817 3066 1930 3121 Sub
1972 3067 2137 3134 finem
2182 3068 2324 3123 anni
2425 3067 2604 3122 nisius

667 3138 949 3195 Tabernae
984 3136 1290 3207 designaut
1323 3133 1401 3192 ad
1434 3142 1766 3202 cenoman,
1801 3140 1852 3190 et
1895 3133 2394 3206 Wmemberamn's
2428 3135 2482 3191 d.
2523 3133 2605 3191 15.

661 3205 1338 3274 hermis-dionem&
1397 3202 2604 3274 Quinenstoetinabinitiocertiorfactas

658 3276 851 3332 mae
983 3275 1051 3288 ’'
1193 3276 1509 3331 amir-i.
1585 3272 2604 3344 (Kuqlern.881.)—Lanquet11.

659 3343 761 3400 19¹2
797 3345 852 3401 d.
885 3343 940 3398 d.
1045 3384 1057 3397 .
1094 3343 1251 3398 lam..-
1286 3343 1409 3398 Dux
1438 3342 1656 3398 Guisius
1688 3343 1966 3413 profectus
1999 3350 2087 3397 est
2102 3341 2377 3397 Tabernas
2410 3343 2482 3396 ad
2516 3359 2602 3412 ep.

656 3416 1190 3483 Argentoratensem,
1237 3412 1418 3468 neseio
1465 3413 1617 3467 onius
1661 3413 1742 3465 rei
1885 3412 1980 3466 tia.
2050 3412 2354 3466 Intentavit
2383 3411 2606 3481 quidem

660 3483 816 3537 litem
861 3481 1214 3552 Argentorati
1260 3480 1350 3535 Fr.
1387 3480 1733 3535 Hotomauno
1777 3497 1810 3534 o
1892 3480 2106 3535 libellos
2150 3480 2385 3535 famosos
2431 3480 2500 3534 de
2544 3496 2605 3534 se

662 3548 1648 3674 :32“⁰2w‘³.10¹1.3‚¹·⁰3.ffi.}¹¹.{.ffi2‘3‘
1651 3550 1868 3672 1¹⁰2}ss
1889 3553 2608 3673 {Poffiimau‘mpfflm

816 3637 853 3672 v
1430 3659 1442 3671 .

665 3687 817 3744 1574.
868 3685 1065 3754 (Μέση.
1117 3635 1196 3742 αξ
1239 3686 1422 3742 0οηἀὸ
1472 3687 1568 3742 vl.
1622 3685 1692 3741 70
1730 3709 1746 3738 .-
1799 3686 1923 3752 (ffl-
1967 3685 2295 3754 Noenum)
2347 3702 2486 3743 ceux
2535 3687 2605 3742 de

661 3758 829 3813 Gai-0
864 3761 1097 3826 svoyent
1131 3758 1295 3810 escrit
1329 3772 1398 3810 au
1432 3756 1550 3810 Duo
1583 3755 1653 3809 de
1670 3755 2036 3826 wirtember-g
2066 3757 2121 3810 le
2192 3756 2337 3811 riant
2368 3756 2439 3810 de
2475 3771 2606 3810 von·

663 3827 767 3881 loir
812 3829 997 3879 entrer
1045 3841 1176 3879 avec
1221 3841 1324 3878 eux
1362 3841 1430 3878 en
1477 3824 1791 3879 conferenee
1841 3824 1910 3878 de
1959 3824 2014 3877 la
2048 3840 2148 3878 oon
2172 3865 2184 3876 .
2222 3824 2608 3894 d’Augsbourg

660 3911 730 3949 en
766 3894 1001 3965 laquelle
1036 3894 1104 3948 ils
1138 3893 1452 3976 dqnuoyent
1485 3909 1779 3976 esperanoe
1812 3893 1881 3948 de
1915 3893 2128 3947 vouloir
2163 3901 2308 3947 estre
2344 3893 2609 3975 instruits.

660 3961 2073 4114 {⁰3;..3“2‚⁰3⁹.2.⁰;.‚⁸;..„.“⁹¹{22223.2.3.220222
2104 3961 2279 4114 ...ᾖ
2294 3961 2517 4088 flmm-
2484 3963 2608 4086 ⁰⁰32

663 4101 876 4168 defilno
917 4100 2608 4171 Worteaberancuommnoquaemononcratxutunduo-

663 4169 1045 4239 &viam-tum
1099 4184 1309 4225 annum
1360 4170 1553 4238 agebat
1601 4174 1823 4239 eratque
1871 4171 1898 4222 i
1976 4170 1986 4181 ‘
2058 4170 2109 4223 is
2158 4169 2368 4234 nebulo,
2416 4169 2614 4239 paucis

704 4239 790 4292 ost
821 4241 987 4294 annis
1021 4241 1335 4295 morimur.
1406 4237 1730 4307 Lanquetuo
1771 4252 1898 4292 vero
1987 4277 2001 4290 .
2038 4236 2140 4291 189
2175 4239 2227 4291 d.
2264 4237 2320 4293 d.
2356 4236 2440 4292 10.
2478 4238 2607 4293 Ian.

662 4252 797 4362 goes
829 4307 1013 4363 habee=
1061 4308 1404 4363 Conveniunt
1438 4307 1666 4361 Nanceii
1707 4320 1894 4360 omnes
1927 4306 2207 4376 Principes
2242 4307 2612 4377 Letharingiei

662 4391 732 4429 ae
776 4376 938 4430 etiam
985 4376 1204 4445 quidam
1247 4390 1317 4431 ex
1362 4376 1555 4432 vicinis
1597 4376 1898 4430 Germanis.
1966 4375 2143 4429 Audio
2187 4377 2334 4430 inter
2378 4377 2489 4430 alia
2531 4376 2612 4432 ibi

667 4444 756 4513 agi
801 4444 870 4497 de
921 4445 1169 4515 coniugio
1215 4444 1313 4499 filii
1348 4445 1411 4500 Bi
1525 4445 1627 4499 tini
1675 4452 1734 4499 et
1776 4445 1980 4498 sororis
2025 4444 2177 4497 ducis
2222 4443 2609 4515 Lotbaringioi,

668 4528 808 4633 alnae
852 4518 938 4566 est
986 4513 1178 4568 haeres
1212 4513 1597 4584 Lotbarmgiae
1647 4515 1694 4568 si
1746 4513 1916 4567 frater
1958 4512 2189 4566 decedat
2234 4514 2350 4568 sine
2403 4514 2609 4569 liberis.

721 4582 866 4634 ’cunt
902 4582 1181 4636 Brentium
1220 4585 1539 4639 accersitum
1574 4582 1645 4638 ad
1682 4599 1805 4636 eum
1839 4587 2180 4636 conventum.

2142 366 2671 437 EPISTOLAE
2728 368 3155 436 3704-3707

4490 367 4599 433 268

3571 554 3769 629 8705.

3093 713 3450 781 estvm
3494 715 3557 780 A
3596 714 3691 781 M.
3729 713 3857 780 mr
3902 711 4219 780 Passis.

2866 884 3023 952 Note
3064 885 3299 971 am
3341 886 3385 951 ὰ
3436 887 3507 952 za
3561 885 3731 952 tem
4180 886 4368 967 ame
4424 884 4486 950 ια
4522 885 4607 951 re-

2688 972 2926 1054 oeption
2966 972 3150 1039 ἄκουε
3191 977 3370 1038 anam
3411 972 3489 1039 dc
3529 883 4152 1056 {amm
4189 969 4414 1056 Passy.

2690 1142 2933 1209 (Minute
2976 1143 3234 1214 orginale.
3301 1144 3443 1198 Bibl.
3492 1143 3562 1197 de
3611 1143 3850 1198 Geneve.
3911 1144 4035 1200 Vol.
4073 1141 4187 1207 10⁷,
4236 1143 4274 1194 f.
4311 1140 4416 1197 142
4465 1160 4514 1195 v.
4555 1169 4609 1183 -

2695 1213 2801 1268 Les
2835 1213 3016 1283 copies
3050 1214 3267 1268 suivant
3311 1218 3536 1283 partout
3583 1213 3641 1267 la
3683 1212 3846 1267 lettre
3888 1212 3961 1267 dn
3999 1211 4072 1266 24
4116 1212 4251 1267 dont
4295 1212 4502 1266 celle-ei
4542 1218 4614 1266 est

3204 1298 3310 1336 une
3344 1280 3538 1350 espeee
3567 1282 3640 1336 de
3669 1282 4124 1353 post-scriptum.)

2866 1452 3223 1531 Monsieur,
3269 1474 3460 1537 apres
3503 1452 3600 1522 les
3642 1462 3977 1537 presentes
4016 1451 4348 1535 escriptes,
4392 1454 4496 1538 iay
4528 1474 4615 1518 re-

2695 1560 2817 1607 ceu
2860 1539 2957 1606 les
2998 1547 3256 1606 vostros
3280 1544 3332 1619 ¹)
3371 1559 3494 1623 par
3535 1538 3880 1623 lesquelles
3921 1539 4032 1625 iay
4074 1537 4365 1605 entendu
4407 1538 4470 1605 le
4507 1536 4618 1604 bon

2698 1626 2874 1692 desir
2936 1646 3062 1708 que
3116 1645 3283 1693 vous
3335 1644 3492 1691 avez
3548 1625 3628 1691 de
3671 1634 4016 1691 retourner
4056 1644 4176 1708 par
4217 1624 4398 1711 deca,
4440 1634 4618 1709 quant

2696 1720 2920 1777 vostre
2963 1725 3172 1777 terme
3215 1731 3364 1777 sera
3402 1712 3648 1795 expire.
3718 1709 3793 1777 Ie
3837 1732 3998 1776 vous
4033 1730 4295 1778 asseure
4335 1711 4481 1777 bien
4510 1730 4618 1795 que

2698 1806 2917 1864 vostre
2975 1806 3198 1863 retour
3253 1818 3420 1863 nous
3472 1796 3818 1882 resioyroit
3873 1796 4022 1880 plus
4075 1817 4202 1880 que
4242 1797 4308 1862 ie
4351 1817 4436 1863 ne
4477 1817 4620 1864 vous

2698 1881 2886 1960 dicta,
2930 1892 2997 1948 et
3038 1902 3126 1948 ne
3168 1883 3427 1949 tiendra
3467 1904 3585 1966 pas
3629 1904 3671 1949 a
3714 1902 4122 1968 poursuyvre
4163 1893 4393 1950 nostre
4435 1881 4620 1948 droiet

2698 1990 2826 2052 que
2902 1989 3066 2035 nous
3144 1989 3229 2034 ne
3292 1990 3456 2036 vous
3519 1969 3945 2035 recouvrions
4008 1968 4071 2034 le
4135 1969 4425 2052 plustost
4484 1967 4621 2052 qu’il

2697 2075 2866 2121 nous
2920 2076 3069 2122 sera
3125 2054 3424 2139 possible.
3504 2053 3694 2139 Vray
3749 2061 3852 2121 est
3901 2075 4027 2138 que
4083 2054 4331 2121 devant
4372 2056 4622 2139 quavoir

2699 2161 2892 2208 receu
2969 2161 3088 2208 von
3151 2139 3350 2207 letres
3415 2162 3580 2207 nous
3641 2140 3920 2207 navions
3962 2162 4085 2224 peu
4142 2140 4396 2207 refuser
4448 2161 4487 2205 a
4525 2161 4624 2206 vos

2699 2247 2863 2312 gens
2921 2225 3002 2293 de
3058 2226 3331 2303 Nevers‚
3390 2248 3485 2313 ny
3543 2246 3827 2292 mesmes
3869 2247 3911 2292 a
3951 2226 4290 2292 Monsieur
4333 2225 4397 2292 le
4438 2225 4626 2293 Gonte

2701 2314 2843 2380 leur
2888 2310 3228 2378 demands.
3304 2312 3468 2379 Mais
3509 2312 3592 2379 sil
3634 2333 3722 2378 ne
3765 2312 3972 2378 tenoit
4010 2333 4140 2395 qua
4182 2312 4624 2390 soubshaister,

2700 2401 2756 2465 si
2800 2399 3171 2550 aYmcrions
3204 2419 3371 2498 nous
3394 2397 3808 2550 mieulztilogsr
3843 2396 4122 2568 derout?⁵
4154 2419 4279 2550 (ὲιθιξ
4309 2397 4625 2551 ἑίοηΡὶαξε·

2700 2507 2809 2554 ser
2870 2505 2910 2551 a
2961 2505 3325 2568 pomeri
3367 2506 3497 2551 aux
3540 2505 3582 2550 a
3788 2535 3803 2549 .
3960 2505 4091 2549 uan
4355 2505 4393 2550 e
4493 2504 4623 2560 ans,

2699 2571 2765 2636 ie
2829 2571 3045 2637 crains
3088 2570 3227 2654 quil
3434 2571 3529 2636 ait
3584 2591 3667 2636 eu
3723 2569 3953 2635 fraude
4008 2578 4052 2636 a
4093 2592 4172 2637 su
4216 2571 4466 2654 primer
4505 2589 4626 2635 mes

2700 2657 2953 2737 lettres,
3016 2676 3266 2723 comme
3282 2592 3378 2721 'ff
3401 2678 3448 2741 y
3491 2678 3574 2722 en
3618 2677 3659 2721 a
3700 2655 4114 2739 auiourdhuy
4201 2676 4491 2741 eaucoup
4533 2654 4628 2738 qui

2701 2764 2822 2827 par
2864 2742 3042 2809 leurs
3083 2741 3268 2809 folles
3313 2739 3655 2810 devotions
3697 2749 3767 2807 et
3803 2741 4339 2826 phantasticques
4381 2763 4468 2808 ne
4506 2742 4628 2808 font

2702 2828 2824 2895 nul
2883 2828 3189 2912 scrupulo
3246 2827 3328 2893 de
3372 2837 3662 2910 tromper
3706 2838 3772 2892 et
3813 2828 4222 2894 circunvenir
4263 2828 4363 2894 les
4406 2826 4629 2894 aultres

2704 2914 2958 3000 eglises.
3043 2912 3149 2980 La
3182 2933 3429 2980 somme
3470 2914 3667 2979 estoit
3707 2934 3833 2996 que
3876 2934 4038 2980 vous
4079 2913 4507 2999 regardissiez
4525 2911 4560 2954 ⁴*
4595 2919 4630 2976 a

2705 3008 2924 3067 vostre
2966 2998 3322 3066 diseretion
3364 3018 3439 3064 ce
3481 2999 3593 3081 qui
3635 3000 3834 3066 seroit
3872 2999 4222 3083 expedient
4254 2999 4338 3068 de
4371 3000 4549 3079 faire,
4577 3006 4632 3064 et

2706 3087 2764 3151 si
2822 3107 2981 3153 vous
3037 3086 3249 3171 iugiez
3304 3105 3433 3168 que
3487 3093 3711 3152 vostre
3767 3106 4079 3169 presence
4130 3086 4268 3168 fust
4308 3086 4562 3171 requise
4597 3092 4632 3149 a

2705 3172 2920 3250 Paris,
2999 3173 3062 3238 ie
3136 3191 3303 3238 vous
3380 3170 3582 3254 priois
3659 3169 3742 3237 de
3818 3171 4068 3237 vouloir
4130 3173 4423 3239 seoourir
4478 3179 4631 3239 ceste

2708 3258 2911 3343 eglise
2967 3259 3051 3338 la,
3103 3256 3284 3324 selon
3341 3254 3558 3341 quelle
3612 3267 3716 3324 est
3758 3256 3892 3323 dim
3977 3269 4217 3324 rtance.
4308 3257 4486 3325 Mais
4521 3257 4632 3322 iac-

2706 3343 2965 3411 tendrai
3020 3345 3428 3410 maintenant
3481 3351 3706 3412 vostre
3756 3363 3903 3410 reso
3930 3345 4116 3411 ution
4167 3342 4368 3410 finale
4423 3364 4536 3409 sur
4580 3341 4633 3407 le

2707 3442 2867 3497 tout.

2877 3512 2928 3583 S
3058 3536 3208 3601 uoy,
3254 3516 3615 3594 Monsieur,
3658 3534 3848 3597 apres
3888 3525 4130 3582 mestre
4173 3514 4255 3581 de
4296 3514 4525 3582 rechef
4546 3533 4634 3578 re-

2706 3621 3004 3669 comman
3051 3609 3088 3668 e
3144 3622 3186 3666 a
3241 3611 3465 3668 vostre
3520 3598 3734 3666 bonne
3789 3621 4004 3686 grace,
4062 3611 4131 3667 et
4173 3599 4254 3667 de
4297 3599 4634 3667 madamoi·

2707 3686 2883 3768 selle,
2902 3690 2959 3765 2)
3012 3698 3081 3753 et
3134 3687 3216 3753 de
3273 3710 3393 3754 noz
3450 3707 3640 3771 amys
3694 3685 3774 3751 de
3830 3707 3952 3771 par
3994 3684 4158 3767 dela,
4225 3689 4289 3754 ie
4331 3687 4517 3771 feray
4553 3686 4634 3750 fin

2707 3774 2929 3858 priant
2990 3773 3163 3839 Dieu
3232 3794 3396 3839 vous
3459 3771 3634 3838 tenir
3698 3774 4032 3839 tonsiours
4096 3795 4180 3840 en
4256 3793 4331 3839 sa
4408 3772 4634 3839 saincte

2708 3859 2931 3945 garde,
2975 3870 3046 3924 et
3082 3880 3241 3926 vous
3282 3858 3633 3926 aecroistre
3648 3857 3705 3944 ⁸)
3747 3880 3832 3924 en
3876 3869 4027 3924 tous
4067 3859 4164 3925 les
4207 3858 4376 3925 dons
4410 3857 4493 3924 de
4529 3876 4636 3922 suu

2709 3945 2931 4029 esprit,
2973 3946 3215 4010 faisant
3256 3945 3523 4029 profiter
3565 3953 3785 4011 vostre
3827 3944 4055 4011 labeur
4097 3953 4142 4011 a
4180 3944 4635 4012 l’avancemeut

2708 4031 2792 4098 de
2834 4053 2957 4099 son
2997 4051 3216 4116 regne.
3302 4031 3411 4098 De
3456 4029 3744 4108 Geneve,
3789 4051 3863 4097 ce
3907 4033 4008 4097 28.
4043 4031 4305 4116 janvier
4357 4032 4535 4095 1562.

2710 4220 2895 4276 8⁷0&
2915 4219 2981 4358 ‘B
3008 4235 3301 4344 atherius
3344 4288 3419 4341 du
3640 4303 3756 4369 rue,
3802 4303 3974 4341 veuve
4017 4283 4318 4368 d'Etienne·
4337 4288 4416 4343 Le
4449 4284 4631 4348 Gresle,

2713 4375 3010 4430 procureur
3056 4375 3125 4412 au
3160 4357 3410 4411 Obstelet
3453 4356 3523 4409 de
3603 4373 3733 4424 ans,
3782 4372 3915 4410 avec
3956 4356 4189 4427 laquelle
4225 4356 4464 4426 Spitame
4507 4352 4635 4407 avait

2712 4433 2999 4510 entretenu
3033 4426 3130 4482 des
3162 4426 3422 4481 relations
3445 4425 3519 4479 du
3554 4424 3742 4479 vivant
3772 4424 3843 4505 de
3876 4441 3973 4479 son
4007 4426 4177 4509 mari..
4214 4426 4319 4481 Sur
4352 4427 4408 4479 la
4435 4423 4633 4506 presen-

2711 4503 2887 4578 tatiqn
2922 4495 3046 4552 d'un
3090 4494 3220 4578 fau?
3254 4499 3485 4562 oonmt,
3532 4493 3654 4548 leur
3685 4507 3926 4564 manage
3960 4500 4109 4549 svart
4147 4495 4238 4549 ete
4271 4494 4496 4574 celebre·
4515 4491 4636 4546 daus

2712 4564 2917 4646 l’eghse
2951 4565 3021 4619 de
3046 4563 3292 4644 ,Oenei-e.
3363 4562 3456 4619 La
3496 4562 3702 4644 (raude
3744 4568 3919 4631 ayant
3966 4560 4050 4620 e'td
4099 4561 4427 4630 decenum,
4480 4562 4539 4641 11·
4566 4559 4636 4639 ξύ

2713 4649 3061 4706 empnsoune
3093 4649 3300 4687 comme
3337 4631 3599 4698 adultere,
3645 4648 3705 4685 se
3739 4640 4005 4687 reconnut
4037 4633 4300 4703 coupable
4334 4640 4390 4688 et
4422 4631 4635 4707 sollicita

2714 4720 2783 4757 en
2817 4702 2946 4757 vain
2996 4701 3126 4756 l'ind
3220 4717 3350 4755 enee
3401 4701 3471 4754 de
3522 4715 3610 4784 ses
3654 4699 3813 4772 juges
3849 4702 3983 4784 qui„
4013 4718 4115 4784 par
4148 4719 4222 4756 un
4273 4698 4431 4755 exoes
4480 4697 4544 4752 de
4574 4712 4635 4748 n-

2711 4787 2908 4895 ffieur,
2955 4772 3158 4894 14)ιὲἓὲ
3197 4767 3485 4906 οἳιόὲεοέξ
3522 4787 3556 4823 s
3588 4775 3748 4824 mort.
3821 4769 3868 4824 11
3918 4776 4064 4840 pent
4113 4787 4209 4825 sur
4257 4766 4546 4825 Pectat-ud
4590 4764 4636 4816 10

2785 4881 2797 4892 .
2833 4856 2980 4895 mars

2917 4908 2979 4976 3)
3010 4879 3302 4977 minpur
3339 4906 3431 4961 Bt.
