4850 6117
624 368 753 432 491

626 553 801 621 Nam
842 551 1039 619 audio
1080 549 1347 618 illorum
1401 571 1545 618 esse
1601 568 1858 630 novem,
1905 553 1945 617 6
1989 549 2239 619 scilicet
2279 555 2579 634 pastores

629 647 698 706 et
740 643 779 705 3
824 637 1143 717 diaconos,
1208 637 1323 722 qui
1367 657 1519 704 oum
1562 657 1682 703 suo
1720 637 2021 721 episcopo
2062 636 2235 704 facta
2274 635 2577 700 coniurar

627 726 804 791 tione
866 722 1324 791 constituerint
1386 743 1511 789 sua
1572 723 1791 807 potius
1842 721 2212 788 ministeria
2275 719 2577 788 deserere

627 831 822 896 quam
863 809 1308 875 defensionem
1351 829 1512 875 suae
1552 829 1804 875 causae.

798 894 999 979 Apud
1042 893 1303 960 Vallem
1345 893 1719 961 Marianam
1758 895 1830 959 in
1876 892 2135 978 Fiyonii
2176 892 2390 962 locum
2442 891 2578 959 suf-

626 982 835 1049 fectus
876 989 977 1048 est
1018 979 1085 1046 N
1083 979 1332 1048 icolaus
1374 979 1776 1059 Ram-iscus,
1803 981 1862 1058 2)
1904 979 2029 1046 1ι8ο
2065 987 2288 1046 tamen
2322 979 2469 1063 lege
2502 985 2579 1044 ut

628 1066 938 1135 articulos
980 1086 1021 1130 a
1066 1065 1316 1133 Golonio
1358 1067 1636 1150 scriptos
1679 1065 2076 1150 approbarit,
2143 1073 2212 1131 et
2253 1062 2383 1130 fide
2425 1063 2581 1131 data

628 1174 778 1221 oum
821 1149 1242 1219 iureiurando
1283 1158 1353 1218 et
1386 1152 1665 1237 principi
1700 1161 1769 1218 et
1800 1150 2184 1219 consistorio
2218 1150 2579 1218 solenniter

674 1238 1019 1315 remiserit,
1057 1258 1128 1304 se
1161 1238 1661 1306 observaturum
1698 1257 1864 1321 quae
1898 1237 1970 1305 in
2006 1238 2102 1303 eis
2135 1239 2380 1322 scripta
2400 1242 2576 1303 sunt.

627 1260 826 1406 {Quod
860 1324 920 1390 si
960 1324 1187 1390 fecerit
1237 1323 1262 1387 i
1308 1323 1445 1390 sius
1500 1345 1700 1408 opera
1751 1344 1885 1389 non
1942 1324 2071 1389 erit
2126 1322 2226 1388 illi
2268 1321 2578 1389 ecclesiae

628 1410 903 1477 inutilis.
993 1410 1218 1490 Quum
1318 1428 1393 1477 oc
1447 1409 1937 1490 intellexissem,
1999 1408 2232 1492 scripsi
2295 1408 2379 1474 ad
2423 1428 2579 1474 eum

628 1496 857 1562 literas
910 1496 980 1562 in
1036 1494 1274 1579 quibus
1329 1494 1517 1560 illum
1571 1494 1880 1563 admonui
1935 1496 2039 1561 sni
2095 1494 2311 1572 officii,
2370 1494 2578 1560 amice

629 1580 1050 1665 compellans,
1110 1581 1266 1664 quia
1307 1581 1677 1648 existimavi
1732 1581 1885 1665 plus
1927 1579 2101 1665 apud
2154 1580 2346 1646 illum
2404 1578 2579 1647 effici

629 1688 820 1751 posse
862 1666 1128 1733 lenitate
1168 1686 1364 1750 quam
1407 1669 1773 1751 asperitate.

801 1753 1041 1819 Petrus
1083 1751 1493 1820 Foumelaus
1537 1763 1760 1837 pastor
1802 1751 2108 1820 ecclesiae
2132 1749 2576 1819 Oatalaunen-

631 1839 724 1905 sis
743 1842 798 1923 ³)
863 1839 1044 1904 iussu
1096 1839 1365 1924 reginae
1423 1841 1656 1905 matris
1721 1840 1826 1922 (ut
1886 1838 2126 1923 fertur)
2192 1837 2467 1905 ecclesia
2508 1844 2577 1903 et

630 1924 791 1991 urbe
834 1923 1060 2008 pulsus
1103 1931 1204 1990 est
1246 1945 1398 1990 cum
1440 1946 1647 1990 uxore
1689 1934 1759 1990 et
1798 1923 2037 1989 liberis.
2125 1924 2229 1990 Ne
2267 1922 2577 1990 mmoensi

631 2010 940 2078 ecclesiae
982 2008 1195 2075 simile
1237 2011 1579 2095 contingat
1620 2030 1948 2077 veremur.

799 2094 905 2160 De
949 2094 1190 2161 auxilio
1233 2098 1607 2179 germanico
1652 2106 1719 2161 et
1750 2115 1914 2178 quae
1948 2095 2035 2160 sit
2067 2117 2216 2179 spes
2249 2114 2333 2160 ex
2375 2093 2575 2160 Dom-

634 2182 1020 2249 martiniano
1041 2181 1233 2246 modo
1254 2181 1495 2247 audies.
1545 2180 1869 2247 Dominus
1907 2187 2253 2248 conservet
2287 2188 2576 2246 vestram

629 2267 967 2334 ecclesiam
1014 2275 1081 2331 et
1122 2266 1406 2350 reliquas
1450 2288 1619 2351 quae
1661 2267 1881 2350 aliqua
1921 2266 2233 2331 fruuntur
2271 2285 2450 2349 pace,
2507 2274 2577 2331 et

675 2360 930 2438 retegat
972 2351 1133 2417 alias
1174 2373 1340 2435 quae
1381 2353 1451 2418 in
1494 2353 1824 2437 praesenti
1864 2361 2215 2419 versantur
2265 2350 2572 2436 periculo,

698 2437 804 2504 ale
856 2440 928 2503 in
972 2436 1275 2517 Domino,
1334 2438 1443 2505 vir
1486 2438 1861 2517 clarissime,
1928 2445 1998 2503 et
2053 2438 2263 2505 nostri
2317 2438 2387 2504 in
2443 2437 2574 2504 tuis

630 2523 933 2608 precibus
976 2524 1370 2591 memineris.
1459 2524 1886 2609 Argentorati
1928 2526 2029 2589 28.
2074 2523 2233 2590 Iulii
2281 2525 2463 2588 1562.

1397 2643 1773 2711 Gulielmus
1813 2643 2183 2711 Holbracus
2226 2651 2398 2711 tuus.

1508 3156 1700 3229 8831.

1124 3311 1616 3379 FARELLUS
1665 3311 2100 3380 OALVINO.

805 3481 1088 3548 Nomina
1128 3487 1186 3547 et
1224 3483 1469 3566 περσεία
1500 3484 1574 3548 in
1607 3503 1854 3550 somam
1878 3485 2172 3567 producit
2202 3489 2373 3551 sueto
2407 3504 2576 3552 more

629 3572 700 3633 ut
729 3565 825 3634 vel
865 3567 1020 3651 quid
1061 3567 1184 3633 sibi
1219 3568 1363 3635 velit
1401 3568 1895 3652 haudquaquam
1928 3570 2406 3653 perspiciamus.

633 3738 748 3804 (Ex
800 3739 1139 3861 autogrggho
1184 3738 1313 3794 Cod.
1360 3740 1563 3795 Genev.
1609 3738 1728 3804 115,
1779 3738 1871 3794 fol.
1920 3738 2023 3794 146
2073 3741 2195 3796 coll.
2245 3757 2296 3797 c.
2343 3743 2574 3812 exempl.

632 3807 909 3862 Turi-otini
957 3806 989 3859 1
1059 3848 1073 3875 ,
1125 3808 1218 3863 fol.
1252 3805 1384 3877 341,
1435 3809 1580 3932 Ῑξροχί.
1614 3825 1793 3946 Ῑοςέιῖῗ.
1830 3808 1920 3865 VI.
1970 3827 2030 3880 p.
2064 3808 2202 3864 1020
2252 3814 2310 3865 et
2355 3811 2575 3866 Simleri

803 4046 1022 4128 Quam
1063 4048 1628 4132 praestantissimo
1654 4048 1907 4116 Christi
1948 4071 2138 4117 servo
2174 4049 2267 4116 Io.
2293 4050 2575 4119 Calvino

630 4133 877 4218 pastori
920 4132 1228 4200 ecclesiae
1270 4133 1682 4203 Genevensis
1723 4133 1919 4202 fratri
1959 4144 2026 4201 et
2066 4144 2471 4222 symmystae
2503 4139 2574 4204 in

630 4219 861 4301 pnmis’
807 4219 822 4233 ⁸
903 4219 1324 4318 observando.
2069 4306 2401 4375 Gemme-

801 4438 874 4506 S.
920 4440 1055 4522 Qui
1116 4442 1341 4508 literas
1401 4441 1519 4508 tibi
1577 4441 1864 4508 reddidit
1925 4450 2026 4509 est
2096 4445 2155 4510 is
2220 4444 2575 4513 advocatus

630 4533 852 4591 noster
915 4527 1028 4611 qui
1090 4527 1362 4594 consilio
1417 4535 1483 4594 et
1546 4528 1800 4595 viribus
1856 4528 2049 4595 valet.
2151 4530 2378 4612 Quum
2444 4553 2575 4599 non

630 4608 898 4676 redierit
958 4613 1230 4680 coniicio
1288 4635 1438 4679 eum
1512 4635 1662 4681 cum
1726 4615 1871 4681 aliis
1934 4616 2297 4697 profectum
2349 4617 2572 4685 fuisse.

633 4694 942 4763 Christus
1003 4718 1226 4766 omnes
1283 4708 1505 4767 servet
1571 4702 1938 4784 efficiatque
1999 4709 2078 4768 ut
2138 4724 2302 4787 pure
2350 4726 2576 4773 omnes

834 4933 897 5002 2)
932 4933 1011 4990 N.
1058 4935 1209 5019 3826.
1254 4944 1364 4994 not.
1412 4939 1459 4993 1.
1544 4940 1686 4995 Olim
1730 4942 1960 5066 inot‘fso
2005 4943 2208 5012 opp-‘ao
2256 4942 2313 5000 S.
2353 4944 2578 5001 Mariae

631 5003 885 5059 sacerdos
932 5005 1248 5072 ponttficsus
1293 5008 1496 5073 fuerat.
1567 5009 1749 5079 Nuper
1925 5025 2087 5068 saera
2138 5012 2238 5080 ref.
2286 5027 2580 5070 coamens

629 5072 701 5123 F·
734 5075 861 5128 onio
895 5082 1221 5155 Quaerat
1255 5075 1308 5129 d.
1341 5075 1427 5129 27.
1465 5077 1573 5133 1u1.
1616 5085 1741 5147 post
1852 5096 1904 5134 m
1934 5081 2208 5149 polliciano
2242 5088 2322 5138 est
2352 5097 2409 5137 se
2442 5084 2580 5140 arti-

718 5158 780 5198 os
811 5142 1138 5210 disaplinae
1170 5160 1208 5198 a
1227 5144 1509 5211 Mau-buno
1541 5155 1877 5218 conseo-spice
1908 5156 1962 5207 et
1992 5166 2032 5205 a
2065 5149 2309 5208 Domino
2341 5153 2583 5212 sancitos

629 5211 1037 5348 obseremus
1043 5211 1291 5337 3(511)9non
1316 5228 1381 5284 p.
1416 5212 1525 5283 19).

2145 358 2665 433 EPIS'DOLAE
2707 360 3132 427 asso—3833

4477 369 4581 435 4⁹2

2680 547 3041 615 Dominum
3105 549 3415 615 serviant.
3502 549 3697 617 Mora
3758 570 3962 635 supra
4023 549 4289 619 modum
4349 551 4586 622 moleste

2678 634 2825 712 fuit,
2862 653 3027 719 quae
3063 641 3199 700 tam
3233 634 3461 701 multis
3493 634 3852 720 perniciem
3886 635 4128 705 attulit.
4195 634 4522 706 Μουκίας
4542 643 4585 723 ι)

2678 719 2848 785 mihi
2868 719 3060 786 valde
3086 719 3352 804 placuit,
3398 722 3509 804 qui
3551 742 3705 788 mox
3748 743 3906 787 mox
3926 725 3961 763 ⁶
4000 721 4444 805 impetendum
4461 722 4590 793 hos-

2680 813 2816 871 tem
2865 806 3167 873 invocato
3212 805 3500 872 Domino
3556 808 3811 875 censuit
3853 815 3921 874 et
3960 808 4245 879 obtinuit
4278 808 4460 875 solus.
4532 813 4588 878 Δ

2680 891 3018 975 sanguine,
3093 892 3206 958 ubi
3267 891 3546 960 victoria
3587 914 3899 977 praesens
3961 905 4123 973 erat,
4189 894 4487 961 abstinuit
4532 906 4590 963 et

2676 997 2952 1061 prorsus
2994 999 3035 1043 a
3075 977 3337 1060 praeda,
3375 980 3678 1061 quamvis
3720 979 3833 1045 alii
3865 978 4139 1065 indigne
4169 980 4402 1059 ferant,
4432 1002 4592 1064 prae-

2679 1064 3023 1215 ⁰³P⁰⁰N23³
3037 1062 3457 1234 {meito‘ffl
3491 1064 4023 1221 gximhaufissssss‘ssssi
4045 1065 4388 1219 &3133
4389 1076 4593 1221 ¹¹⁸1&

2678 1235 3003 1319 quomodo
3066 1234 3202 1301 fere
3225 1239 3261 1275 ⁴*
3305 1244 3521 1321 potest
3583 1245 3722 1302 tam
3785 1237 3981 1322 longo
4047 1248 4343 1321 tempore
4397 1245 4595 1305 tantus

2680 1322 3026 1388 exercitus.
3137 1319 3273 1388 Sed
3358 1322 3531 1405 quod
3595 1322 3923 1409 aliquibus
3986 1324 4266 1409 contigit
4341 1322 4596 1391 ecclesiis

2678 1407 2890 1473 multo
2933 1417 3033 1473 est
3073 1407 3532 1475 calamitosius.
3597 1409 3803 1476 Pater
3844 1430 4040 1492 quam
4082 1409 4597 1477 clementissimus

2681 1514 2833 1560 snos
2876 1503 3097 1560 servet
3137 1493 3458 1578 faciatque
3513 1503 3587 1559 ut
3644 1496 3890 1579 passim
3932 1494 4242 1562 Christus
4284 1503 4505 1580 regnet
4543 1503 4599 1562 et

2678 1579 2892 1644 omnis
2940 1580 3243 1663 impietas
3294 1602 3332 1645 e
3390 1579 3602 1648 medio
3646 1580 3932 1657 tollatur,
3997 1581 4140 1647 sine
4197 1579 4368 1648 bello
4408 1580 4597 1665 gladio

2680 1674 2747 1730 et
2789 1666 3129 1750 sanguine,
3179 1673 3246 1730 et
3297 1673 3374 1732 ut
3409 1666 3729 1750 templum
3765 1665 4177 1735 aedificatum
4210 1667 4342 1731 fuit
4382 1667 4600 1734 nullius

2676 1750 2894 1816 mallei
2961 1751 3207 1817 securis
3272 1761 3388 1816 aut
3440 1752 3864 1819 instrumenti
3918 1753 4116 1818 ferrei
4176 1750 4399 1817 audito
4460 1774 4598 1820 sono

2676 1837 2979 1903 omnibus
3020 1837 3222 1921 probe
3266 1840 3613 1922 apparatis,
3679 1839 3776 1905 ita
3831 1859 4022 1905 suam
4078 1837 4377 1906 aedificet
4421 1838 4601 1907 eccle·

2676 1922 2845 1988 siam
2889 1922 3099 1988 multa
3139 1944 3316 2007 pace.

2854 2007 3042 2089 Quae
3085 2010 3454 2092 accepimus
3498 2008 3580 2075 de
3616 2011 3914 2094 principe
3956 2019 4024 2075 et
4058 2019 4268 2076 matre
4288 2014 4344 2089 ⁸)
4378 2010 4600 2095 collega

2677 2093 2933 2174 referet,
3003 2102 3073 2159 et
3123 2103 3201 2160 ut
3252 2115 3361 2160 res
3408 2104 3667 2162 nostrae
3710 2094 3975 2162 habent.
4065 2095 4423 2163 Molestum
4461 2095 4601 2161 mihi

2678 2188 2780 2246 est
2822 2179 2994 2263 quod
3037 2201 3143 2246 me
3183 2180 3515 2264 relinquit,
3538 2185 3596 2266 ⁴)
3638 2184 3939 2265 quamvis
3984 2202 4220 2266 parum
4264 2191 4379 2248 aut
4421 2202 4603 2267 paene

2677 2468 2933 2535 8881.1)
2971 2471 3213 2525 Anteius
3247 2475 3305 2524 et
3337 2471 3547 2526 Panion
3582 2472 3651 2525 de
3673 2470 3915 2543 Richieu,
3951 2473 4229 2543 seigneurs
4264 2473 4334 2526 de
4350 2472 4606 2539 Manvans,

2677 2540 2788 2593 dits
2832 2539 2901 2593 de
2934 2539 3217 2608 Monvans,
3262 2539 3358 2594 ne‘s
3403 2542 3437 2596 a
3471 2540 3777 2595 Castellane
3818 2559 3885 2596 en
3920 2542 4200 2596 Provence
4247 2542 4403 2595 d’une
4450 2543 4607 2596 bonne

2678 2608 2898 2675 samille,
2947 2610 3082 2662 mais
3133 2626 3382 2678 pauvres.
3451 2608 3636 2679 Apres
3670 2611 3825 2664 avoir
3857 2612 4003 2665 servi
4037 2627 4165 2666 sous
4200 2611 4457 2679 Franqois
4491 2611 4530 2664 L
4562 2614 4610 2664 et

2676 2677 2851 2732 Henri
2883 2677 2958 2734 11.
2990 2678 3059 2732 ils
3102 2676 3483 2733 retournerent
3527 2679 3657 2732 chen
3709 2695 3815 2733 eux
3848 2678 4007 2750 apres
4041 2681 4098 2734 18
4130 2681 4258 2750 paix
4301 2680 4369 2733 de
4403 2680 4612 2735 catsan-

2676 2746 2998 2801 Cambre'sis.
3080 2749 3264 2817 Ayant
3306 2747 3577 2802 embraced
3626 2748 3681 2801 la
3729 2748 3966 2803 reforme
4010 2749 4078 2802 ils
4112 2750 4166 2802 la
4197 2746 4553 2820 propaget-ent
4579 2748 4609 2801 a

2677 2814 3001 2870 castellane.
3081 2816 3186 2869 Les
3232 2816 3570 2884 catholiques
3614 2816 3873 2871 fanatises
3919 2818 4248 2871 assaillirent
4280 2818 4396 2872 leur
4430 2833 4609 2871 assem·

2678 2883 2818 2938 blec.
2889 2884 2967 2937 Le
3010 2885 3313 2953 parlament
3358 2884 3523 2939 d'Aix
3567 2900 3881 2954 commenca
3923 2903 3998 2940 nn
4042 2887 4239 2957 proces
4283 2892 4471 2940 contre
4500 2902 4610 2940 eux.

2678 2951 2829 3006 Dans
2862 2970 2935 3006 un
2968 2969 3181 3023 voyage
3215 2954 3342 3023 qn’il
3377 2954 3442 3007 fit
3474 2952 3508 3006 a
3537 2954 3884 3024 Draguignan
3920 2971 4060 3023 pour
4093 2972 4153 3009 se
4189 2961 4468 3009 concertor
4497 2969 4611 3008 avec

2678 3021 2758 3075 les
2795 3026 3130 3092 protestante
3177 3039 3271 3076 sur
3313 3023 3395 3075 les
3446 3038 3667 3092 moyens
3714 3023 3785 3076 de
3818 3023 4038 3078 defense
4075 3024 4310 3078 Antoine
4358 3023 4442 3077 fut
4489 3039 4610 3077 mu·

2676 3090 2831 3144 sacre
2877 3090 2930 3144 le
2978 3088 3064 3143 23.
3103 3088 3219 3144 Oct.
3268 3089 3421 3145 1559.
3491 3091 3628 3146 Paul
3673 3092 3941 3146 demanda
3977 3093 4178 3162 justice
4218 3094 4252 3148 a
4285 3093 4341 3146 18
4371 3108 4513 3148 cour.
4573 3091 4612 3144 11

2676 3158 2762 3212 fut
2793 3157 2882 3212 e‘ln
2917 3158 3044 3213 chef
3073 3159 3170 3213 des
3205 3165 3539 3228 protestante
3572 3159 3643 3215 de
3678 3161 3958 3215 Provenoe
4004 3178 4072 3215 en
4109 3160 4263 3217 1560.
4328 3161 4438 3216 Des
4472 3161 4532 3215 n'

2676 3227 2907 3281 ciations
2940 3225 3260 3282 emensi-ent
3300 3246 3374 3282 nn
3420 3235 3600 3299 temps
3652 3229 3722 3284 de
3764 3235 3889 3283 tran
3931 3229 4121 3284 nillite.
4188 3229 4508 3285 Ne‘anmoins
4563 3244 4615 3282 es

2678 3295 2966 3351 embdches
3001 3297 3137 3350 dont
3168 3297 3211 3351 il
3244 3314 3304 3352 se
3342 3298 3419 3351 vit
3464 3298 3761 3352 environne
3794 3298 3900 3353 l’ob
3925 3300 3937 3312 ‘
3984 3297 4135 3353 'rent
4168 3300 4237 3353 de
4272 3316 4331 3354 se
4366 3300 4557 3353 retiret
4583 3297 4613 3351 a

2676 3363 2913 3421 Geneve.
2979 3364 3027 3418 11
3061 3370 3250 3419 rentra
3293 3382 3360 3420 en
3398 3366 3605 3421 Franco
3650 3385 3719 3421 an
3754 3373 4213 3422 commencement
4258 3367 4328 3422 de
4363 3366 4509 3434 1562,
4540 3382 4613 3420 as-

2676 3434 2811 3488 sista
2844 3433 2880 3487 a
2913 3433 2968 3486 la
3000 3434 3147 3502 prise
3182 3434 3252 3487 de
3286 3434 3500 3505 Barjols
3535 3435 3587 3489 le
3621 3434 3674 3492 6.
3700 3453 3845 3491 mars
3881 3442 3940 3491 et
3990 3452 4050 3492 se
4082 3438 4185 3490 mit
4217 3454 4287 3491 au
4321 3438 4521 3491 service
4552 3435 4613 3490 de

2675 3502 2785 3555 Des
2831 3501 3046 3555 Adrets.
3121 3504 3268 3557 Avec
3300 3503 3541 3573 Cipieres
3584 3504 3624 3559 il
3659 3522 3851 3559 amena
3884 3505 3981 3559 des
4030 3520 4248 3560 seconrs
4282 3523 4387 3560 aux
4421 3510 4612 3576 protes·

2674 3575 2824 3624 tants
2866 3572 2936 3624 de
2971 3570 3251 3625 Provence
3295 3572 3639 3627 commandes
3685 3590 3786 3642 par
3822 3575 4059 3644 Beaujen
4104 3575 4175 3630 de
4207 3576 4425 3645 Boni-go
4493 3591 4526 3627 e
4563 3576 4614 3626 et

2675 3638 2871 3693 retires
2904 3639 2940 3693 a
2973 3639 3219 3694 Sisteron
3253 3658 3347 3696 sur
3380 3643 3435 3695 la
3468 3642 3731 3697 Duranoe.
3792 3643 3885 3697 An
3918 3649 4163 3698 moment
4195 3642 4265 3698 oti
4300 3645 4436 3698 Fare
4486 3642 4612 3697 ecri-

2675 3709 2794 3762 vait
2827 3713 2974 3762 cette
3007 3708 3171 3765 lettre
3204 3709 3247 3764 il
3279 3727 3316 3776 y
3349 3710 3487 3766 &tait
3520 3711 3728 3792 assiege
3773 3728 3875 3781 par
3906 3712 4241 3767 Sommerive
4291 3713 4346 3768 le
4379 3712 4501 3767 chef
4526 3710 4610 3763 des

2676 3776 2852 3831 forces
2895 3776 3097 3832 catholi
3139 3794 3249 3832 ues.
3318 3779 3506 3849 Ayant
3551 3780 3737 3849 epmse
3784 3798 3872 3835 ses
3907 3782 4203 3836 munitione
4238 3786 4297 3835 et
4327 3781 4613 3851 provisions

2675 3846 2718 3900 il
2753 3844 3074 3900 abandonna
3128 3864 3162 3899 a
3195 3848 3323 3902 ville
3358 3854 3417 3902 et
3449 3848 3723 3903 conduisit
3755 3866 3843 3903 ses
3879 3855 4104 3919 troupes
4140 3855 4199 3904 et
4231 3866 4334 3905 une
4352 3850 4519 3921 partie
4549 3848 4611 3902 de

2676 3914 2732 3967 18
2765 3916 3081 3981 population
3116 3915 3152 3969 a
3186 3917 3352 4008 Lyca.
3405 3916 3454 3971 11
3488 3923 3638 3971 resta
3672 3935 3746 3971 un
3781 3920 3877 3973 des
3911 3919 4034 3989 plus
4067 3920 4321 3973 vaillants
4355 3916 4492 3973 chets
4525 3917 4611 3970 des

2718 3989 3015 4037 retestants
3069 3984 3277 4054 ‘nequa
3321 4000 3385 4039 ce
3459 3985 3549 4039 u'il
3595 3987 3780 4056 perdit
3826 3988 3882 4042 la
3924 3989 4013 4041 vie
4059 3988 4194 4042 dans
4229 3988 4282 4041 le
4315 3989 4521 4042 combat
4549 3986 4611 4039 de

2678 4053 2978 4175 Pssw
3001 4002 3174 4175 1133}
3206 4003 3886 4180 ιέξαειῷθῗίεπῌῗὲοιὼῗ
3927 4071 4036 4180 ⁵1⁷2
4070 4071 4154 4181 οἷ’
4148 4055 4369 4195 103st
4391 4055 4455 4180 ’⁵13
4493 4069 4612 4179 11⁰1*

2668 4190 2904 4259 passim.
2971 4188 3145 4259 Haaq
3178 4191 3329 4246 VIII.
3365 4191 3487 4246 434.

2880 4258 2940 4324 2)
2960 4257 3208 4314 Duo-and
3225 4259 3293 4315 de
3306 4259 3589 4329 Ponteves,
3606 4260 3731 4330 Sry.
3752 4261 3820 4317 de
3833 4262 4113 4319 Flassans
4145 4263 4339 4318 consul
4353 4262 4420 4320 de
4433 4263 4486 4318 la
4498 4261 4611 4317 mm

2675 4326 2853 4382 d'Aioe
2886 4326 3059 4382 chaisi
3073 4343 3226 4397 potor
3248 4329 3371 4397 chef
3391 4345 3501 4400 par
3529 4332 3608 4385 les
3625 4332 3958 4401 catholiques
3987 4334 4055 4387 de
4072 4305 4366 4388 ,ῤ’-ουοηοε,
4402 4331 4606 4386 Homine

2674 4396 2821 4479 rude,
2834 4370 3092 4465 d’aspect,
3112 4406 3399 4469 menacant
3415 4409 3471 4455 et
3488 4403 3651 4467 cruel,
3671 4404 3850 4456 oultre
3869 4403 3997 4472 qn'il
4015 4404 4165 4456 avoit
4180 4401 4413 4470 dilapide
4429 4409 4482 4454 et
4495 4416 4609 4455 eon·

2673 4481 2826 4588 {322⁰
2837 4482 2917 4587 ..Ρ
2919 4473 3430 4592 3222201222‘01233
3494 4469 4606 4604 05:32⁰}3302ae2ai3zi⁶1.25⁶¹m

2674 4602 2744 4659 de
2777 4601 3058 4658 Provence
3101 4619 3155 4674 p.
3196 4604 3338 4673 170).
3409 4607 3639 4662 Homme
3683 4610 3906 4677 capable
3953 4610 4021 4663 de
4055 4580 4469 4679 conipromettre
4501 4614 4606 4661 tou-

2674 4678 2761 4726 tes
2803 4673 2885 4726 les
2931 4689 3118 4728 causes
3159 4692 3270 4745 ,par
3323 4692 3422 4730 son
3471 4678 3871 4732 enthousiasme
3916 4677 4187 4745 farouche,
4233 4695 4296 4732 sa
4328 4676 4524 4741 durate,
4550 4691 4604 4727 sa

2674 4742 2918 4796 violence
2954 4748 3012 4796 et
3057 4759 3155 4797 son
3191 4743 3493 4811 fanatisme,
3544 4762 3651 4815 que
3698 4762 3769 4800 ne
3803 4746 4165 4817 temperoient
4198 4748 4255 4801 ni
4290 4764 4394 4802 une
4430 4743 4605 4800 intelli·

2744 4827 2843 4864 nce
2878 4810 3108 4865 cultivee
3141 4813 3200 4864 ni
3234 4813 3314 4866 les
3348 4814 3670 4869 sentimenta
3704 4817 3924 4870 tendres
3958 4815 4029 4869 de
4062 4817 4117 4870 la
4148 4816 4366 4871 famille.
4431 4814 4600 4881 (Lan-

2827 4879 2863 4935 1.
2897 4893 2940 4932 c.
3020 4920 3029 4930 .
3069 4878 3218 4944 121.)
3271 4882 3502 4937 Homme
3537 4882 3648 4937 d’es
3687 4884 3762 4936 rit
3795 4886 3971 4939 mutin
4005 4890 4064 4939 et
4095 4885 4309 4939 vicienx
4344 4901 4410 4939 en
4442 4888 4595 4938 touta

2676 4954 2854 5003 sortes
2891 4894 3062 5014 (Hac.
3099 4949 3221 5004 eccl.
3257 4950 3301 5004 1.
3339 4949 3470 5017 894)
3507 4951 3577 5018 ef.
3666 4993 3676 5004 .
3712 4951 3868 5010 3737.

2884 5016 2938 5081 3)
2991 5018 3079 5071 La
3124 5019 3545 5076 danais-ienae
3594 5020 3811 5086 Rohan,
3857 5020 4597 5093 nau-quaedamst

2681 5085 2903 5141 Μυκον-
2936 5084 3044 5141 duc
3077 5085 3145 5141 de
3179 5086 3301 5141 Lon
3341 5088 3547 5146 nenive.

2886 5151 2974 5236 4),
2991 5154 3074 5221 Gt.
3111 5155 3186 5211 N.
3222 5104 3377 5210 3635.
3420 5158 3686 5228 Amand,
3729 5160 3817 5213 vir
3860 5158 4206 5216 doctissimus
4223 5200 4238 5225 ,
4294 5158 4596 5214 &borma-

2679 5221 3151 5289 sonassemma.
3197 5223 3333 5278 1561
3378 5227 3787 5297 abiissem
3857 5228 4107 5285 Exul.
4143 5224 4600 5285 mmmmdc-

2685 5307 2833 5347 ωιτη
2876 5297 3081 5349 aestate
3130 5291 3266 5348 1562
3312 5294 3643 5353 Nono-mu·
3690 5295 3987 5368 reliquisse.
4082 5295 4342 5366 Quaeritur
4374 5294 4602 5353 Fanum
