4850 6117
653 359 778 423 315

650 543 758 698 Pe
800 554 1018 615 vostre
1057 549 1727 620 maisonaPesenas
1771 551 2048 620 ce2du
2091 548 2590 617 moisdemars

697 636 839 700 562·
1461 723 1696 793 Vostre
1729 724 2061 791 obeissaut
2092 722 2418 789 serviteur

1745 809 1821 877 Ο.
1858 809 2133 876 Parran.

1521 1338 1716 1410 3781.

1158 1493 1403 1562 ΒΕΖΔ
1445 1489 2079 1561 BULLINGERO.

814 1670 1087 1739 Brevior
1139 1667 1364 1734 relatio
1418 1666 1494 1731 de
1549 1664 1733 1731 rebus
1777 1660 2296 1747 Iactatiueyestis
2335 1660 2594 1727 made

643 1763 838 1831 edicto
891 1755 1196 1824 Ianuarii
1246 1758 1303 1819 et
1351 1751 1647 1834 colloquio
1701 1768 1844 1816 cum
1905 1745 2594 1815 Sorbonietisitmde

639 1832 2596 2004 wwfldvdiiayeredobentinhoermm

645 2104 758 2171 (Ex
803 2120 875 2157 au
1068 2098 1141 2153 bo
1188 2096 1319 2151 Ood.
1362 2095 1563 2151 Genev.
1612 2092 1730 2160 118,
1779 2092 1868 2147 fol.
1913 2091 1965 2146 5.
2035 2092 2160 2145 Alia
2194 2106 2316 2145 exx.
2353 2089 2595 2212 remes

643 2175 704 2230 in
752 2171 885 2228 cod.
957 2168 1040 2235 19,
1083 2166 1178 2222 fol.
1212 2165 1297 2232 13,
1333 2171 1392 2219 et
1439 2163 1586 2246 1111»,
1629 2162 1722 2217 fol.
1758 2160 1844 2226 18,
1888 2161 2023 2243 item
2064 2178 2126 2214 m
2181 2158 2351 2215 Arcb.
2544 2173 2590 2211 c.

645 2240 963 2368 ξῖρὲῖἕιιι.
984 2236 1070 2301 24,
1104 2232 1336 2301 fol.142‚
1368 2251 1428 2287 ιιι
1463 2232 1604 2287 B1b1.
1642 2231 1979 2299 Sangallensi
2001 2229 2153 2284 Tem.
2189 2228 2274 2282 41.
2309 2226 2453 2298 Epp.
2472 2226 2595 2282 XII.

994 2325 1024 2360 r
1058 2318 1441 2359 amanuensem
1475 2301 1793 2369 Bullingeri,
1830 2299 2042 2355 Beruae
2074 2298 2159 2352 bis
2192 2298 2252 2351 in
2276 2297 2418 2367 Epp.
2443 2295 2596 2350 Tem.

646 2379 740 2436 VI.
774 2396 826 2448 p.
861 2324 994 2443 2583?
1018 2379 1077 2429 et
1110 2371 1264 2443 1039,
1297 2370 1500 2440 deniqu
1690 2368 1979 2424 Simlerum
2013 2367 2135 2422 Vol.
2158 2364 2280 2421 108.
2301 2394 2369 2406 —
2401 2364 2596 2419 Edidit

937 2444 1122 2499 Baum.
1158 2441 1228 2497 11.
1264 2441 1406 2510 App.
1442 2386 1655 2507 pelag:
1688 2435 1754 2493 cf.
1789 2436 2036 2506 Hottiug.
2074 2435 2202 2490 Vll.
2239 2433 2386 2503 ⁷62.)

646 2618 915 2689 Eximio
956 2614 1210 2682 Ohristi
1267 2631 1458 2679 servo
1499 2609 1584 2675 D.
1630 2609 1920 2675 Henrico
1961 2606 2348 2708 Bullingero
2390 2606 2595 2691 Tigu-

1018 2700 1202 2767 rinae
1243 2696 1553 2766 ecclesiae
1598 2715 1752 2761 vere
1794 2693 1924 2761 fido
1965 2700 2231 2777 pastun.

819 2874 890 2943 S.
936 2873 1176 2941 Paucis
1210 2871 1428 2955 accipe
1460 2875 1836 2935 nostrarum
1872 2865 2297 2933 ecclesiarum
2331 2871 2592 2930 statum.

647 2964 811 3032 Post
865 2960 1082 3029 varias
1137 2958 1517 3025 iactationes
1569 2952 1835 3020 tandem
1892 2952 2209 3035 scriptum
2264 2958 2369 3016 est
2419 2948 2594 3016 edic-

647 3058 792 3116 tum
844 3066 973 3133 quo
1028 3044 1219 3111 nobis
1272 3040 1655 3109 conceditur
1695 3040 1768 3104 in
1811 3036 2136 3105 suburbiis
2178 3032 2598 3121 praedicandi

649 3134 840 3201 verbi
883 3139 951 3198 et
991 3128 1662 3197 administrandorum
1696 3131 2253 3193 sacramentorum
2284 3129 2594 3207 potestas.

649 3218 962 3288 Edictum
985 3222 1040 3296 ¹)
1082 3217 1400 3302 scriptum
1458 3221 1558 3281 est
1610 3212 1830 3280 verbis
1873 3211 2034 3277 satis
2075 3208 2262 3275 duris
2301 3214 2370 3274 et
2411 3205 2596 3273 addi-

650 3313 763 3373 tae
840 3301 1199 3371 nonnullae
1273 3300 1677 3368 conditiones
1713 3318 1950 3382 parum
1992 3315 2255 3379 aequae.
2363 3293 2599 3378 Itaque

651 3389 1008 3479 sperabant
1059 3386 1417 3454 adversarii
1460 3386 1616 3464 fore,
1664 3393 1737 3450 ut
1779 3401 2116 3468 nunquam
2157 3379 2600 3465 acquiescere-

650 3499 819 3558 mus,
864 3486 931 3544 et
964 3472 1176 3540 civilis
1213 3472 1363 3539 belli
1397 3471 1804 3538 occasionem
1836 3470 2083 3536 iustam
2117 3466 2599 3552 praeberemus.

648 3565 790 3632 Nos
831 3582 986 3630 vero
1029 3556 1478 3643 praesentibus
1515 3557 1827 3636 contenti,
1872 3562 1941 3621 et
1971 3553 2227 3639 reliqua
2258 3559 2602 3637 sperantes

652 3672 695 3718 a
755 3648 1044 3715 Domino
1113 3644 1580 3728 acquievimus.
1690 3641 1870 3709 Hinc
1933 3639 2033 3706 illi
2094 3644 2332 3739 aperte·
2382 3638 2603 3704 furere

650 3741 1013 3891 ffictm.t'
1058 3742 1385 3884 gbltlilgfqu
1427 3748 1655 3880 {³3¹3
1691 3736 2114 3879 gtoeffibld:
2153 3726 2602 3911 gffhmentis,

655 3907 908 3977 duobus
972 3910 1239 3970 tantum
1301 3900 1611 3984 exceptis,
1677 3919 1914 3984 nempe
1955 3898 2415 3965 Divimonens1
2434 3895 2493 3981 ¹³)
2536 3901 2605 3961 et

655 4198 832 4256 8781.
860 4198 919 4262 1)
955 4192 1098 4250 Edit
1131 4192 1201 4248 de
1233 4191 1488 4246 Jaavier.

859 4265 918 4334 2)
952 4261 1102 4320 nist.
1137 4262 1257 4317 cccl.
1293 4261 1337 4316 1.
1370 4259 1502 4314 687.-
1537 4261 1587 4314 Il
1621 4259 1677 4314 u'
1746 4263 1841 4313 eut
1915 4274 1983 4312 ue
2016 4257 2159 4311 deux
2194 4272 2267 4312 ou
2300 4257 2439 4312 trois
2472 4255 2603 4310 Par·

655 4338 863 4391 lemens
896 4334 994 4403 qui
1025 4349 1086 4387 se
1119 4331 1430 4385 bastasseut
1463 4329 1534 4383 de
1566 4328 1679 4399 pub
1702 4329 1781 4381 'er
1801 4275 2028 4381 m‘diot:
2062 4327 2143 4380 les
2177 4333 2363 4381 autres
2397 4324 2606 4396 dilaye·

655 4411 784 4460 rcut
815 4409 939 4456 tant
981 4401 1139 4471 qu'ils
1180 4404 1426 4471 peureut.
1497 4397 1588 4453 Uu
1640 4398 1759 4453 seul
1809 4402 1966 4451 entre
2016 4400 2142 4478 tous
2193 4411 2263 4449 ue
2312 4396 2367 4477 ¹⁰.
2416 4394 2607 4516 publia

656 4474 862 4540 iamais,
895 4471 929 4524 a
962 4471 1145 4524 saveir
1178 4470 1297 4523 celu
1370 4469 1439 4521 de
1528 4468 1664 4522 '’ou:
1711 4471 1834 4521 tant
1867 4483 1902 4536 y
1936 4470 2087 4519 avoit
2118 4464 2189 4518 de
2222 4464 2397 4519 credit
2453 4480 2484 4516 e
2519 4462 2604 4519 Sr.

656 4541 952 4605 d'Aumale,
988 4538 1132 4593 frere
1165 4539 1239 4592 du
1311 4554 1378 4592 uc
1410 4537 1482 4590 de
1567 4536 1680 4602 nise
1715 4540 1774 4589 et
1804 4549 2146 4605 gouverueur
2178 4532 2307 4587 chef
2335 4548 2405 4586 eu
2433 4531 2605 4587 Bour-

803 4627 834 4663 e
869 4649 882 4661 .
922 4649 934 4660 .
974 4648 987 4662 .
1025 4648 1039 4659 .
1082 4605 1301 4660 Obacun
1335 4608 1484 4660 avoit
1525 4605 1669 4659 l'oeil
1704 4620 1797 4658 sur
1842 4604 1898 4657 la
1929 4602 2062 4656 ville
2097 4607 2155 4657 et
2188 4602 2503 4656 Parlement
2535 4601 2606 4655 de

706 4677 816 4732 aris
855 4676 911 4730 la
945 4675 1013 4730 ou
1056 4675 1143 4728 fut
1184 4676 1327 4728 aussi
1371 4676 1424 4728 le
1469 4674 1738 4744 principat
1772 4672 2210 4742 empeschemeut
2240 4710 2461 4726 .....
2498 4671 2607 4726 Les

660 4747 916 4803 autheurs
948 4745 1271 4813 principaux
1305 4743 1376 4796 de
1411 4759 1473 4796 ce
1505 4744 1615 4798 mal
1664 4743 1850 4796 fureut
1881 4741 1955 4795 du
2001 4740 2150 4796 coste'
2184 4739 2260 4794 du
2293 4739 2609 4795 Parlement

793 4815 806 4828 '
896 4814 909 4826 ”
947 4814 1183 4882 premier
1219 4812 1514 4880 president,
1560 4827 1693 4866 avec
1738 4811 1865 4882 quel
1905 4826 2003 4864 ues
2036 4808 2255 4864 anciens
2289 4808 2607 4865 conseillers

659 4888 1000 4941 accustumes
1033 4881 1103 4934 de
1137 4880 1355 4934 brusler
1386 4896 1458 4933 ou
1490 4882 1656 4936 rostir
1687 4897 1823 4935 ceux
1858 4828 1928 4933 30
1962 4880 2017 4933 la
2049 4878 2296 4948 religion,
2343 4882 2403 4932 et
2436 4877 2607 4933 Bour-

659 4954 757 5009 din
789 4966 1085 5022 procureur
1118 4947 1341 5018 general
1373 4948 1446 5000 du
1473 4948 1611 5019 Βογ,
1645 4948 1862 5004 homme
1897 4949 1967 5003 de
1999 4946 2206 5002 bouues
2238 4947 2435 5002 lettres
2467 4947 2607 5003 mais

660 5020 877 5079 ennemi
922 5020 1042 5073 iure
1084 5018 1154 5070 de
1204 5018 1259 5069 la
1306 5032 1365 5069 re
1390 5016 1403 5028 ⁶
1444 5017 1561 5071 'oux
1611 5016 1685 5071 du
1722 5017 1874 5073 coste
1917 5017 1988 5071 de
2037 5015 2252 5071 l’hostel
2283 5015 2355 5070 de
2388 5016 2520 5071 ville
2554 5015 2607 5071 le

660 5094 888 5163 prevcst
931 5088 1028 5140 des
1072 5086 1358 5140 marchana
1439 5099 1470 5137 e
1502 5084 1678 5140 Merle
1740 5088 1958 5141 homme
2004 5085 2233 5156 d’esprit
2276 5100 2385 5140 uon
2433 5085 2608 5140 moins

662 5160 837 5216 mutin
870 5156 1270 5228 qu'ambitieux,
1305 5153 1497 5208 assiste
1530 5153 1599 5208 de
1631 5128 1834 5209 lfarcel
1867 5154 2094 5224 opulent
2126 5154 2396 5224 orphevre
2427 5154 2608 5209 favori

661 5230 730 5283 de
763 5229 819 5281 la
850 5226 1039 5295 Boyne
1077 5260 1297 5276 .....
1332 5222 1475 5277 Mais
1518 5239 1614 5276 sur
1658 5228 1782 5278 tout
1823 5223 1907 5276 les
1947 5227 2108 5277 vente
2190 5222 2247 5276 ui
2290 5228 2608 5277 esmeurent

662 5305 810 5353 ceste
842 5296 1112 5363 tempesto
1146 5291 1454 5347 souffloieut
1484 5292 1558 5346 du
1594 5292 1742 5346 coste'
1774 5291 1847 5345 du
1873 5288 2182 5345 Oouuestsb
2206 5306 2237 5345 e
2272 5296 2330 5345 et
2362 5291 2434 5346 de
2468 5308 2605 5347 ceux

2142 356 2669 430 EPISTULAB
2712 364 3136 428 3730—3732

4490 366 4598 431 316

2687 550 3068 618 Parisiensi.
3153 548 3388 635 Itaque
3443 549 3700 617 nullum
3741 555 3845 618 est
3893 550 4171 618 iniuriae
4209 570 4413 637 genus
4450 551 4598 635 quod

2687 656 2822 704 uno
2856 656 3085 704 mense
3135 657 3271 703 non
3328 636 3413 701 sit
3468 644 3742 721 experta
3781 635 3947 704 haec
3989 635 4280 715 ecclesia
4333 638 4608 721 quamvis.

2687 723 2817 790 Dei
2857 721 3172 789 beneficio
3215 721 3561 806 aliquoties
3600 723 3696 789 ita
3737 723 3876 789 sint
3915 722 4140 789 hostes
4192 724 4481 806 repressi,
4535 733 4600 789 ut

2689 808 2865 874 mala
2904 808 3180 876 consilia
3219 809 3294 874 in
3335 808 3636 892 ipsorum
3677 809 3896 892 capita
3935 807 4309 875 reciderint.

2857 893 3249 961 Institutum
3310 895 3509 959 etiam
3572 894 3696 960 fuit
3747 893 4148 978 colloquium
4202 892 4489 972 alterum,
4545 894 4606 959 iu

2689 1002 2817 1066 quo
2883 979 3307 1065 disputarunt
3381 979 3641 1046 circiter
3702 979 4017 1049 tredecim
4079 979 4419 1047 Serbonici
4478 998 4607 1046 cum

2689 1066 3011 1132 ministris
3045 1066 3260 1167 tribus
3303 1085 3542 1166 nempe
3574 1064 3929 1133 Marlorato
3966 1065 4311 1165 Perucells'o
4344 1072 4411 1131 et
4438 1063 4608 1145 Bm,

2688 1171 3012 1304 maz
3054 1151 3580 1339 remmus
3622 1152 4613 1322 &remmam

2689 1323 2920 1391 credas
2961 1343 3158 1407 quam
3200 1330 3463 1406 ineptos
3506 1344 3650 1390 sese
3689 1323 4130 1408 praebuerint.
4212 1321 4509 1406 Quinque
4542 1344 4614 1388 ex

2691 1409 2900 1477 altera
2917 1418 3124 1493 parte,
3148 1429 3387 1493 nempe
3424 1408 3793 1476 Valentinus
3816 1409 4199 1494 Episcopus,
4226 1406 4482 1493 Spuma,
4503 1405 4614 1473 Bo·

2691 1496 2985 1574 telleritae,
3015 1494 3412 1580 Saliynucus,
3441 1494 3849 1575 Pocae-emas,
3883 1516 4112 1562 omnes
4145 1516 4183 1561 e
4349 1495 4408 1559 ’e
4448 1493 4615 1572 docti,

2692 1601 2957 1648 omnem
3020 1582 3386 1666 imaginum
3451 1583 3705 1647 cultum
3763 1581 4115 1648 fortissime
4192 1589 4261 1647 et
4346 1580 4616 1646 ‘berrime

2693 1666 3032 1735 nobiscum
3075 1675 3560 1752 oppugnarunt.
3646 1667 4092 1734 Perstiterunt
4132 1674 4356 1734 tamen
4397 1664 4506 1743 illi.
4563 1671 4617 1729 et

2694 1753 2777 1820 ad
2821 1753 3196 1832 concilium,
3252 1753 3477 1818 omnia
3527 1751 3921 1819 remittenda
3971 1757 4391 1820 censuerunt.
4475 1749 4617 1817 Suc-

2694 1838 2965 1906 cedebat
3004 1836 3357 1923 disputatio
3412 1837 3495 1905 de
3548 1838 3854 1923 baptismi
3918 1839 4074 1918 ritu,
4181 1846 4338 1905 rout
4399 1835 4616 1903 ferebat

2695 1926 3088 1992 constitutae
3107 1924 3473 1990 collationis
3494 1924 3672 2003 ordo,
3705 1924 3824 1991 sed
3843 1924 4093 1991 Oardin
4164 1926 4304 1989 ’um
4336 1924 4618 1990 interces-

2695 2012 2882 2078 sione
2923 2032 2999 2078 ac
3043 2012 3343 2095 precibus
3385 2030 3540 2075 mox
3579 2011 3797 2077 soluta
3836 2019 3998 2076 sunt
4038 2009 4279 2077 omnia.
4380 2008 4618 2075 Interes

2695 2099 2912 2164 furere
2954 2105 3224 2163 senatus
3265 2096 3682 2173 Parisiensis,
3767 2103 3836 2162 et
3874 2103 4101 2180 aperte
4144 2097 4216 2161 in
4261 2116 4384 2161 nos
4423 2092 4619 2161 coniu-

2694 2203 2843 2249 rare
2897 2204 3127 2249 omnes
3168 2183 3459 2249 civitatis
3516 2181 3800 2260 ordines,
3860 2183 4162 2267 quamvis
4205 2202 4295 2247 ex
4335 2179 4509 2246 omni
4543 2179 4619 2245 ci·

2694 2271 2880 2336 vium
2946 2290 3184 2354 genere
3249 2287 3385 2333 non
3451 2287 3693 2353 paucos
3748 2269 3824 2333 in
3881 2266 4155 2335 ecclesia
4206 2284 4618 2344 numeremus,

2695 2354 2911 2506 galam
2975 2363 3044 2421 et
3103 2356 3392 2438 ingenue
3471 2354 3814 2421 Christum
3890 2353 4295 2438 profitentes.
4403 2351 4620 2417 Hostes

2740 2442 2975 2525 cuique
3049 2440 3310 2523 quidvis
3381 2439 3605 2506 moliri
3677 2460 3765 2506 ne
3842 2439 4291 2524 publicaretur
4366 2436 4621 2504 edictum

2696 2525 2870 2612 quod
2931 2527 3120 2593 nobis
3182 2524 3266 2591 ad
3328 2526 3592 2611 plenam
3643 2525 4008 2592 libertatem
4075 2525 4203 2591 iter
4267 2521 4618 2592 substernit.

2698 2613 2933 2698 Longo
2985 2613 3316 2679 volumine
3374 2631 3539 2696 opus
3593 2618 3788 2691 esset,
3847 2612 3910 2678 si
3949 2611 4211 2695 singula
4252 2608 4522 2677 consilia
4565 2613 4621 2671 et

2697 2700 2962 2765 infinita
2997 2697 3450 2784 providentiae
3489 2697 3754 2765 divinae
3790 2697 4094 2781 exempla
4126 2696 4333 2763 velim
4366 2713 4620 2763 comme·

2697 2805 2974 2852 morare.
3030 2784 3118 2849 In
3151 2804 3412 2850 summa
3444 2793 3791 2868 postquam
3825 2783 4211 2850 meldas
4229 2780 4620 2856 cuiusdam’)

2697 2871 2903 2937 furori
2967 2870 3206 2937 cedens
3268 2892 3357 2937 ex
3399 2870 3552 2937 aula
3592 2870 3890 2947 excessit,
3955 2889 4035 2935 eo
4076 2867 4365 2936 adducta
4402 2887 4504 2933 res
4539 2870 4622 2931 est

2700 2965 2776 3023 ut
2833 2956 3026 3023 valde
3080 2957 3288 3023 simus
3344 2955 3712 3040 periclitati.
3800 2953 3936 3022 Sed
3993 2976 4074 3021 ea
4126 2954 4256 3021 fuit
4314 2950 4623 3021 Condasis

2699 3051 2768 3110 et
2808 3042 3084 3109 aliorum
3128 3041 3539 3127 quorundam
3582 3041 3817 3121 virtus,
3860 3047 3939 3107 ut
3977 3040 4104 3108 hoc
4145 3040 4344 3108 biduo
4390 3038 4623 3105 obtinu-

2700 3129 2948 3195 erimus
2988 3127 3187 3195 edicti
3227 3128 3837 3213 promulgationem,
3857 3129 3918 3202 ⁴)
3974 3147 4175 3211 quam
4215 3125 4497 3193 crastino
4535 3120 4623 3187 die

2695 3216 2988 3282 futuram
3032 3234 3394 3297 speramus,
3447 3214 3694 3280 frustra
3734 3212 4103 3279 reluctante
4142 3213 4394 3279 maiore
4433 3206 4622 3294 parla-

2701 3302 2910 3368 menti
2952 3308 3157 3385 parte.
3245 3299 3475 3367 Additi
3529 3306 3690 3366 sunt
3745 3297 4155 3384 praesidiarii
4205 3298 4459 3383 pedites
4510 3302 4620 3360 tre-

2699 3387 2895 3466 centi,
2950 3394 3019 3453 et
3068 3387 3475 3472 cataphracti
3527 3387 3776 3469 equites
3832 3384 4289 3471 quadraginta,
4349 3381 4621 3449 Mem

2698 3474 2908 3540 mutio
2967 3472 3169 3539 huius
3226 3472 3413 3539 urbis
3473 3471 3819 3556 praefecto,
3891 3492 4044 3538 cum
4111 3469 4512 3554 amplissima
4561 3466 4622 3529 iu

2700 3559 3039 3632 seditiosos
3078 3566 3417 3644 potestate.
3439 3562 3493 3635 ⁸)
3566 3555 3704 3624 Sed
3742 3557 4054 3624 Guisiani
4084 3557 4159 3623 in
4192 3556 4349 3623 aula
4384 3570 4621 3636 exspuu-

2699 3653 2944 3726 tantur,
3009 3643 3188 3711 unde
3240 3644 3514 3712 coniicio
3567 3642 3861 3709 nondum
3913 3644 4171 3709 finitam
4498 3639 4510 3652 '

2698 3731 3055 3815 Utcunque
3113 3732 3217 3811 sit,
3293 3731 3369 3796 in
3424 3729 3569 3796 Deo
3626 3749 3982 3813 speramus,
4060 3736 4130 3796 et
4184 3728 4240 3795 si
4306 3729 4474 3794 forte
4521 3740 4621 3789 nos

2700 3817 2987 3903 coegerit
3026 3816 3317 3882 hostium
3354 3815 3573 3882 rabies
3614 3814 3698 3882 ad
3731 3835 3970 3882 manus
4003 3815 4172 3882 serio
4203 3814 4454 3891 venite,
4485 3815 4621 3895 puto

2702 3924 2823 3969 nos
2864 3902 3117 3969 viribus
3160 3922 3294 3968 non
3333 3900 3544 3968 multo
3583 3901 3924 3967 inferiores
3965 3901 4122 3967 fore.
4210 3897 4351 3966 Sed
4393 3897 4620 3965 ufinam

2704 4125 2775 4179 de
2805 4123 2969 4178 Guise
3002 4126 3096 4195 qui
3128 4140 3188 4181 se
3220 4125 3459 4180 disoieut
3502 4124 3693 4194 piliers
3724 4124 3795 4178 de
3828 4124 3883 4178 la
3913 4123 4008 4209 1οἶ
4043 4122 4372 4192 catholique.
4423 4120 4620 4176 Teutos-

2704 4194 2810 4248 fois
2855 4210 2982 4248 sans
3028 4212 3135 4265 que
3181 4195 3234 4249 le
3268 4194 3392 4265 Roy
3425 4194 3496 4249 de
3529 4193 3777 4248 Navarre
3820 4208 3882 4247 se
3922 4193 4086 4246 laissa
4127 4208 4333 4262 gaguer
4373 4192 4453 4244 les
4482 4198 4621 4270 gram

2703 4280 2867 4317 maux
2901 4280 2972 4318 ne
3004 4263 3216 4317 fussent
3248 4263 3504 4318 advenas.
3553 4262 3726 4331 (Acta
3758 4268 3809 4315 et
3840 4261 4160 4316 ᾶοοιιηιοιιία
4184 4260 4263 4315 ad
4287 4260 4389 4316 Ιιοο
4419 4258 4621 4314 edum

2701 4333 3032 4402 minentis
3063 4333 3302 4402 reperies
3333 4333 3397 4387 in
3432 4328 3599 4386 Mc'm.
3634 4331 3702 4386 de
3738 4327 3922 4386 Οοηᾶέ
3953 4328 4049 4384 111.
4081 4327 4301 4387 8-98.)

2910 4399 2973 4482 8)
3011 4400 3157 4483 Once
3201 4400 3595 4457 Nemeam
3643 4401 3811 4455 innui
3858 4400 4168 4522 Ἒοωα.
4259 4397 4526 4468 Loquitur
4567 4387 4623 4444 d«

2704 4468 3576 4609 effla-:ww
3599 4466 3950 4620 renea-,m
3986 4473 4169 4591 ur
4191 4459 4621 4591 3300.th

2706 4614 2765 4662 et
2797 4607 3115 4663 nominatim
3149 4606 3302 4663 iubet
3336 4623 3406 4661 ex
3440 4608 3565 4661 aula
3590 4607 3798 4661 dimitu
3814 4605 4177 4660 Admiralium
4212 4610 4269 4659 et
4303 4605 4417 4659 eius
4447 4601 4619 4655 fratr!

2706 4681 2765 4731 et
2797 4677 3110 4748 episcopum
3145 4676 3492 4730 Valentinum
3525 4681 3584 4729 et
3616 4676 3876 4746 quosdam
3912 4675 4062 4729 alios.

2908 4745 2971 4810 4)
3009 4746 3090 4800 La
3121 4744 3299 4800 Roiue
3342 4744 3587 4799 solicitee
3627 4761 3732 4815 par
3774 4760 3912 4799 ceux
3943 4742 4015 4798 de
4059 4743 4114 4796 la
4158 4740 4390 4811 religion
4425 4738 4536 4792 vint
4562 4732 4619 4787 do

2706 4813 2761 4869 S.
2795 4812 3055 4870 Germain
3090 4815 3126 4869 a
3159 4814 3318 4868 Paris
3349 4819 3408 4867 et
3451 4813 3518 4867 fit
3557 4819 3681 4867 tant
3727 4829 3835 4883 que
3874 4813 3931 4867 le
3960 4810 4013 4868 6.
4047 4810 4197 4866 Mars
4228 4808 4381 4865 l’edit
4411 4807 4479 4862 de
4507 4802 4620 4859 Jau·

2704 4884 2826 4937 vier
2857 4883 2943 4937 fut
2976 4882 3163 4937 νει-1116
3197 4887 3256 4937 et
3310 4881 3457 4936 ublie
3491 4897 3559 4936 en
3576 4882 3880 4952 parlemeut
3895 4896 4029 4935 avec
4044 4878 4410 4963 pmteststiou
4438 4877 4619 4930 toute·-

2704 4952 2809 5006 fois
2844 4968 2951 5033 que
2985 4950 3196 5006 c’estoit
3228 4898 3385 5033 ogqir
3418 4952 3454 5006 a
3484 4950 3523 5004 l’
3695 4957 3754 5005 te
3796 4951 4061 5005 uecessite
4093 4949 4167 5003 du
4212 4953 4323 5002 tem
4431 4949 4488 5000 et
4496 4939 4619 5071 ἅττ

2706 5018 3564 5172 νοιοῃῄῖἰὶξὲὖιιιὲῌέῗιῌΐὲ
3589 5102 3653 5158 p.
3688 5014 4269 5169 ἕόἵτὸἲοιῗιξοτέιίᾳ
4301 5030 4462 5138 urbi?
4481 5046 4620 5151 prae·

2703 5157 2848 5212 fecto
2882 5156 3024 5227 [filw
3063 5156 3485 5228 Oonamabilcs]
3520 5158 3836 5212 mandatum
3868 5161 3956 5211 est
3988 5162 4050 5211 ut
4089 5155 4198 5210 huc
4238 5153 4457 5209 mdnoet

2704 5226 2832 5281 sidii
2874 5243 3040 5282 causa
3083 5227 3219 5281 duas
3270 5226 3386 5280 alas
3419 5226 3662 5296 equitum
3708 5232 3765 5281 et
3815 5231 4023 5280 certum
4075 5239 4356 5280 numerum
4517 5222 4618 5270 m

2705 5296 2904 5365 quibus
2938 5295 3181 5366 praeerit
3212 5294 3567 5351 Dandelotus.
