4850 6117
513 349 647 415 695

513 537 615 638 ab
661 535 770 603 his
825 532 1251 620 blasphemiis
1306 541 1372 600 et
1427 530 1974 618 disputationibus
2029 532 2306 600 istorum
2348 531 2470 598 ho-

521 641 838 689 minum·

698 705 952 773 Multus
994 712 1097 771 est
1138 704 1247 771 hic
1288 725 1504 771 sermo
1549 703 1630 770 de
1684 723 1842 789 pace
1882 703 2056 769 faeta
2110 703 2181 769 in
2226 702 2467 770 Gallia.

519 794 674 879 Ego
717 813 874 859 vero
929 800 1076 858 tuas
1129 791 1236 858 vel
1282 791 1621 858 Ionvalaei
1677 790 1882 857 nostri
1939 795 2261 874 exspecto,
2280 789 2342 872 ⁴)
2387 809 2472 855 ex

569 879 764 946 uibus
806 898 994 962 spero
1046 897 1154 942 me
1207 881 1624 962 cogniturum
1674 875 2037 943 certissima
2093 882 2160 941 et
2211 875 2471 941 utinam

558 965 767 1031 elicia.
856 963 1109 1030 Moscus
1127 966 1180 1041 ⁸)
1222 983 1571 1029 numeroso
1613 962 1901 1029 exercitu
1959 963 2298 1047 ingressus
2353 959 2475 1027 Li-

525 1051 826 1118 tuaniam
868 1050 937 1116 vi
981 1049 1196 1133 coepit
1238 1048 1486 1115 Plozko
1528 1061 1974 1131 terroremque
2015 1047 2298 1114 incussit
2338 1046 2473 1113 Po-

523 1136 718 1217 lonis‚
763 1137 872 1220 qui
908 1136 1042 1201 iam
1076 1137 1147 1201 in
1184 1136 1350 1200 armi
1385 1134 1713 1201 suniversi
1752 1154 1895 1200 esse
1930 1132 2257 1200 dicuntur.
2335 1133 2472 1198 Do-

525 1223 751 1289 minus
794 1228 1011 1287 servet
1054 1228 1120 1286 te
1177 1221 1366 1287 nobis
1425 1220 1537 1285 diu
1579 1218 1993 1286 incolumem.
2084 1217 2331 1286 Salvus
2386 1219 2475 1284 sit

528 1309 619 1376 D.
687 1307 1073 1374 Ionvalaeus
1136 1328 1287 1373 cum
1345 1306 1610 1373 Budaeo
1677 1315 1746 1372 et
1809 1305 2077 1391 reliquis
2139 1304 2477 1371 fratribus.

530 1392 847 1461 Salutant
889 1401 957 1459 te
998 1392 1236 1459 fratres
1271 1412 1517 1459 omnes.

702 1479 938 1565 'l‘iguri
989 1483 1084 1548 12.
1131 1478 1381 1563 Aprilis
1430 1482 1612 1543 1563.

1656 1612 2085 1698 Bullingerus
2128 1620 2303 1680 tuus.

1405 2226 1601 2298 3932.

1027 2382 1495 2451 THRETIUS
1540 2382 1975 2450 GALVINO.

706 2556 1036 2640 Descripto
1083 2557 1311 2622 misero
1378 2555 1775 2622 ecclesianam
1832 2554 1904 2621 in
1964 2554 2232 2623 Polonia
2286 2564 2476 2638 statu,

531 2644 966 2710 controversiis
1007 2643 1082 2708 cle
1121 2643 1399 2707 &initote
1439 2642 1850 2719 tmbatamm,
1892 2646 2067 2725 royac
2108 2648 2178 2708 ut
2226 2644 2314 2709 ad
2366 2666 2480 2710 va-

530 2730 667 2794 rios
701 2749 990 2813 proceres
1030 2730 1340 2812 privatim
1382 2728 1783 2879 effat,tggi
1814 2727 2355 2881 pram&
2385 2732 2482 2882 dig

532 2814 1231 2984 misfiffifomatorm
1260 2834 1679 2982 piaediffioet
1713 2901 2104 2966 commendat.

655 3072 772 3136 (Ex
804 3071 1121 3142 apographo
1154 3070 1287 3126 Ood.
1321 3071 1493 3125 Paris.
1527 3070 1728 3141 Dupuy
1760 3072 1883 3127 Vol.
1924 3070 2037 3139 102,
2073 3072 2169 3129 fol.
2201 3071 2353 3140 165.)

708 3241 779 3310 S.
824 3243 905 3310 P.
965 3242 1117 3308 Non
1155 3241 1461 3308 auderem
1483 3243 1792 3326 profecto,
1836 3242 2196 3311 clarissime
2218 3244 2479 3312 domine

533 3351 615 3396 ac
654 3335 845 3418 pater
886 3327 1350 3406 colendissimo,
1407 3328 1531 3395 hoc
1573 3336 1865 3414 tempore
1907 3330 2112 3395 literis
2156 3333 2315 3398 meis
2360 3333 2481 3398 tibi

530 3437 681 3483 esse
723 3414 1055 3494 molestus,
1091 3415 1632 3500 gravissimarum
1671 3417 2171 3499 occupationum
2215 3427 2482 3484 tuarum

530 3502 860 3568 rationem
893 3500 1160 3579 habens,
1205 3500 1334 3565 nisi
1376 3520 1482 3564 me
1529 3502 1962 3585 pauperculae
2005 3503 2315 3569 ecclesiae
2359 3505 2483 3570 Po-

531 3588 786 3654 lonicae
828 3607 1087 3653 summa
1128 3594 1396 3670 urgeret
1438 3590 1814 3653 necessitas:
1876 3608 2040 3670 quae
2082 3590 2485 3656 nebulonum

538 3674 1027 3740 seductionibus
1064 3671 1384 3738 hactenus
1408 3672 1706 3755 exposita
1743 3694 1877 3738 non
1921 3674 2133 3741 solum
2178 3685 2295 3740 tua
2336 3698 2484 3743 ves-

540 3773 925 3843 trarumque
1004 3758 1429 3825 ecclesiarum
1516 3758 1868 3824 autoritate
1944 3780 2081 3825 non
2158 3769 2482 3841 movetur,

539 3845 659 3911 sed
701 3845 896 3928 plane
938 3846 1384 3910 confirmatur.
1463 3843 1611 3909 Iam
1653 3845 1830 3910 enim
1871 3844 2196 3912 seditiosis
2237 3849 2482 3931 spiriti-

537 3931 663 3996 bus
701 3932 923 3997 omnia
965 3951 1229 3997 sursum
1265 3929 1565 3995 deorsum
1587 3931 2134 4014 permiscentibus
2155 3934 2484 4000 confiden-

537 4018 673 4083 tius
717 4016 1165 4082 tumultuandi
1209 4016 1458 4081 occasio
1501 4016 1982 4083 intercluditur.
2042 4017 2187 4083 Iam
2232 4019 2487 4086 iustitia

533 4102 668 4169 Dei
710 4103 783 4167 in
826 4103 1080 4170 reiectis
1123 4101 1457 4169 Iscariotis
1510 4105 1903 4185 agnoscitur,
1965 4104 2140 4169 unde
2195 4106 2486 4171 maxima

532 4189 787 4256 utilitas
830 4188 913 4253 ad
956 4208 1191 4271 puram
1234 4186 1481 4253 Christi
1537 4187 1875 4254 ecclesiam
1917 4198 2320 4273 perventura
2362 4199 2482 4258 est.

535 4273 738 4341 Modo
782 4285 855 4340 tu
897 4297 1033 4341 non
1076 4273 1452 4356 defatigeris
1474 4293 1673 4356 opera
1694 4274 2065 4359 auxilioque
2109 4296 2244 4341 non
2289 4276 2483 4355 desis,

539 4360 926 4426 excidentur
988 4362 1229 4443 absque
1307 4356 1506 4424 dubio
1570 4360 1697 4425 hae
1760 4360 2067 4427 ecclesiae
2133 4362 2485 4429 universae

537 4453 778 4529 pestes,
835 4467 1000 4529 quae
1057 4467 1189 4511 non
1232 4464 1506 4528 parvam
1562 4451 1817 4528 partem
1861 4445 2177 4514 Poloniae
2240 4449 2485 4532 impos-

424 4595 434 4604 ,
538 4530 712 4596 turis
754 4534 888 4597 suis
930 4537 1411 4608 concusserant,
1468 4530 1711 4596 multos
1745 4532 1944 4596 etiam
1980 4532 2191 4599 dubiis
2247 4535 2488 4601 animis

539 4618 848 4682 fluctuari
904 4625 1269 4702 coegerant.
1377 4614 1459 4681 Id
1524 4625 1746 4682 autem
1810 4618 2011 4684 fiebat
2115 4619 2244 4685 uod
2312 4620 2487 4706 apud

538 4703 925 4787 praecipuos
968 4723 1266 4785 proceres
1322 4724 1396 4767 re
1445 4702 1513 4766 ni
1554 4702 1749 4769 fidem
1795 4704 1888 4769 eis
1931 4704 2098 4770 facie
2144 4713 2213 4770 at
2260 4716 2489 4773 vestra

539 4787 864 4854 autoritas
909 4808 1037 4869 qua
1077 4809 1220 4855 sese
1264 4796 1411 4873 tege
1458 4794 1591 4853 aut.
1681 4788 2128 4856 Lismaninum
2150 4794 2201 4869 ¹)
2237 4790 2379 4858 dico
2423 4802 2490 4859 et

750 5060 813 5123 4)
853 5060 1009 5131 fflyo
1047 5061 1121 5116 N.
1156 5060 1294 5116 3929
1326 5063 1571 5119 nondum
1614 5061 1874 5120 strictam
1906 5070 2240 5187 pervenerat.

752 5131 810 5195 ὃ)
846 5131 1026 5186 Iwan.
1108 5130 1167 5184 V.
1216 5131 1474 5212 'Luam
1523 5132 1581 5190 d.
1630 5133 1684 5188 d.
1746 5134 1827 5190 16.
1922 5151 2013 5204 pr.
2057 5134 2207 5206 Epp.
2251 5134 2324 5192 11.
2367 5133 2491 5192 239.

543 5199 824 5256 δολῶσαι·
862 5199 1076 5256 Gontin.
1116 5197 1278 5253 Stena.
1315 5200 1356 5253 Ι.
1392 5200 1509 5256 335.

537 5269 735 5325 3932.
757 5269 818 5338 1)
854 5269 937 5338 Of.
974 5268 1030 5321 N
1077 5266 1231 5326 3866.
1265 5267 1418 5322 3874.
1488 5269 1579 5326 De
1603 5271 1998 5340 posterioribus
2030 5272 2146 5328 eius
2175 5274 2316 5342 fatis
2346 5273 2495 5330 niba

2028 341 2559 413 EPISTOLAE
2596 341 3020 411 3931—3933
3128 303 3139 314 ⁴

4385 345 4522 410 696
4550 291 4563 300 -

2571 553 2682 600 eos
2725 553 2889 617 quos
2928 529 3291 616 patrocinio
3347 550 3469 596 suo
3510 529 3683 596 texit
3738 530 3895 615 ipse.
3992 530 4246 597 Verum
4300 531 4520 598 mani-

2572 618 2826 685 festatis
2868 615 3158 685 subdolis
3200 617 3461 683 astutiis
3503 636 3731 682 eorum
3770 637 3927 683 mox
3969 615 4239 699 plurimi
4272 638 4358 683 ex
4391 615 4521 683 mi-

2571 705 2797 771 nistris
2839 703 2922 769 ad
2964 702 3319 787 pristinum
3362 701 3659 768 ordinem
3702 710 3770 768 et
3811 703 4185 768 institutum
4225 702 4524 771 revocati

2572 797 2750 871 sunt,
2792 796 3315 873 revocantur-que
3370 787 3666 866 subinde,
3720 789 3832 872 qui
3887 795 4256 855 vestrarum
4310 789 4525 856 eccle-

2572 875 2823 943 siarum
2871 873 3189 942 iudicium
3246 873 3547 941 omnibus
3592 875 3793 940 totius
3836 873 4015 940 orbis
4064 874 4411 941 sententiis
4456 883 4529 939 et

2572 961 2987 1048 opinionibus
3020 969 3447 1044 praeponunt.
3530 959 3830 1046 Vigilant
3871 969 3942 1025 et
3982 960 4066 1025 ad
4108 968 4292 1027 tuam
4334 980 4533 1027 sanc-

2574 1055 2712 1113 tam
2756 1046 3264 1113 admonitionem
3318 1046 3562 1112 muniti
3604 1046 3970 1112 constantia
4012 1053 4185 1126 sunt,
4241 1068 4368 1113 nec
4424 1047 4531 1112 fa-

2574 1134 2696 1202 cile
2739 1152 2810 1198 se
2852 1154 2892 1198 a
2932 1133 3173 1198 vestris
3216 1132 3504 1199 ecclesiis
3546 1131 3782 1198 abduci
3822 1133 4176 1216 patientur.
4251 1132 4533 1198 Habent

2573 1228 2911 1304 praeterea
2948 1224 3257 1302 patronos
3288 1238 3555 1285 suorum
3589 1225 3894 1285 coetuum
3916 1218 4148 1284 heroes
4183 1218 4527 1303 quosdam,

2576 1306 2955 1390 praecipuos
3005 1303 3196 1389 regni
3251 1323 3569 1386 proceres,
3626 1304 3739 1387 qui
3794 1303 4107 1371 adversus
4163 1304 4326 1371 istos
4382 1325 4523 1371 ser-

2577 1399 2808 1477 pentes
2852 1389 3293 1470 deoertabunt,
3351 1397 3418 1454 et
3459 1389 3767 1455 instructi
3822 1389 4134 1475 panoplia
4173 1390 4523 1474 spirituali,

2576 1485 2839 1563 praeter
2903 1496 3050 1542 eam
3111 1475 3528 1541 autoritatem
3593 1496 3790 1560 quam
3856 1476 3927 1540 in
3989 1496 4192 1561 regno
4255 1475 4525 1554 habent,

2580 1563 2853 1630 astutias
2905 1562 3163 1627 illorum
3223 1561 3507 1639 vincent,
3564 1574 3760 1645 atque
3812 1583 3930 1645 pro
3987 1562 4266 1627 veritate
4315 1583 4525 1647 usque

2581 1648 2666 1715 ad
2717 1654 2994 1713 mortem
3052 1647 3374 1713 resistent.
3480 1647 3616 1713 Eos
3685 1667 3727 1712 a
3783 1655 3850 1712 te
3901 1647 4113 1714 literis
4166 1648 4447 1732 privatis
4469 1652 4529 1722 ²)

2580 1735 2973 1813 confirmari,
3019 1743 3096 1798 ut
3149 1754 3186 1800 e
3243 1754 3315 1799 re
3358 1732 3669 1798 ecclesiae
3711 1735 3994 1799 maxime
4045 1734 4184 1799 fore
4234 1734 4531 1800 ministri

2581 1821 2981 1894 existimant,
3024 1820 3121 1885 ita
3162 1839 3203 1883 a
3240 1826 3308 1884 te
3351 1819 3674 1903 supplices
3717 1828 3791 1884 ut
3823 1819 4023 1886 facias
4057 1827 4308 1903 petunt.
4352 1818 4530 1903 Ipsis

2581 1908 2756 1973 enim
2800 1904 3174 1990 proceribus
3215 1903 3453 1971 iudicio
3496 1912 3563 1970 et
3606 1905 3954 1971 autoritate
3977 1912 4089 1972 tua
4110 1905 4280 1972 nihil
4311 1906 4532 1990 magis

2582 1992 2866 2077 optabile
2908 2000 3026 2072 est,
3083 2011 3213 2075 qua
3254 1989 3549 2071 stabiliti,
3595 2012 3673 2057 ac
3716 1990 3984 2056 tandem
4026 2012 4110 2057 ex
4152 1992 4293 2057 istis
4336 1991 4533 2076 laby-

2580 2079 2820 2144 rinthis
2864 2077 3340 2144 haereticorum
3395 2077 3652 2156 emersi,
3704 2077 3777 2141 in
3834 2084 4016 2144 recta
4067 2077 4196 2166 fide
4251 2098 4326 2144 ac
4368 2096 4537 2142 con-

2583 2165 2866 2230 fessione
2910 2163 3247 2231 vobiscum
3312 2162 3691 2242 unanimes,
3759 2163 3998 2245 quietis
4060 2163 4389 2230 mentibus
4454 2164 4535 2228 in

2581 2259 2918 2335 posterum
2980 2250 3197 2314 Deum
3261 2247 3492 2314 colent.
3601 2250 3893 2333 Apparet
3953 2249 4085 2315 iam
4148 2249 4200 2314 li
4242 2247 4389 2315 uido
4456 2250 4537 2314 in

2583 2337 2826 2402 nostris
2870 2333 3160 2402 ecclesiis
3201 2333 3416 2401 locum
3472 2334 3713 2400 habere
3774 2332 4019 2400 dictum
4081 2334 4200 2402 illu
4298 2334 4534 2401 Pauli:

2581 2423 2646 2488 N
2648 2421 2999 2488 ecessarias
3020 2429 3229 2488 sectas
3250 2418 3333 2485 ad
3354 2420 3711 2485 electorum
3732 2421 4200 2504 probationem.
4260 2420 4539 2502 Quanto

2585 2510 2760 2575 enim
2803 2508 3027 2592 plures
3068 2506 3291 2590 paleae
3345 2505 3610 2573 evolant
3664 2514 3848 2571 tanto
3891 2507 4184 2573 triticum
4238 2509 4362 2572 erit
4401 2528 4537 2591 pu-

2584 2596 2755 2673 rius,
2836 2602 2905 2660 et
2981 2591 3137 2657 dum
3201 2591 3556 2676 purulenta
3620 2591 3839 2657 ulcera
3903 2592 4157 2658 saniem
4219 2593 4541 2659 eiecerint

2585 2701 2820 2764 corpus
2863 2677 3133 2745 habebit
3174 2677 3426 2745 melius.
3493 2677 3687 2759 Quod
3721 2678 3778 2744 si
3820 2677 4043 2763 itaque
4085 2686 4159 2744 tu
4199 2677 4367 2745 hanc
4401 2679 4536 2744 Ar-

2585 2766 2839 2831 rianam
2892 2774 2958 2829 et
3014 2762 3445 2831 Servetanam
3517 2763 3839 2829 haeresim
3909 2763 4111 2831 semel
4170 2764 4381 2831 adhuc
4443 2784 4535 2829 ex:

2585 2852 2860 2919 Polonia
2901 2848 3242 2934 depuleris,
3303 2849 3695 2933 persuadeas
3752 2849 3891 2930 tibi,
3947 2851 4039 2915 mi
4093 2861 4298 2934 pater,
4355 2849 4534 2933 quod

2586 2958 2784 3005 verus
2824 2935 3033 3003 Israel
3077 2935 3349 3021 posthac
3390 2936 3609 3001 minus
3653 2934 3915 3000 errabit.

2755 3024 2855 3089 Ac
2897 3030 2972 3088 ut
3015 3022 3256 3089 rectius
3298 3023 3634 3105 negotium
3677 3020 4027 3106 intelligas,
4062 3021 4533 3087 'narrationem

2582 3109 2682 3175 rei
2723 3116 2944 3194 gestae
2988 3108 3154 3173 mihi
3175 3128 3257 3173 ex
3280 3107 3555 3173 Polonia
3586 3108 4014 3191 perscriptam
4050 3105 4135 3172 ad
4157 3115 4221 3172 te
4243 3108 4453 3187 mitto,
4475 3110 4532 3176 ⁸)

2584 3216 2669 3261 ex
2710 3216 2839 3279 qua
2880 3193 3037 3278 quid
3082 3195 3250 3260 facto
3293 3214 3457 3276 opus
3499 3195 3588 3259 sit
3621 3192 3811 3258 facile
3847 3191 4307 3275 deprehendes.
4349 3191 4533 3258 Illud

2585 3303 2790 3346 unum
2834 3302 2874 3345 a
2916 3286 2999 3360 te,
3046 3279 3511 3364 benignissime
3554 3287 3756 3363 pater,
3800 3286 3969 3363 peto,
4023 3286 4102 3344 ut
4151 3279 4232 3344 iis
4276 3276 4531 3345 duobus

2587 3367 2767 3434 verbi
2812 3366 2938 3431 Dei
2983 3366 3322 3445 ministris,
3338 3367 3397 3448 ⁴)
3455 3364 3583 3449 piis
3628 3386 3704 3431 ac
3746 3364 4152 3449 simplicibus
4207 3364 4365 3429 viris
4422 3384 4531 3429 re-

2586 3452 2926 3537 spondeas.
2987 3451 3047 3516 Ii
3091 3460 3247 3517 sunt
3290 3471 3452 3535 quos
3495 3452 3563 3516 in
3608 3449 3831 3516 odium
3874 3449 3956 3515 ad
4001 3460 4067 3516 te
4111 3449 4533 3516 Lismanimas

2586 3537 2895 3605 inducere
2939 3535 3210 3617 studuit,
3267 3545 3342 3602 ut
3394 3537 3616 3603 miseri
3670 3536 3763 3600 ita
3815 3536 4106 3621 oppressi
4149 3555 4284 3601 non
4327 3535 4529 3602 habe-

2586 3633 2737 3691 rent
2779 3644 2906 3706 quo
2947 3644 3065 3706 pro
3108 3622 3547 3689 consolatione
3590 3623 4043 3707 confugerent:
4102 3642 4230 3705 qua
4273 3623 4530 3688 ratione

2586 3709 2855 3795 putabat
2891 3708 3149 3776 facilius
3198 3727 3389 3792 posse
3445 3707 3695 3776 radices
3739 3709 3784 3773 fi
3830 3728 3940 3773 ere
3982 3708 4387 3792 impietatem
4431 3714 4530 3772 at-

2588 3818 2713 3881 que
2756 3796 3107 3862 factionem
3166 3792 3613 3861 Gribaldicam
3666 3802 3733 3859 et
3784 3731 4306 3873 {landraticam
4364 3814 4533 3878 quae

2588 3904 2669 3947 ex
2714 3881 2819 3947 his
2863 3881 3160 3966 partibus
3204 3887 3344 3945 tota
3394 3879 3475 3945 ad
3526 3879 3717 3944 illum
3763 3880 3833 3945 in
3887 3882 4195 3946 miseram
4251 3880 4535 3963 patriam

2587 3979 2878 4035 nostram
2943 3967 3297 4045 confluxit,
3360 3967 3748 4050 vineamque
3813 3963 4084 4031 Domini
4147 3965 4261 4031 ubi
4323 3973 4541 4049 potest

2587 4054 2854 4120 arrodit.
2901 4051 3038 4119 Sed
3081 4053 3253 4118 hanc
3272 4051 3612 4117 ‚tumidam
3649 4054 4086 4136 arrogantiam
4131 4059 4200 4116 et
4233 4049 4533 4117 fraudem

2587 4138 2774 4206 brevi
2828 4138 3260 4224 depressums
3317 4147 3419 4203 est
3473 4137 3799 4203 Dominus
3864 4157 3980 4219 per
4044 4137 4166 4203 hos
4230 4157 4533 4220 proceres

2587 4225 2700 4309 qui
2744 4245 2886 4291 sese
2945 4225 3164 4291 hostes
3216 4222 3487 4289 illorum
3537 4224 3672 4288 iam
3726 4220 4163 4303 declararunt,
4221 4222 4416 4289 modo
4458 4231 4530 4286 tu

2588 4332 2697 4376 eos
2752 4312 2949 4379 officii
3007 4310 3359 4377 admonere
3402 4330 3534 4374 non
3593 4307 3985 4393 dedigneris.
4074 4308 4137 4373 Ii
4181 4310 4357 4375 enim
4412 4307 4528 4373 tibi

2586 4418 2778 4463 omne
2843 4397 3222 4479 obsequium
3286 4416 3675 4477 omnemque
3738 4394 4224 4460 observantiam
4297 4393 4528 4459 debere

2589 4503 2847 4565 semper
2889 4481 3165 4564 professi
3208 4489 3364 4547 sunt
3406 4502 3482 4547 ac
3525 4481 3934 4565 profitentur,
3980 4491 4045 4545 et
4093 4500 4163 4545 se
4216 4500 4257 4544 a
4313 4477 4531 4563 probis

2589 4577 2657 4633 et
2696 4567 2999 4634 fidelibus
3044 4566 3293 4637 Christi
3326 4566 3647 4633 ministris
3681 4566 3822 4651 regi
3857 4565 4223 4650 patiuntur,
4259 4565 4528 4631 vestris·

2589 4675 2714 4738 que
2770 4652 3057 4720 ecclesiis
3105 4674 3225 4737 per
3279 4653 3500 4719 emnia
3554 4652 3992 4720 subscribunt.
4103 4652 4369 4719 Primus
4430 4657 4531 4717 est

2589 4929 2724 4986 certi
2755 4932 3084 4995 compertum
3128 4927 3401 4983 Mbmus.
3482 4925 3729 4983 Sanam
3774 4932 3941 4982 autor
3989 4931 4071 4980 est
4113 4941 4233 4981 eum
4281 4925 4430 4980 circa
4469 4938 4521 4976 a.

2591 4997 2728 5079 1363
2751 4996 3183 5080 ,Βερξοηιοηιαπι
3218 5011 3274 5050 σε
3307 4995 3595 5077 mahalitae
3627 5001 3680 5050 et
3710 4996 3794 5051 an·
3807 5001 3978 5050 mente
3992 4995 4527 5065 captimsfbt‘n’psuut

2590 5083 2702 5123 Μ
2736 5063 3607 5216 svamm...-
3696 5085 3838 5189 m.
3864 5131 4117 5202 m...
4148 5135 4259 5190 ....
4294 5130 4342 5185 2.

2796 5203 2857 5268 3)
2894 5202 3179 5272 donov-dota
3210 5201 3442 5258 vadatur.

2799 5271 2859 5341 4)
2902 5270 3159 5330 Samicio
3193 5278 3244 5330 et
3279 5270 3460 5344 Sylvio
3496 5270 3669 5341 (Opp.
3705 5269 3816 5325 IX.
3851 5269 4002 5338 645).
