4850 6117
317 423 449 486 393

315 609 710 677 Clarissimo
769 609 909 683 viro
953 608 1036 674 D.
1081 607 1316 675 Ioanni
1372 607 1654 676 Oalvino
1697 610 2108 678 Genevensis
2165 632 2271 680 ec-

317 694 562 763 clesiae
615 695 861 779 pastori
913 692 1293 794 fidelissimo
1330 701 1416 794 ‘et
1466 694 1656 761 fratri
1709 694 2164 765 colendissimo
2205 708 2272 766 et

1119 800 1475 847 carissimo.

498 970 572 1039 S.
607 973 694 1038 D.
764 971 827 1036 L
981 991 1059 1035 us
1103 966 1413 1036 Saloduri
1441 974 1494 1050 ²)
1538 990 1799 1036 omnem
1841 980 2066 1037 movet
2107 971 2273 1055 lapi·

318 1057 476 1124 dem
518 1080 606 1124 ne
624 1056 920 1125 Helvetii
965 1055 1236 1120 mittant
1269 1054 1514 1121 milites
1556 1046 1641 1122 a'd
1675 1054 2120 1136 occidendum,
2155 1056 2273 1122 sed

451 1143 466 1158 ⁶
595 1152 775 1210 tores
817 1140 902 1207 ad
957 1160 1186 1225 pwem
1228 1139 1758 1223 componendam.
1831 1140 2009 1225 Quia
2051 1150 2273 1208 tamen

479 1231 531 1295 's
588 1228 856 1297 nomine
913 1226 1178 1293 iubetur
1235 1226 1509 1292 militem
1558 1227 1893 1312 postulare
1948 1249 1989 1293 a
2040 1228 2274 1312 legatis

317 1315 710 1393 Helveticis,
767 1315 877 1397 qui
935 1313 1332 1379 convenient
1386 1314 1489 1378 26.
1534 1313 1806 1397 Aprilis,
1865 1334 1999 1379 non
2146 1322 2275 1380 test

316 1403 500 1488 regis
540 1401 768 1467 literas
823 1399 1207 1482 opprimere,
1252 1398 1540 1465 maxime
1583 1419 1788 1481 quum
1832 1398 1964 1465 Fr
2000 1400 2013 1414 ‘
2085 1403 2191 1468 ius
2216 1402 2271 1481 ²)

317 1489 569 1554 missus
606 1508 693 1553 ex
736 1484 889 1551 aula
929 1484 1202 1550 mirifice
1258 1493 1516 1570 satagat
1572 1494 1640 1549 et
1694 1486 1917 1551 mittat
1957 1506 2076 1569 per
2117 1506 2271 1553 can-

316 1588 534 1651 tones‚
577 1572 1005 1654 horteturque
1047 1578 1123 1635 ut
1163 1570 1490 1636 festinent.
1561 1571 1742 1654 Ergo
1775 1592 1977 1654 quum
2011 1573 2274 1637 omnino

312 1670 552 1813 ἔξω
593 1656 1432 1809 ωὒὶωωθὲιιιίἰιὲθῃᾶυῑξεζδ
1475 1655 1807 1807 Helvetiis
1845 1658 1963 1808 «tini
2002 1658 2271 1807 sunthin

473 1766 586 1814 ere
641 1764 792 1812 cum
1070 1793 1084 1819 ,
1143 1763 1183 1808 0
1480 1763 1552 1808 re
1604 1762 1720 1808 um
1775 1763 1845 1809 es
1929 1763 2093 1810 scire
2198 1761 2275 1809 oc

313 1832 687 1916 principem
735 1827 1112 1896 Conamen
1155 1763 1507 1907 eltefidelels,
1561 1838 1636 1893 ut
1678 1836 2014 1895 maturent
2053 1830 2271 1914 prius·

315 1938 523 2002 quam
584 1915 861 1982 adversa
917 1934 1070 1998 pars
1132 1932 1361 1980 omnes
1412 1915 1652 1980 coniun
1739 1923 1766 1978 t
1821 1915 2059 1999 copias.
2152 1915 2274 1980 Est

305 2002 759 2155 airhaoesinopia
807 2020 1028 2099 rerum
1070 1999 1389 2150 0111818ῑᾶ18
1388 1998 1582 2151 taput?
1643 1999 1987 2151 Selvetios,
2031 1999 2272 2152 8101ἔο0

621 2107 953 2152 innumeri
993 2105 1262 2151 nomina
1430 2107 1525 2151 un
1697 2108 1722 2150 1
1769 2085 2109 2157 Condamus
2200 2108 2269 2152 a·

306 2176 508 2242 beret
540 2174 788 2258 aliquot
822 2174 1191 2254 capitaneos
1211 2172 1404 2241 *inter
1422 2170 1787 2251 Helvetios,
1825 2170 2099 2238 dubium
2135 2193 2271 2238 non

309 2273 430 2330 eet
472 2263 627 2346 quin
671 2258 943 2324 caeteris
982 2256 1192 2322 multo
1234 2257 1458 2340 plures
1500 2256 1843 2324 habiturus
1882 2266 2055 2325 esset
2098 2257 2269 2323 mili-

309 2357 445 2415 tes.
525 2346 673 2430 Ego
715 2345 1035 2427 scriptum
1076 2343 1218 2408 eius
1260 2344 1489 2409 curavi
1534 2345 1826 2410 converti
1865 2345 1936 2409 in
1979 2345 2267 2427 linguam

305 2432 864 2519 germanianam
921 2440 990 2493 et
1044 2427 1312 2494 exhibui
1373 2430 1649 2495 senatui.
1730 2428 1802 2495 Is
1847 2430 2009 2496 haec
2051 2429 2271 2496 omnia

307 2516 983 2671 ῗὲἑζῖῗᾞιὲἓὲῗ
1017 2514 2268 2683 Xssfflfflfflfflfflssffl

309 2693 575 2757 riorum
607 2690 929 2754 instituta.
949 2652 966 2680 ⁹
1006 2685 1304 2751 Dubium
1339 2708 1473 2752 non
1508 2696 1610 2751 est
1642 2687 2050 2770 impudentia
2082 2708 2268 2754 men·

312 2777 514 2844 dacia
585 2775 827 2857 exponi
891 2773 1126 2857 legatis
1190 2771 1554 2838 Helveticis
1618 2793 1658 2837 a
1720 2773 1952 2857 quibus
2021 2776 2268 2859 petitur

307 2862 533 2929 miles.
554 2866 613 2938 ⁴)
684 2860 1036 2944 Goiynetius
1092 2857 1216 2923 hac
1272 2859 1341 2923 in
1399 2879 1473 2923 re
1526 2868 1869 2941 suspectus
1911 2860 2075 2926 mihi
2130 2880 2265 2926 non

309 2958 444 3016 eet.
510 2946 777 3014 Habent
816 2945 928 3010 isti
974 2944 1137 3010 alios
1179 2943 1292 3025 qui
1336 2943 1670 3010 affirmant
1707 2943 2082 3012 Gondemem
2123 2968 2267 3013 esse

307 3035 705 3102 seditiosum
759 3031 948 3113 regni
1000 3027 1536 3114 perturbatorem,
1602 3038 1796 3115 atque
1848 3030 1993 3098 ideo
2048 3034 2266 3116 oppri-

306 3119 637 3187 mendum
697 3139 830 3183 una
882 3137 1031 3184 cum
1089 3115 1258 3183 suis:
1325 3116 1622 3200 reginam
1678 3137 1828 3183 cum
1882 3139 2057 3202 rege,
2118 3118 2267 3184 odio

307 3207 663 3291 religionis
695 3222 904 3270 novae
947 3211 1014 3267 et
1043 3209 1311 3285 propter
1352 3200 1704 3268 seditiones
1737 3215 2110 3283 commotas,
2154 3203 2267 3270 de-

308 3294 556 3360 fecisse
612 3290 698 3357 ad
746 3290 1143 3373 Guysianum
1200 3296 1321 3354 etc.
1421 3287 1606 3354 Haec
1666 3290 1735 3353 in
1801 3298 2094 3374 tempore
2147 3291 2266 3356 tibi

305 3378 504 3446 volui
545 3375 915 3461 significare
956 3382 1031 3439 ut
1073 3371 1379 3455 dispicias
1421 3395 1550 3456 qua
1592 3396 1663 3440 re
1706 3395 1869 3457 opus
1912 3377 2013 3441 sit.
2098 3374 2265 3443 Ore-

306 3483 475 3531 mns
516 3462 762 3544 absque
817 3458 1301 3525 intermissione
1342 3458 1705 3526 Dominum
1750 3472 1825 3525 ut
1866 3460 2054 3526 nobis
2097 3462 2267 3528 adsit

308 3560 393 3617 et
448 3550 797 3632 impiorum
857 3554 1129 3611 cruenta
1183 3543 1458 3611 consilia
1516 3544 1805 3629 dissipet.
1901 3546 2067 3614 Vale
2132 3567 2268 3613 una

306 3657 474 3702 eum
518 3633 851 3710 fratribus,
896 3631 1280 3715 symmystis
1323 3637 1390 3696 et
1430 3632 1656 3698 amicis
1699 3631 2018 3699 omnibus.
2099 3633 2266 3700 Heri

307 3722 524 3790 etiam
559 3719 644 3785 ad
686 3728 751 3784 te
794 3717 1025 3800 scripsi
1060 3735 1175 3799 per
1197 3715 1618 3783 Salodurum.
1690 3716 1830 3785 Oro
1864 3728 1940 3784 ut
1983 3721 2076 3786 ita
2115 3741 2265 3804 per-

311 3829 442 3895 gas
486 3807 569 3872 de
611 3805 807 3871 rebus
852 3801 1112 3870 Galliae
1152 3802 1373 3868 omnia
1414 3823 1581 3885 quae
1622 3803 1775 3869 inde
1818 3802 1903 3869 ad
1945 3812 2013 3870 te
2053 3807 2267 3890 perfe-

309 3904 565 3961 runtur
606 3889 1110 3958 communicare.
1183 3886 1546 3955 Vei-samur
1587 3891 1765 3956 enim
1820 3891 1894 3954 in
1938 3888 2158 3958 dolore
2200 3901 2269 3956 et

316 3981 659 4047 anxietate
702 3997 778 4042 ac
811 3974 1298 4058 exspectatione
1331 3974 1721 4042 vehementi.
1791 3975 2117 4043 Dominus
2153 3977 2267 4043 ad·

314 4071 406 4134 sit
450 4065 660 4131 nobis.
732 4061 960 4145 'rig-uri
1005 4063 1106 4124 20.
1154 4059 1403 4144 Aprilis
1454 4064 1632 4127 1562.

1441 4215 1623 4281 'Puus
1667 4236 1860 4299 quem
1905 4218 2093 4283 nosti.

525 4730 589 4796 4)
626 4727 848 4786 Buchat
879 4727 971 4785 VI.
1003 4726 1109 4783 489
1125 4752 1140 4781 .·
1187 4729 1294 4783 Les
1341 4729 1484 4784 deux
1533 4730 1708 4799 partis
1753 4732 1848 4800 qui
1882 4731 2174 4785 divisoient
2209 4731 2262 4786 18

315 4801 533 4856 France
565 4796 956 4854 s’adresserent
986 4815 1091 4852 anx
1125 4802 1367 4853 cantens.
1445 4799 1526 4854 Le
1570 4815 1653 4868 pr.
1686 4798 1756 4853 de
1799 4798 1982 4855 Cende
2024 4798 2264 4870 110ρό0118

315 4888 399 4926 un
502 4868 822 4924 ntilhomme
855 4882 996 4937 pour
1037 4867 1175 4923 tirer
1209 4867 1285 4921 du
1330 4882 1550 4923 seeours
1584 4868 1682 4922 des
1726 4873 1952 4924 cantone
1986 4868 2262 4925 reformes.

317 4940 404 4996 Le
475 4954 543 4992 uc
575 4937 645 4992 de
680 4936 847 4992 Guise
881 4952 1090 5006 envoya
1133 4937 1279 4991 aussi
1321 4936 1619 4992 demandet
1650 4937 1727 4990 du
1771 4953 1988 4992 secours
2029 4953 2098 4991 au
2134 4954 2261 4993 nom

315 5010 399 5063 du
430 5010 514 5063 roi
547 5014 606 5061 et
637 5022 779 5075 pour
811 5006 867 5058 18
897 5005 1117 5060 defense
1167 5006 1236 5060 dc
1281 5021 1342 5060 88
1386 5022 1673 5076 personne.
1761 5005 1869 5061 Les
1914 5008 2143 5061 Bernols
2177 5008 2262 5060 re-

317 5077 618 5147 pondirent
651 5092 721 5128 au
753 5075 941 5143 prince
975 5076 1026 5129 le
1060 5073 1147 5129 20.
1182 5074 1344 5129 Avril
1416 5073 1534 5128 u'ils
1569 5092 1638 5129 ne
1683 5075 1979 5145 pouvoient
2018 5076 2095 5130 lui
2129 5075 2261 5130 don·

319 5162 426 5200 ner
464 5145 541 5198 du
585 5158 805 5198 secours
850 5142 885 5196 a
928 5160 1087 5198 cause
1134 5144 1230 5199 des
1273 5154 1398 5197 trou
1438 5144 1517 5197 les
1567 5144 1661 5213 qui
1712 5144 1977 5214 agitoient
2021 5144 2164 5198 alors
2206 5144 2261 5198 18

317 5214 509 5269 Suisse
544 5222 602 5267 et
634 5212 768 5267 dont
798 5212 854 5266 la
872 5213 1099 5284 religion
1126 5212 1263 5268 etoit
1297 5214 1351 5267 la
1382 5227 1542 5266 cause
1569 5228 1639 5265 ou
1674 5213 1725 5265 le
1758 5213 2027 5282 pretexte,
2062 5217 2121 5267 et
2154 5229 2260 5281 que

321 5282 601 5337 d’ailleurs
634 5283 704 5336 ils
737 5283 957 5336 avoient
991 5284 1027 5338 a
1058 5282 1307 5336 craindre
1324 5298 1464 5352 pour
1480 5281 1810 5335 eux-memes
1834 5282 1904 5336 de
1937 5284 1994 5335 18
2065 5287 2154 5336 art
2184 5283 2259 5336 du

322 5352 435 5406 duc
462 5352 530 5405 de
565 5350 774 5408 Savoie.
853 5349 958 5404 Les
1005 5357 1229 5406 cantens
1274 5351 1609 5421 catholiques
1652 5352 1974 5406 convinrent
2053 5367 2084 5404 e
2134 5350 2259 5405 s’as-

2074 426 2237 492 1562
2278 423 2587 491 APRIL.

4192 431 4316 495 394

3260 612 3455 686 3775.

2838 782 3365 851 ZERKIN'I'ES
3412 782 3848 854 GALVINO.

2545 954 2775 1023 Missis
2823 957 3106 1038 privatis
3157 955 3703 1038 disceptationum
3758 957 3845 1023 ad
3898 977 3998 1024 res
4054 960 4318 1028 maioris

2370 1042 2659 1109 momenti
2712 1042 2957 1109 anime
3010 1041 3328 1126 en'qendos
3382 1061 3515 1108 esse
3572 1061 3731 1123 quae
3786 1043 3918 1108 iam
3974 1044 4047 1109 in
4087 1044 4316 1113 discri-

2371 1127 2818 1210 minepoeitae
2856 1127 3164 1194 vendices
3198 1126 3488 1211 tlayitant
3526 1131 3695 1193 tanto
3736 1128 3893 1195 nodo
3931 1129 4205 1213 dionunt.

2662 1297 2769 1367 (Ex
2808 1296 3143 1368 autographo
3179 1297 3310 1353 Ood.
3349 1297 3548 1353 Gener.
3586 1296 3704 1366 114,
3736 1298 3828 1354 fol.
3872 1298 4010 1368 114.)

2374 1471 2439 1536 A
2473 1491 2627 1537 mon
2663 1469 3091 1536 treshonnore
3125 1469 3430 1554 seigneur
3459 1490 3619 1568 pere
3654 1478 3721 1535 et
3754 1471 3926 1537 frere
3968 1491 4052 1537 en
4096 1482 4314 1542 nostre

2373 1555 2678 1641 seigneur
2719 1555 2992 1622 maistre
3036 1554 3242 1707 1011Ξὲ
3268 1554 3540 1708 32³1?ss
3568 1555 3870 1623 ministre
3914 1555 3993 1622 de
4035 1557 4316 1645 l'esglise

2548 1812 2694 1879 Non
2750 1813 2962 1880 dicam
3023 1830 3173 1877 cum
3241 1810 3387 1877 illo:
3460 1811 3722 1893 Quando
3776 1832 3883 1897 eye
3947 1835 4070 1881 non
4133 1817 4321 1884 timui

2367 1900 2668 1985 yraviora
2699 1897 2987 1982 pericula
3027 1899 3197 1963 veris
3212 1897 3248 1961 ἓ
3281 1894 3328 1982 ¹)
3370 1895 3617 1963 leviora
3658 1897 3834 1964 enim
3880 1899 4069 1966 timui
4113 1923 4317 1986 quum

2370 1984 2679 2070 graviora
2720 1985 3052 2070 ingruant.
3137 1982 3243 2048 De
3285 1991 3471 2049 motu
3516 1981 3775 2051 Galliae
3816 2005 3923 2051 me
3979 1984 4158 2069 loqui
4212 1987 4315 2053 in-

2371 2069 2635 2155 telligis.
2729 2068 2879 2153 Qua
2921 2076 3109 2152 parte
3151 2089 3191 2132 a
3235 2070 3475 2135 nostris
3518 2076 3857 2153 peccatum
3901 2071 3988 2137 sit
4029 2072 4170 2157 ipse
4214 2073 4315 2138 in·

2372 2156 2568 2231 dicas,
2666 2156 2795 2222 uod
2849 2175 3074 2239 regem
3128 2151 3503 2221 deserentes
3557 2153 3950 2223 adversariis
4002 2157 4314 2240 permise-

2370 2249 2548 2308 runt.
2677 2261 2830 2307 uam
2864 2241 3107 2325 exigua
3139 2259 3290 2323 spes
3325 2241 3415 2306 sit
3446 2241 3926 2324 recuperandae
3959 2244 4315 2310 occasionis

2370 2329 2667 2408 amissae,
2724 2347 2830 2392 res
2883 2327 2907 2392 i
2954 2346 3028 2393 sa
3083 2324 3340 2392 clamat.
3412 2324 3639 2392 Socios
3685 2326 3835 2392 belli
3876 2350 3962 2394 ex
4004 2327 4315 2395 Helvetia

2370 2412 2590 2480 nullos
2630 2422 2790 2497 puto
2824 2412 2912 2477 ha
2955 2415 3162 2478 ituros
3205 2418 3482 2490 nostros,
3501 2415 3558 2488 ²)
3602 2411 4011 2480 adversarios
4053 2424 4122 2479 et
4163 2414 4313 2480 hos-

2370 2507 2474 2565 tes
2519 2500 2812 2565 fortassis
2854 2496 3116 2563 multos.
3201 2494 3381 2578 Quid
3436 2497 3767 2580 impediat,
3823 2518 3956 2565 non
4000 2508 4104 2566 est
4143 2499 4315 2583 quod

2372 2583 2492 2651 tibi
2535 2605 2884 2671 suggeram
2926 2582 3176 2649 homini
3218 2581 3495 2649 oculato.
3567 2581 3935 2651 causamur
3954 2584 4315 2652 0181011011-

2371 2692 2511 2737 80111
2577 2669 3088 2737 controversiam
3151 2689 3334 2734 arma
3385 2670 3800 2735 minitantem
3857 2677 3924 2736 et
3985 2671 4179 2737 civile
4241 2673 4314 2736 in

2418 2756 2589 2824 atria
2630 2757 2775 2842 ipsa
2816 2754 3082 2834 bellum,
3140 2775 3374 2838 resque
3432 2754 3724 2821 nondum
3784 2776 3933 2822 cum
3979 2756 4143 2823 duce
4189 2756 4313 2823 Sa·

2369 2778 2640 2911 {cadiae
2683 2849 3069 2909 transactas.
3139 2840 3287 2926 Ego
3321 2840 3442 2907 has
3477 2841 3927 2909 excusationes
3969 2843 4138 2908 tanti
4180 2863 4314 2908 non

2369 2928 2537 2996 facio
2577 2929 2806 3014 quanti
2848 2926 3077 2992 militis
3131 2928 3273 3011 agri
3332 2927 3540 2992 nostri
3583 2924 3878 2994 difficiles
3922 2935 3989 2993 et
4030 2929 4315 3013 impara-

2372 3021 2475 3082 tos
2516 3035 2732 3081 mores
2776 3012 3007 3081 alienis
3050 3011 3353 3097 periculis
3395 3011 3915 3094 commiserandi,
3959 3035 4125 3098 quae
4158 3014 4313 3080 reli·

2370 3101 2582 3186 gionis
2623 3120 2823 3167 causa
2864 3099 3343 3182 suscipiuntur:
3402 3098 3573 3164 tanti
3622 3099 3870 3166 faciunt
3925 3099 4315 3167 recordatio-

2369 3208 2525 3253 nem
2568 3193 2637 3252 et
2677 3185 3059 3252 memoriam
3100 3190 3363 3250 nostrae
3417 3183 3639 3250 cladis.
3731 3184 3964 3251 Audeo
4018 3183 4141 3251 tibi
4191 3186 4317 3253 hoc

2369 3273 2730 3345 affirmare:
2789 3273 2845 3337 si
2899 3280 3165 3337 senatus
3207 3290 3417 3355 prona
3457 3269 3796 3337 voluntate
3841 3271 4039 3338 vellet
4079 3293 4317 3357 suppe-

2368 3362 2497 3426 tias
2538 3360 2710 3424 ferre
2751 3355 3062 3423 fratribus
3105 3357 3177 3421 in
3221 3355 3458 3436 Gallia,
3511 3377 3645 3422 non
3688 3356 4064 3424 habiturum
4107 3379 4315 3442 popu-

2366 3444 2509 3510 lum
2574 3444 2746 3510 dicto
2810 3442 3202 3510 audientem.
3308 3441 3480 3507 Nam
3543 3441 3644 3507 illi
3712 3442 3844 3527 ipsi
3907 3443 4024 3528 qni
4087 3451 4316 3510 contra

2368 3529 2581 3596 edicta
2614 3538 2880 3597 senatus
2910 3528 3248 3610 hucusque
3282 3548 3514 3612 regum
3548 3528 3894 3611 stipendiis
3927 3529 4312 3609 militarunt,

2367 3618 2758 3684 mercenarii
2814 3626 2972 3681 sunt
3012 3614 3260 3680 milites
3302 3613 3583 3698 praedae
3625 3624 3690 3679 et
3741 3615 3830 3680 sti
3875 3617 3899 3679 i
3940 3616 4311 3698 mancipati,

2370 3702 2451 3769 de
2513 3701 2853 3787 religionis
2917 3721 3114 3767 causa
3172 3719 3402 3783 parum
3461 3698 3741 3766 solliciti.
3827 3636 4003 3782 auid
4067 3698 4312 3782 igitur?

2366 3788 2646 3872 inquies.
2729 3787 2918 3852 Itane
2975 3786 3236 3852 refrixit
3290 3784 3574 3853 caritas?
3656 3786 3805 3852 Non
3863 3786 4138 3864 refrixit,
4194 3785 4311 3852 sed

2368 3876 2695 3941 exstincta
2736 3884 2854 3951 est,
2916 3880 3104 3955 pater
3147 3892 3224 3936 ac
3278 3872 3484 3937 frater
3541 3871 3932 3938 venerande.
4016 3870 4313 3937 Mundus

2366 3961 2723 4027 universus
2763 3979 2884 4024 sua
2926 3965 3132 4037 curat,
3177 3955 3262 4022 ad
3304 3957 3560 4024 exitum
3604 3957 3831 4042 vergit.
3926 3956 4094 4040 Spes
4136 3956 4312 4041 apud

2368 4066 2477 4112 me
2532 4043 2715 4111 nulla
2770 4051 2872 4111 est
2923 4044 3052 4109 nisi
3094 4041 3416 4111 adventus
3459 4043 3750 4109 Domini.
3823 4042 3899 4107 Si
3941 4042 4137 4108 nimis
4192 4043 4310 4108 tibi

2367 4130 2600 4198 videor
2655 4129 2951 4214 pusillae,
3006 4128 3203 4194 nimis
3254 4138 3321 4195 et
3363 4128 3739 4213 desperatae
3782 4129 4042 4207 mentis,
4098 4129 4313 4214 cogita

2370 4237 2612 4302 quaeso
2652 4236 2761 4282 me
2817 4214 2995 4281 aliud
3059 4214 3301 4281 sentire
3355 4234 3488 4279 non
3553 4233 3759 4297 posse,
3824 4234 4030 4298 quum
4089 4213 4312 4280 omnia

2368 4323 2538 4387 quae
2589 4322 2696 4367 me
2745 4298 3038 4385 undique
3089 4299 3516 4366 circumstant
3558 4298 3895 4364 meliorem
3946 4320 4126 4384 spem
4171 4321 4309 4366 om-

2369 4410 2521 4454 nem
2579 4385 2977 4471 praecidant.
3070 4383 3148 4451 Si
3204 4405 3310 4450 me
3364 4404 3641 4469 magnae
3705 4384 4119 4452 difficultates
4176 4406 4309 4451 non

2366 4474 2749 4559 impediant,
2807 4471 3040 4537 videbo
3097 4479 3167 4535 te
3217 4470 3514 4554 proximo
3565 4490 3808 4536 mense.
3887 4470 3964 4537 Si
4009 4471 4132 4538 hoc
4175 4492 4309 4537 non

2365 4579 2632 4645 possum
2649 4611 2667 4640 ,
2748 4556 3023 4624 scribam
3102 4565 3325 4621 tamen
3387 4553 3681 4622 subinde.
3770 4554 3955 4622 Vale.
4049 4559 4310 4624 Bernae

2366 4651 2469 4712 20.
2518 4644 2763 4728 Aprilis
2816 4645 2994 4708 1562.

3506 4778 3687 4845 Tuus
3728 4778 4131 4846 Zerchintes.

2362 4959 2561 4966 --⁴-.---.—
2596 4955 2771 4967 “-

2359 5073 2597 5128 sembler
2631 5073 2664 5125 8
2698 5071 2923 5125 8010810
2969 5071 3023 5124 10
3067 5068 3154 5125 26.
3241 5070 3347 5125 Les
3391 5069 3650 5124 reformes
3695 5087 3730 5140 y
3779 5072 4113 5141 envoyerent
4159 5071 4302 5122 aussi

2360 5144 2509 5198 leurs
2541 5140 2772 5210 deputes
2807 5156 2946 5210 pour
2980 5137 3275 5194 de'tourner
3321 5140 3469 5193 leurs
3514 5139 3667 5194 811108
3713 5138 3782 5193 de
3816 5140 4051 5210 prendre
4101 5146 4226 5206 part
4268 5141 4303 5192 a

2359 5214 2806 5361 ffiffiemoms·
2808 5315 2821 5328 .
2859 5276 3075 5334 Horma·
3105 5277 3153 5332 1.
3190 5276 3271 5332 11.

2565 5346 2629 5417 2)
2672 5346 2809 5405 Vnde
2838 5345 3264 5416 praecedentem.
