4850 6117
651 399 779 463 607

647 582 855 651 laeum
896 587 1211 659 nostrum,
1255 601 1338 646 ne
1383 599 1673 664 unquam
1715 578 1998 645 scribere
2040 576 2371 643 desinatis.
2460 575 2601 640 Vix

650 667 911 736 creditis
967 674 1361 751 quantopere
1426 673 1681 732 vestras
1737 666 1961 731 literas
2013 661 2476 740 desideremus,
2533 672 2602 727 et

651 774 804 822 eum
870 754 1076 819 animi
1118 751 1523 838 gratitudine
1566 750 1978 836 accipiamus.
2067 749 2217 814 Non
2251 745 2602 814 admodum

649 841 843 906 firma
884 860 1061 906 nune
1104 859 1252 904 sum
1298 837 1672 904 valetudine
1714 845 2000 902 attamen
2051 833 2166 900 diu
2210 842 2276 899 et
2318 833 2602 898 multum

650 926 1011 1011 perquisivi
1059 923 1216 1009 quid
1259 924 1532 990 habeam
1576 944 1797 989 rerum
1843 931 2123 987 tuarum.
2214 921 2387 986 Nam
2432 918 2602 984 nihil

649 1010 922 1095 perinde
984 1010 1215 1077 vellem
1266 1031 1467 1094 quam
1522 1017 1594 1075 ut
1648 1006 1895 1093 aliquid
1935 1005 2361 1090 responderes
2409 1003 2598 1071 Stan-

649 1117 813 1164 caro.
872 1094 1009 1163 Sed
1043 1097 1353 1181 fatigatus
1376 1095 1675 1180 diligenti
1704 1093 2188 1178 perquisitione,
2225 1092 2392 1156 nihil
2421 1088 2600 1155 aliud

649 1183 879 1250 inveni
921 1201 1120 1267 quam
1163 1181 1334 1265 quod
1389 1183 1458 1247 in
1518 1181 1842 1265 praesenti
1899 1180 2103 1245 mitto.
2185 1176 2323 1244 Oro
2380 1185 2602 1244 autem

651 1276 727 1335 ut
785 1269 1101 1334 remittas.
1200 1268 1372 1333 Nam
1433 1276 1548 1333 tua
1603 1266 1766 1332 mihi
1819 1264 2298 1332 communicata
2352 1261 2603 1328 dudum

653 1355 893 1422 remisi.
992 1354 1180 1421 ‘l'unc
1235 1353 1396 1420 haec
1442 1351 1862 1420 exscribenda
1922 1352 2165 1417 curavi.
2253 1348 2408 1415 Alia
2467 1368 2603 1413 non

652 1440 880 1521 habeo,
925 1461 1046 1506 nec
1088 1440 1220 1506 scio
1263 1436 1433 1522 quod
1467 1458 1760 1523 unquam
1795 1436 2147 1521 quidquam
2189 1434 2269 1500 de
2313 1433 2606 1501 Stancari

651 1525 848 1593 rebus
891 1524 1132 1608 aliquid
1177 1523 1259 1591 ad
1294 1545 1398 1590 me
1438 1524 1712 1591 miseris.
1770 1528 1874 1589 24.
1921 1521 2311 1588 Novembris
2355 1520 2604 1587 electus

654 1620 756 1678 est
799 1612 869 1676 in
903 1612 1157 1696 Regem
1209 1611 1657 1677 Romanorum
1702 1608 2213 1687 Maximilianm,
2258 1614 2603 1674 coronatus

656 1701 737 1763 29
785 1696 1093 1764 eiusdem.
1183 1696 1391 1762 Missa
1426 1695 1664 1762 dicitur
1682 1717 1774 1761 -eo
1820 1695 2059 1779 legatio
2104 1694 2399 1772 Tunica,
2439 1711 2603 1775 quae

654 1784 852 1849 iactat
894 1784 1254 1848 'furcarum
1304 1782 1775 1866 Imperatorem
1822 1780 2066 1846 auxilia
2114 1780 2402 1846 laturum
2446 1798 2604 1843 con-

656 1876 760 1935 tra
815 1868 1087 1934 rebelles
1132 1868 1404 1935 Galliae.
1486 1870 1628 1953 Ego
1686 1867 1851 1931 mihi
1893 1864 2249 1949 persuadeo
2302 1865 2419 1930 illa
2453 1883 2602 1930 con-

654 1956 810 2021 flata
864 1975 1004 2020 esse
1059 1962 1201 2019 arte
1257 1953 1605 2032 Pontificis,
1658 1952 2100 2035 Imperatoris,
2156 1951 2601 2017 Ferrariensis

653 2049 721 2107 et
754 2040 1189 2124 Letharingii.
1259 2040 1582 2106 Dominus
1626 2037 1895 2122 dissipet
1941 2036 2215 2105 consilia
2250 2036 2601 2121 impiorum

653 2135 722 2193 et
776 2134 993 2193 servet
1052 2127 1434 2192 invocantes
1488 2146 1731 2192 nomen
1789 2125 1947 2190 eius.
2037 2123 2226 2201 Vale,
2272 2144 2405 2189 una
2448 2143 2600 2190 cum

656 2212 995 2279 Ionvillaeo
1029 2219 1094 2277 et
1131 2212 1316 2278 bonis
1359 2211 1680 2278 omnibus.
1768 2208 2018 2277 Omnes
2060 2209 2271 2275 nostri
2314 2215 2382 2274 te
2425 2207 2600 2274 salu-

656 2305 821 2363 tant.
900 2296 1134 2364 Saluta
1208 2298 1404 2363 etiam
1469 2299 1702 2363 fratres
1766 2304 1833 2362 et
1894 2302 2291 2382 symmystas
2354 2316 2598 2360 omnes.

655 2384 885 2468 Tiguri
943 2387 1043 2448 31.
1087 2383 1469 2450 Decembris
1533 2388 1711 2448 1562.
1811 2382 1960 2448 Non
2027 2382 2247 2465 relegi.
2351 2379 2601 2447 Salvus

656 2470 745 2536 sit
792 2469 1050 2537 Trecius
1092 2469 1398 2535 Polonus.

1758 2605 1940 2674 'runs
1982 2604 2423 2690 Bullingerus.

1532 3120 1738 3193 3889.

1199 3272 1667 3343 OALVINUS
1712 3272 2076 3342 TREOIO.

837 3442 1115 3527 Roganti
1153 3449 1222 3509 ut
1277 3447 1363 3512 ad
1397 3466 1684 3527 proceres
1724 3446 2025 3529 quosdam
2074 3445 2339 3512 Polonos
2379 3445 2610 3512 scribat

662 3550 784 3613 quo
825 3530 897 3595 in
951 3533 1116 3596 recta
1162 3531 1287 3613 lide
1338 3533 1786 3614 confirmentur,
1840 3533 2158 3615 respondet
2199 3552 2265 3600 se
2312 3530 2608 3599 Poloniae

652 3621 1010 3697 pomarum
1052 3636 1176 3683 non
1217 3638 1349 3683 una
1388 3618 1464 3683 de
1504 3638 1699 3684 causa
1732 3618 1898 3685 nihil
1939 3618 2061 3685 tale
2099 3619 2434 3701 facturum.

662 3786 1056 3851 (Describimus
1109 3803 1262 3842 exem
1303 3789 1388 3841 lar
1443 3788 1727 3842 lenvillaei
1779 3789 1836 3842 in
1882 3788 2010 3844 Cod.
2048 3788 2253 3843 Genev.
2308 3787 2456 3853 1072,
2512 3789 2605 3846 fol.

661 3853 746 3922 83,
782 3856 902 3910 coll.
939 3872 985 3909 c.
1021 3855 1153 3910 eod.
1192 3857 1213 3908 1
1293 3897 1307 3924 ,
1342 3856 1434 3911 fol.
1470 3856 1521 3924 9,
1557 3858 1686 3912 Cod.
1725 3858 1897 3912 Paris.
1935 3859 2130 3929 Dupuy
2169 3857 2282 3927 102,
2317 3858 2408 3912 fol.
2444 3856 2515 3912 25
2549 3876 2602 3912 v.

1311 3926 1442 3981 Cod.
1479 3927 1643 3980 Bern.
1683 3926 1784 3983 VI.
1818 3925 1962 3994 364.)

659 4094 1095 4163 ornatissimo
1157 4097 1300 4163 viro
1357 4097 1441 4164 D.
1489 4097 1963 4183 christophoro
2000 4100 2230 4167 ‘Precio
2285 4100 2496 4167 amico
2540 4108 2608 4166 et

1276 4183 1467 4249 fratri
1513 4204 1660 4249 meo
1699 4183 1986 4251 colendo.

832 4352 904 4420 S.
940 4354 1190 4420 Literis
1233 4353 1387 4434 tuis,
1439 4355 1859 4440 integerrime
1912 4356 2134 4435 frater,
2200 4356 2443 4422 iterum
2488 4379 2602 4423 ex-

661 4438 1004 4506 acerbatus
1080 4437 1204 4504 fuit
1271 4438 1452 4507 dolor
1514 4462 1706 4524 quem
1782 4462 1866 4507 ex
1924 4441 2227 4508 infaustis
2290 4441 2603 4510 Poloniae

662 4522 945 4590 dissidiis
967 4545 1408 4609 conceperam.
1460 4525 1856 4611 Quanquam
1879 4528 2178 4593 nonnihil
2203 4527 2367 4593 mihi
2387 4529 2602 4595 solatii

660 4608 881 4674 attulit
914 4608 1083 4693 quod
1117 4610 1413 4677 intellexi
1446 4633 1531 4678 ex
1565 4612 1880 4679 fratribus
1915 4634 2048 4680 non
2092 4613 2302 4694 malis,
2346 4615 2460 4699 qui
2502 4616 2601 4680 in-

659 4694 1064 4761 considerate
1107 4694 1189 4761 ad
1234 4696 1658 4763 defectionem
1701 4699 1987 4783 prolapsi
2032 4709 2239 4780 erant,
2286 4699 2601 4785 quosdam

661 4801 837 4847 nune
891 4777 972 4844 de
1034 4782 1293 4865 integro
1354 4783 1709 4852 coalescere
1783 4786 1850 4849 in
1913 4785 2205 4852 sincerae
2269 4784 2602 4853 doctrinae

662 4885 1072 4933 consensum.
1153 4868 1515 4954 Rogandus
1551 4870 1735 4936 Deus
1790 4879 1867 4936 ιιι
1919 4872 2092 4936 malo
2151 4892 2420 4956 prorsus
2461 4874 2599 4939 exi-

661 4951 806 5017 tiali
847 4949 1207 5017 remedium
1249 4956 1561 5021 inveniat.
1640 4955 1811 5021 Nam
1854 4965 1930 5022 ut
1972 4957 2092 5024 has
2134 4965 2349 5040 partes
2394 4960 2598 5027 susci-

660 5040 840 5123 piam
882 5034 1118 5103 adduci
1160 5060 1428 5122 nequeO.
1496 5042 1587 5106 Et
1608 5043 1913 5125 quoniam
1957 5043 2221 5128 propius
2263 5065 2369 5110 me
2402 5066 2600 5129 urges

661 5144 857 5208 cogor
898 5121 1102 5187 libere
1139 5136 1205 5190 et
1247 5125 1654 5192 familiariter
1695 5129 1813 5194 tibi
1849 5130 2080 5209 dicere,
2125 5130 2285 5196 satis
2321 5131 2600 5198 antehac

662 5208 1110 5275 molestiarum
1167 5210 1334 5276 mihi
1376 5233 1416 5278 a
1458 5213 1672 5295 patria
1707 5223 1928 5281 vestra
1967 5216 2168 5282 fuisse
2210 5216 2597 5283 exhibitum.

663 5293 879 5378 Saepe
955 5296 1155 5362 etiam
1215 5303 1490 5365 testatus
1554 5319 1719 5379 sum,
1803 5322 2007 5384 quum
2073 5322 2219 5367 mea
2282 5302 2599 5370 adversus

2132 386 2658 455 EPISTOLAE
2705 390 3131 453 3888—3890

2657 4045 2666 4130 ff

4500 393 4607 454 608

2707 574 3085 642 Stancarum
3126 576 3459 660 responsio
3493 576 3780 661 maligne
3816 583 3884 641 et
3918 575 4362 643 fraudulenter
4381 577 4612 660 sepulta

2701 662 2916 742 fuerit,
2939 667 2989 742 ¹)
3025 661 3195 727 nihil
3238 663 3456 728 minus
3489 671 3999 729 consentaneum
4034 684 4175 729 esse
4208 683 4403 747 quam
4436 665 4611 730 armis

2701 743 3052 833 spoliatum
3115 750 3188 812 in
3251 755 3582 815 certamen
3647 748 3838 815 trahi.
3925 748 4198 834 Ignosce
4246 749 4444 834 igitur
4483 750 4614 832 quia

2701 836 2948 900 frustra
3011 855 3051 900 a
3104 855 3209 900 me
3279 834 3571 918 postulas
3626 834 3797 918 quod
3860 856 4197 920 nunquam
4240 835 4612 918 impetrabis.

2701 921 2932 1005 Neque
2978 927 3198 987 tamen
3255 920 3506 986 interea
3561 921 3819 987 animus
3863 929 3965 988 est
4018 919 4423 987 orthodoxae
4462 921 4612 1001 fidei,

2700 1027 2897 1091 quam
2938 1007 3121 1090 impii
3165 1006 3523 1073 nebulones
3568 1006 3741 1090 apud
3784 1028 3904 1072 vos
3957 1008 4358 1087 concutiunt,
4423 1016 4614 1089 patro-

2701 1092 2944 1160 cinium
3011 1092 3329 1159 deserere.
3428 1089 3562 1158 Sed
3628 1092 3795 1158 ratio
3859 1112 4055 1177 quam
4120 1093 4287 1158 mihi
4351 1093 4615 1178 iniungis

2701 1178 2918 1245 nescio
2951 1176 3270 1263 quomodo
3313 1200 3354 1243 a
3388 1178 3677 1244 moribus
3720 1179 3882 1245 meis
3926 1185 3994 1244 et
4026 1177 4491 1246 consuetudine
4522 1179 4617 1244 ab·

2702 1265 2944 1330 horret.
3032 1264 3183 1329 Non
3245 1264 3526 1330 libenter
3591 1264 3673 1331 ad
3727 1264 4021 1332 homines
4084 1266 4348 1349 ignotos
4411 1265 4615 1332 scribo.

2703 1351 2910 1435 Atqui
2974 1349 3340 1416 Lismanmi
3355 1349 3412 1436 ²)
3489 1350 3983 1435 importunitate
4060 1352 4276 1417 victus
4357 1371 4500 1415 sum
4556 1361 4619 1415 ut

2704 1436 2875 1521 apud
2921 1436 3235 1520 plurimos
3278 1456 3541 1520 operam
3586 1435 3944 1521 perderem.
4022 1437 4232 1503 Porro
4276 1437 4428 1521 quia
4459 1458 4617 1503 meae

2704 1523 2996 1588 facilitati
3060 1523 3280 1588 minus
3340 1522 3616 1589 feliciter
3666 1524 3995 1603 successit,
4062 1523 4184 1589 hae
4239 1524 4617 1607 experientia

2704 1607 3018 1675 divinitus
3083 1607 3454 1674 admonitus
3500 1608 3742 1689 videor,
3806 1617 3882 1675 ιιι
3945 1609 4109 1674 mihi
4170 1609 4245 1674 in
4312 1619 4615 1692 posterum

2704 1700 3080 1778 temperem.
3169 1692 3359 1761 Adde
3401 1693 3592 1778 quod,
3650 1695 3706 1762 si
3750 1694 3834 1760 ad
3872 1716 3989 1761 sex
4031 1694 4140 1762 vel
4184 1695 4410 1762 decem
4442 1696 4617 1778 scrip-

2702 1800 2868 1859 sere,
2932 1778 3105 1864 apud
3163 1780 3325 1847 alios
3389 1780 3741 1847 aemulatio
3798 1790 4101 1847 nascetur
4154 1783 4270 1865 qui
4325 1780 4618 1864 putabunt

2702 1866 2846 1950 pari
2902 1888 2972 1932 se
3017 1866 3262 1932 honore
3304 1866 3505 1932 fuisse
3549 1866 3798 1952 dignos.
3885 1866 3994 1932 Ita
4036 1869 4092 1933 si
4136 1867 4327 1934 vobis
4382 1866 4619 1949 obsequi

2702 1951 3003 2018 studeam
3046 1952 3269 2018 nullus
3313 1953 3438 2018 erit
3481 1953 3653 2018 finis.
3742 1952 3845 2019 Ad
3901 1952 4064 2019 haec
4106 1973 4380 2038 corpore
4422 1953 4621 2018 debili·

2702 2045 2838 2104 tato
2882 2039 2975 2105 sic
3018 2039 3407 2105 immnutus
3465 2048 3567 2105 est
3621 2039 3824 2104 animi
3867 2039 4054 2124 vigor
4093 2049 4187 2119 ut,
4251 2040 4315 2105 si
4363 2039 4465 2106 vel
4503 2058 4620 2103 ma·

2701 2125 2878 2190 xime
2914 2124 3145 2203 enitar,
3187 2146 3319 2189 non
3358 2133 3577 2190 tamen
3605 2124 3689 2189 ad
3711 2125 4051 2192 subeunda
4085 2124 4418 2209 quaelibet
4450 2146 4621 2190 onera

2702 2211 2879 2276 vires
2923 2211 3268 2276 sufficiant.
3344 2209 3542 2292 Quod
3584 2210 3642 2277 si
3686 2223 3949 2278 vacaret
3990 2211 4292 2295 mihique
4336 2219 4404 2276 et
4444 2211 4619 2275 otium

2701 2304 2765 2362 et
2809 2296 3083 2362 facultas
3118 2304 3513 2380 suppeteret,
3557 2296 3850 2364 cavenda
3885 2306 4105 2363 tamen
4141 2307 4241 2363 est
4281 2297 4620 2363 ambitionis

2701 2382 2965 2466 species,
3028 2403 3158 2465 qua
3215 2382 3288 2446 in
3334 2391 3520 2466 parte
3574 2404 3708 2448 non
3765 2384 3923 2448 satis
3978 2383 4141 2449 forte
4198 2383 4620 2449 consideratus

2702 2468 2797 2535 fui
2868 2489 3070 2551 quum
3135 2467 3545 2553 indulgerem
3610 2469 3827 2553 potius
3893 2469 4170 2535 aliorum
4237 2471 4414 2535 votis
4455 2488 4620 2551 quam

2703 2553 3019 2620 iudicium
3062 2575 3285 2618 meum
3328 2575 3650 2639 sequerer.
3721 2556 3813 2620 Et
3855 2567 4028 2622 certe
4072 2556 4198 2622 nisi
4243 2555 4621 2622 satisfaciant

2704 2640 2932 2706 literae
2965 2660 3359 2716 communes,
3398 2662 3659 2707 causam
3697 2661 3915 2706 merae
3953 2643 4229 2708 vanitati
4265 2640 4617 2718 adscribam,

2705 2726 2966 2874 guando
3007 2747 3144 2791 rem
3190 2726 3400 2810 ipsam
3445 2725 3724 2793 dilucide
3773 2728 4109 2812 complecti
4155 2727 4383 2794 studui
4425 2737 4489 2791 et
4526 2724 4619 2790 ad-

2751 2812 2844 2877 ito
2887 2811 3359 2878 exhortationis
3415 2813 3680 2879 stimulo
3738 2834 3964 2879 omnes
4018 2814 4102 2880 ad
4155 2822 4429 2880 strenue
4479 2833 4618 2897 pug-

2708 2897 3000 2963 nandum
3042 2899 3336 2964 animare
3377 2909 3649 2965 conatus
3691 2920 3855 2965 sum.

2879 2983 3071 3065 Quod
3116 2985 3202 3050 ad
3242 2983 3678 3069 Despotam⁸)
3722 2991 3987 3069 spectat,
4058 2984 4215 3069 quid
4257 2986 4490 3052 coloris
4526 2983 4618 3049 ob-

2707 3069 2973 3136 tendam
3038 3092 3170 3136 non
3233 3068 3440 3146 viden,
3505 3069 3615 3137 vel
3682 3092 3808 3155 quo
3874 3079 4219 3152 praetextu
4263 3071 4618 3137 temeritatis

2708 3165 2932 3222 notam
2997 3157 3323 3238 effugiam,
3388 3155 3472 3221 ad
3536 3178 3687 3222 eum
3753 3157 4093 3224 scribendo
4155 3159 4344 3225 cuius
4408 3176 4617 3223 nomen

2707 3263 2962 3326 quoque
3021 3243 3186 3308 mihi
3238 3251 3337 3309 est
3392 3243 3710 3328 ignotum.
3797 3242 4109 3310 Studium
4153 3243 4419 3329 quidem
4460 3252 4617 3309 tuum

2705 3327 2919 3406 laude,
2982 3329 3098 3394 sed
3139 3349 3357 3394 meum
3398 3335 3501 3394 est
3553 3329 3868 3412 dispicere
3912 3351 3996 3395 ne
4037 3330 4286 3415 scripta
4329 3351 4473 3396 mea
4511 3349 4617 3393 non

2706 3416 2847 3480 sine
2913 3413 3192 3479 ludibrio
3235 3414 3308 3479 in
3351 3435 3564 3480 aerem
3611 3417 3965 3500 proiiciam.
4055 3415 4282 3498 Quare
4328 3437 4442 3499 pro
4481 3414 4617 3479 ami-

2705 3500 2861 3566 citia
2902 3509 3125 3566 nostra
3167 3521 3325 3585 rogo
3363 3508 3434 3565 ut
3476 3502 3654 3568 zelus
3699 3518 3848 3567 tuus
3892 3502 4176 3586 aliquem
4211 3523 4402 3568 meae
4434 3499 4617 3565 mode-

2705 3586 2944 3652 rationi
2985 3587 3201 3653 locum
3236 3586 3575 3670 relinquat.
3643 3588 3816 3653 Nam
3850 3609 3979 3672 quo
4013 3588 4265 3654 minore
4303 3584 4618 3672 prudentia

2703 3693 2850 3738 sum
2915 3672 3262 3757 praeditus,
3328 3693 3406 3738 00
3470 3674 3758 3740 timidior
3820 3694 3968 3740 sum
4033 3682 4102 3739 et
4163 3674 4247 3740 ad
4288 3671 4617 3743 cavendum

2706 3759 3020 3824 attentior
3062 3779 3204 3824 esse
3247 3757 3466 3825 debeo.

2875 3845 3022 3910 Iam
3064 3865 3240 3922 vero,
3286 3846 3379 3910 mi
3428 3845 3627 3924 Treci,
3686 3865 3887 3929 quum
3931 3847 4210 3929 patriam
4255 3844 4475 3911 videas
4503 3844 4615 3908 luc·

2704 3937 2890 3997 tuoso
2982 3929 3286 3997 incendio
3362 3932 3644 4014 flagrare
3667 3981 3685 4010 ,
3786 3940 4045 3998 tuarum
4132 3932 4419 4016 partium
4498 3948 4614 3995 esse

2705 4016 3011 4083 existima
3060 4038 3193 4081 non
3238 4016 3533 4082 celeriter
3588 4025 3848 4083 tantum
3902 4039 4239 4084 accurrere
4292 4017 4407 4085 sed
4447 4015 4613 4082 etiam

2705 4099 3012 4168 advolare
3076 4102 3131 4168 si
3198 4102 3340 4167 fieri
3403 4102 3624 4186 possit.
3713 4101 4225 4169 ornatissimum
4286 4106 4497 4171 virum
4543 4098 4611 4164 D.

2705 4186 3116 4254 Ludovicum
3159 4187 3426 4255 Decium
3485 4209 3631 4254 meo
3683 4191 3948 4254 nomine
3992 4190 4352 4274 plurimum
4394 4188 4612 4255 salvere

2704 4273 2913 4356 cupio.
3001 4273 3185 4353 Vale,
3251 4274 3664 4341 ornatissime
3729 4275 3848 4354 vir,
3921 4283 3988 4342 et
4052 4275 4216 4340 mihi
4278 4298 4364 4342 ex
4426 4275 4611 4340 animo

2703 4357 2971 4427 colende
3016 4360 3235 4427 frater.
3316 4361 3638 4427 Dominus
3683 4368 3751 4427 te
3793 4362 4030 4444 spiritu
4070 4382 4190 4428 suo
4234 4382 4455 4447 regere
4486 4379 4608 4443 per·

2703 4456 2817 4528 gat
2857 4456 3048 4529 atque
3092 4446 3273 4510 omni
3318 4445 3630 4514 donorum
3678 4468 3918 4532 genere
3981 4448 4052 4513 in
4095 4447 4236 4514 dies
4299 4446 4609 4530 locupletet

2703 4551 2778 4598 ae
2819 4531 3003 4597 brevi
3046 4532 3438 4597 incolumem
3480 4532 3730 4617 patriae
3772 4533 4023 4600 reddat.
4111 4534 4435 4601 Genevae.
4452 4536 4505 4608 ⁴)

2697 4837 2877 4921 8839.
2903 4838 2961 4905 1)
3012 4837 3217 4894 Contra
3262 4836 3592 4896 &aucarum
3658 4842 3884 4923 seu-ipsit
3909 4860 3979 4923 .ss
4027 4840 4163 4897 1560
4199 4847 4263 4924 ‘et
4310 4840 4456 4896 1561.
4532 4833 4605 4890 De

2696 4914 3487 5045 meracae&
3519 4916 3599 5035 ιε’
3617 4924 3984 5045 §xxxa-m
4040 4911 4263 5049 ,aaa
4276 4905 4603 5050 mm

2699 5043 2965 5101 Calvinus
2997 5046 3074 5100 ad
3105 5059 3357 5113 proceres
3426 5047 3656 5102 uaedam
3690 5051 3958 5106 scriberet.

2900 5112 2935 5168 3
3005 5114 3369 5182 Walacho'ae(
3437 5151 3453 5168 .
3483 5114 3663 5185 3875).

2902 5182 2936 5237 4
2990 5182 3067 5238 In
3111 5183 3315 5239 codicis
3358 5183 3461 5239 108
3505 5188 3751 5256 maraine
3792 5186 3925 5243 haec
3956 5186 4236 5256 loquum.-
4300 5184 4499 5253 Scripta
4536 5179 4598 5233 vi·

2698 5252 2860 5306 detur
2914 5270 2967 5308 a.
3024 5251 3158 5307 1554
3209 5253 3397 5309 eodem
3448 5261 3695 5326 tempore
3759 5273 3868 5326 quo
3903 5273 3990 5325 ep.
4037 5256 4111 5311 ad
4146 5257 4341 5325 Regem
4377 5249 4596 5308 Poloniae

2699 5321 2905 5390 scripta
2959 5337 3124 5390 quam
3174 5321 3263 5376 hic
3297 5331 3576 5379 memorat.
3875 5327 3964 5380 vir
4250 5324 4482 5396 quisquis
4524 5317 4597 5373 ffle
