4850 6117
467 403 596 467 ⁷23

477 589 587 669 tis,
603 590 659 671 ⁴)
710 589 1060 674 Greqorius
1099 590 1389 658 vicissim
1432 591 1514 658 ab
1558 589 1783 657 eodem
1831 595 2174 656 accusatur
2217 594 2422 653 teme-

480 676 712 742 ritatis.
798 676 927 742 Hic
971 674 1137 757 ideo,
1193 678 1361 760 quod
1406 683 1557 743 ante
1602 685 1857 759 tempus
1899 696 2281 761 progressus
2323 682 2424 739 est

481 773 617 827 tam
683 761 876 846 longe
929 763 999 826 in
1059 783 1134 828 eo
1178 761 1511 847 dogmate:
1582 761 1694 829 ille
1738 782 1895 827 vero
1960 761 2148 844 quod,
2219 780 2421 844 quum

479 869 601 932 per
659 867 896 913 manus
960 848 1041 914 ab
1107 868 1184 914 eo
1241 849 1363 914 hoc
1403 849 1485 913 do
1531 868 1639 912 ma
1682 847 2022 932 acceperit,
2070 847 2152 913 ab
2196 844 2419 912 eodem

481 953 554 1000 se
615 933 823 999 veluti
890 932 1121 1012 deseri,
1189 934 1344 1000 dum
1411 935 1478 999 ni
1530 933 1574 998 il
1641 932 1883 999 diserte
1940 932 2422 1017 requirentibus

478 1017 852 1102 respondet,
933 1020 1370 1103 conqueritur.
1482 1020 1720 1086 Merito
1784 1020 1987 1103 igitur
2048 1027 2260 1103 potest
2325 1017 2421 1084 eis

477 1104 642 1170 illud
685 1105 990 1189 impingi:
1079 1106 1188 1171 En
1231 1126 1360 1189 quo
1416 1106 1689 1171 miseros
1747 1104 2056 1189 perduxit
2099 1101 2422 1171 discordia

478 1192 674 1257 cives.
699 1194 753 1270 ⁸)
839 1191 1042 1257 Parat
1085 1212 1264 1258 nunc
1307 1192 1431 1255 iter
1474 1190 1556 1256 ad
1597 1189 1980 1274 Despotam,
2001 1195 2054 1268 ⁶)
2113 1211 2232 1256 nec
2275 1188 2421 1254 vult

479 1283 774 1343 nostram
842 1283 1222 1359 exspectare
1286 1276 1609 1361 synodum
1675 1297 1841 1360 quae
1904 1284 2007 1342 est
2047 1276 2295 1343 indicta
2326 1274 2420 1364 ,ad

481 1361 652 1428 diem
705 1365 781 1425 14
826 1363 1006 1428 Maii.
1027 1367 1085 1439 ⁷)
1151 1360 1285 1428 Sed
1323 1363 1402 1428 de
1425 1362 1796 1428 Lis-manino
1838 1363 2027 1428 satis:
2083 1363 2258 1428 nosti
2300 1361 2417 1427 ho-

478 1447 681 1513 minis
748 1448 1108 1532 ingenium.
1198 1448 1492 1514 Graecus
1536 1457 1652 1528 est,
1705 1448 1811 1514 vel
1870 1447 2084 1531 potius
2131 1447 2418 1515 Graeco-

477 1533 702 1599 Italus.
771 1533 1062 1616 Utraque
1106 1555 1266 1619 gens
1309 1555 1437 1599 non
1474 1542 1653 1601 caret
1685 1534 1928 1600 talibus
1964 1534 2157 1600 vitiis.
2227 1532 2417 1599 Sem-

473 1640 595 1703 per
638 1627 857 1684 autem
900 1620 1045 1687 exci
1091 1622 1151 1684 io
1195 1621 1369 1686 viros
1412 1621 1550 1703 pios
1593 1626 1661 1685 et
1702 1618 2022 1686 honestos.

651 1705 849 1770 Felix
876 1706 986 1771 ille
1176 1708 1306 1789 iyer
1325 1706 1709 1783 occubuit,⁸)
1754 1715 1822 1771 et
1854 1703 2113 1790 quidem
2156 1704 2415 1770 insueto

479 1811 720 1876 genere
783 1791 1029 1857 mortis.
1133 1791 1217 1856 D.
1281 1791 1741 1873 Szafranecius,
1795 1792 1903 1856 vir
1950 1791 2245 1870 illustris,
2303 1790 2416 1856 ubi

478 1896 631 1942 eum
671 1876 1002 1943 intellexit
1042 1876 1370 1943 labascere
1413 1877 1801 1961 iamiamque
1843 1878 1912 1942 in
1957 1876 2230 1942 eandem
2268 1897 2415 1942 sen-

475 1963 747 2027 tentiam
794 1964 1011 2028 animo
1056 1963 1476 2046 propendere,
1522 1962 1692 2028 dixit
1732 1973 1808 2028 ut
1849 1962 1968 2028 sibi
2020 1962 2217 2028 aliam
2261 1983 2414 2028 con—

473 2047 787 2113 ditionem
854 2056 1227 2132 quaereret:
1298 2070 1367 2114 se
1424 2050 1600 2114 enim
1652 2049 1823 2114 nolle
1880 2069 2020 2115 esse
2062 2057 2411 2133 patronum

474 2140 610 2198 tam
675 2133 901 2200 foedae
958 2133 1305 2201 doetrinae.
1394 2135 1540 2201 Hoc
1595 2155 1902 2218 responso
1947 2142 2210 2218 accepto
2253 2131 2413 2200 Pin-

471 2220 726 2286 coviam
807 2223 1235 2304 commigrare
1314 2218 1712 2300 decreverat,
1777 2222 2034 2304 iamque
2100 2222 2239 2304 ipso
2308 2219 2415 2285 die

473 2305 814 2372 Paschatis
854 2307 1065 2371 coetui
1108 2328 1223 2372 suo
1268 2304 1686 2372 valedicebat.
1754 2307 2073 2372 Absoluta
2105 2306 2413 2373 concione

477 2391 825 2474 derepente
886 2392 1182 2469 concidit,
1240 2393 1331 2457 ita
1384 2401 1459 2457 ut
1515 2413 1602 2457 ne
1653 2393 1949 2476 proloqui
1992 2392 2254 2476 quidem
2298 2412 2412 2475 po-

473 2479 693 2558 tuerit,
759 2498 835 2543 ac
898 2478 993 2542 ita
1060 2477 1323 2542 tandem
1403 2479 1697 2561 sequenti
1763 2477 1866 2543 die
1931 2490 2227 2544 mortuus
2291 2485 2409 2542 est.

474 2562 667 2643 Quae
725 2584 831 2629 res
899 2564 1094 2628 etiam
1161 2563 1474 2646 plurimos
1538 2564 1761 2630 movit.
1865 2564 2028 2631 Dico
2094 2565 2286 2642 enim,
2355 2564 2411 2629 si

473 2650 619 2799 {liis
672 2651 948 2714 istorum
1007 2650 1218 2732 potuit
1271 2670 1538 2715 cursum
1595 2670 1788 2716 verae
1832 2649 2163 2716 doctrinae
2206 2650 2410 2731 impe-

525 2735 633 2812 're‚
706 2734 818 2799 ille
876 2744 1047 2801 certe
1088 2734 1239 2800 talis
1282 2742 1440 2801 erat.
1535 2735 1877 2819 Greyorius
1941 2742 2059 2814 est,
2116 2744 2190 2801 ut
2241 2735 2411 2800 nosti

470 2820 824 2898 hominem,
885 2821 994 2904 qui
1060 2821 1272 2905 magis
1327 2821 1596 2887 audacia
1661 2843 1777 2904 pro
1820 2822 2139 2905 sapientia
2182 2821 2410 2885 utitur.

473 2906 869 2972 Lutomt‘m'us
886 2911 940 2982 ⁰)
1007 2928 1162 2973 vero
1204 2906 1503 2973 indoctus
1548 2916 1647 2973 est
1689 2916 1755 2972 et
1798 2908 2187 2973 tumultuosi
2230 2908 2411 2991 inge-

473 2991 587 3057 nii.
657 2993 788 3058 Hic
831 3013 986 3058 vero
1029 2993 1111 3058 ab
1155 2998 1433 3076 utroque
1476 2994 1635 3058 vitio
1679 2994 1904 3078 procul
1938 3003 2079 3060 erat
2112 2999 2197 3073 et,
2242 2992 2413 3076 quod

469 3098 784 3162 magnum
851 3088 969 3157 est,
1039 3078 1384 3143 autoritate
1446 3078 1705 3146 valebat
1768 3088 1835 3144 et
1888 3081 2115 3164 gratia.
2204 3077 2414 3143 Doleo

470 3162 759 3228 hominis
802 3165 1029 3242 vicem,
1097 3183 1174 3228 eo
1220 3164 1430 3248 magis
1490 3175 1705 3230 autem
1759 3166 1930 3249 quod
1997 3185 2035 3230 a
2080 3185 2238 3230 vero
2283 3173 2415 3229 tra-

470 3250 635 3314 mite
678 3249 1092 3315 exorbitavit.
1181 3247 1289 3315 Sit
1351 3257 1569 3315 autem
1614 3253 1675 3316 ei
1718 3250 2041 3317 Dominus
2075 3251 2412 3334 propitius.

648 3335 732 3400 In
789 3336 927 3401 dies
985 3335 1255 3401 laetiora
1304 3344 1370 3400 et
1404 3337 1616 3420 magis
1671 3337 1885 3403 fausta
1940 3345 2413 3421 exspectamus,

472 3423 760 3487 maxime
824 3442 983 3488 vero
1041 3443 1124 3486 ex
1184 3442 1262 3486 ea
1324 3423 1574 3506 synodo
1639 3421 1719 3487 de
1783 3444 1910 3507 qua
1966 3426 2098 3488 iam
2143 3422 2300 3489 dixi.
2328 3425 2413 3500 ¹⁰)

478 3506 888 3574 Convocatur
952 3507 1114 3572 haec
1179 3507 1484 3590 auspiciis
1548 3529 1936 3591 magnorum
1991 3509 2302 3588 virorum,
2351 3515 2417 3574 et

475 3593 733 3678 quidem
780 3593 1308 3671 orthodoxorum,
1354 3615 1590 3675 nempe
1633 3594 1991 3659 Castellani
2026 3594 2417 3661 cracovien-

474 3682 583 3760 siS,
606 3685 691 3758 ¹¹)
734 3679 1023 3746 Palatini
1068 3678 1509 3757 Lublinensis,
1549 3678 1906 3745 Oastellani
1930 3679 2417 3745 Sendomirien-

475 3767 565 3831 sis
594 3770 673 3850 ¹2)
727 3766 877 3846 (hoc
932 3773 1035 3830 est
1090 3762 1434 3846 Capitanei
1477 3765 2139 3850 Margenborgensis).
2240 3765 2417 3831 Huic

477 3854 658 3919 enim
701 3852 894 3919 cessit
937 3850 1098 3915 haec
1147 3849 1572 3933 praefectura.
1664 3851 1788 3916 Vir
1846 3850 2202 3936 singularis
2257 3874 2414 3936 pru-

475 3939 732 4005 dentiae
778 3946 845 4002 et
888 3937 1166 4020 pietatis.
1234 3933 1414 4000 Sunt
1455 3944 1523 4000 et
1566 3936 1674 4001 alii
1733 3937 2001 4020 plurimi
2057 3937 2167 4020 qui
2209 3936 2418 4002 literis

472 4023 919 4112 synodalibus,
966 4042 1134 4105 quae
1175 4023 1307 4086 iam
1352 4029 1510 4086 sunt
1549 4022 1933 4105 publicatae,
1987 4024 2259 4088 nomina
2298 4044 2418 4088 sua

474 4112 1000 4195 subscripserunt
1039 4115 1107 4172 et
1150 4107 1366 4191 sigilla
1410 4118 1876 4191 apposuerunt,
1932 4120 1998 4173 et
2042 4130 2265 4175 omnes
2307 4108 2417 4174 isti

476 4197 826 4265 orthodoxi
868 4201 1039 4261 sunt.
1110 4191 1438 4277 Optabam
1482 4215 1603 4279 ego
1644 4193 1943 4278 equidem
1989 4203 2054 4259 et
2098 4194 2206 4260 alii
2243 4215 2417 4260 com-

676 4500 738 4567 4)
774 4501 864 4554 De
896 4501 999 4557 hoe
1034 4500 1422 4557 Labienieciua
1449 4518 1506 4571 p.
1545 4502 1648 4557 168
1681 4518 1752 4557 ss.
1788 4502 1929 4557 siha
1959 4503 2133 4558 habet.

680 4570 740 4638 5)
776 4570 948 4640 Lege.-
979 4571 1066 4623 En
1103 4588 1210 4639 quo
1244 4571 1501 4641 perduxit
1534 4574 1762 4626 miseros
1796 4571 2067 4625 discordia
2101 4573 2262 4626 cives.

679 4638 741 4705 6)
780 4637 1039 4693 Simlerus
1054 4642 1277 4694 coniicit
1292 4640 1381 4695 hie
1392 4639 1696 4708 Despotam
1708 4640 2025 4695 Moldaviae
2044 4640 2413 4712 (Walaokiae)

725 4707 1096 4761 Rada-'vilium
1169 4707 1348 4762 uidem
1383 4708 1539 4775 infra
1573 4709 1734 4763 aliter
1767 4709 2018 4778 desiqmt
2049 4716 2159 4765 not.
2197 4710 2278 4763 18.

681 4773 742 4839 7)
780 4775 870 4828 De
904 4793 1015 4844 qua
1052 4778 1114 4830 vi
1217 4776 1446 4831 Lubien.
1479 4795 1534 4845 p.
1577 4777 1676 4832 161
1711 4794 1817 4847 seq.

679 4843 741 4913 8)
775 4844 930 4898 Idem
961 4860 1016 4911 p.
1063 4844 1193 4906 159,-
1243 4844 1399 4913 Salio
1438 4861 1495 4914 p.
1539 4845 1643 4900 656
1686 4862 1784 4901 see.
1833 4844 2295 4916 Reqenvoloeima.
2349 4878 2414 4888 —

472 4915 631 4971 Stan.
669 4913 1061 4978 Seafranecius
1094 4920 1215 4968 erat
1254 4913 1539 4984 Cruciqeri
1568 4920 1850 4984 patronus.

681 4981 743 5050 9)
776 4982 925 5036 Stan.
984 4979 1337 5046 Lutomirius‚
1390 4998 1420 5036 e
1462 5000 1558 5037 ues
1609 4984 1846 5039 Polonus
1897 4987 2223 5039 secretarius
2273 4986 2418 5057 regis

473 5051 806 5123 sigismundi
841 5051 1087 5118 Augusti,
1122 5067 1183 5105 su
1223 5052 1433 5106 erinten
1475 5069 1571 5107 ens
1617 5059 1744 5123 post
1779 5054 2124 5125 Orucigerum
2169 5056 2417 5111 ecclesia-

472 5139 598 5176 rum
630 5120 857 5175 minoris
893 5118 1150 5172 Poloniae
1211 5120 1382 5175 Sand.
1417 5120 1529 5190 42).

649 5188 740 5256 10)
774 5188 852 5244 ad
877 5187 1030 5256 prid.
1065 5186 1154 5241 Id.
1194 5188 1322 5242 Mai
1356 5189 1678 5246 Oracoviam
1712 5197 2025 5248 convocata.

649 5258 742 5318 11)
779 5257 1023 5313 ,Ioannis
1061 5255 1287 5311 Comitis
1318 5273 1355 5310 a
1403 5258 1648 5315 Tamow.

646 5326 741 5394 12)
774 5325 970 5382 Joach.
1008 5323 1379 5380 Lubomirski.

471 4710 653 4765 innui.

2131 397 2596 468 EPISTOLA
2639 402 2807 465 3938

4336 401 4468 464 724

2525 590 2764 674 plures,
2806 596 2882 655 ut
2924 595 2991 655 te
3034 591 3261 656 adesse
3304 590 3458 657 huic
3491 589 3740 678 synodo
3784 590 4180 674 contigisset,
4224 596 4289 655 et
4310 612 4464 676 pro-

2525 675 2680 742 inde
2758 683 2893 742 tam
2958 675 3232 743 sollicite
3300 676 3626 759 prioribus
3691 676 3898 743 literis
3960 677 4322 756 monebam,
4386 683 4467 743 ut

2523 781 2905 847 properares
2949 771 3016 828 et
3056 761 3461 829 cohortabar.
3529 763 3797 829 Fuisset
3832 762 3953 828 hoc
3989 760 4227 845 absque
4262 761 4464 829 dubio

2523 855 2591 912 et
2640 848 2759 914 tibi
2825 856 2892 913 et
2931 847 3051 913 toti
3107 848 3416 915 eeclesiae
3469 848 3765 933 perutile.
3850 848 3994 913 Iam
4036 867 4210 913 nune
4251 847 4464 914 literis

2523 933 2657 999 tuis
2691 932 3109 1017 respondebo.
3198 934 3464 1000 Literas
3519 935 3824 1019 prolixas,
3888 933 3969 999 de
4025 933 4258 1017 quibus
4299 936 4464 1001 scri-

2520 1019 2642 1102 bis,
2688 1041 2806 1086 nec
2847 1020 2982 1087 vidi
3026 1039 3150 1087 nec
3197 1019 3277 1084 de
3321 1020 3417 1086 eis
3461 1021 3699 1088 audivi.
3786 1020 3924 1086 Nec
3967 1019 4213 1086 falleris
4253 1042 4464 1105 augu-

2522 1106 2636 1170 rio.
2716 1105 2822 1170 Ita
2861 1112 2977 1173 est.
3063 1106 3128 1172 N
3129 1106 3438 1173 ebulones
3473 1107 3890 1190 supprimunt
3923 1105 4157 1171 omnia.
4220 1105 4463 1189 Oupie-

2522 1191 2673 1258 bam
2715 1191 2990 1274 proinde
3033 1212 3154 1276 ego
3197 1200 3273 1257 ut
3334 1198 3413 1257 tu
3467 1191 3750 1259 studiose
3793 1193 4196 1276 autographa
4233 1212 4463 1258 eorum

2521 1297 2938 1360 quaecunque
2982 1284 3117 1343 toto
3158 1278 3283 1344 hoc
3325 1278 3650 1345 curriculo
3693 1279 4009 1361 scripsere
4053 1276 4137 1343 ad
4171 1299 4287 1343 vos
4308 1299 4463 1344 con·

2521 1364 2812 1446 quireres
2856 1373 2926 1429 et
2967 1362 3053 1429 ad
3093 1384 3199 1429 me
3242 1364 3350 1431 vel
3393 1366 3868 1430 transmitteres
3925 1363 4029 1429 vel
4065 1384 4201 1429 una
4242 1373 4464 1429 tecum

2520 1460 2919 1533 apportares.
3027 1448 3343 1534 Inprimis
3408 1459 3627 1515 autem
3702 1450 3927 1534 rogavi
3995 1447 4168 1513 mitti
4232 1448 4463 1515 literas

2518 1535 2666 1600 illas
2713 1533 2788 1600 P.
2835 1535 3165 1619 Martyris,
3210 1535 3436 1601 literas
3458 1535 3842 1614 Lismanini,
3884 1535 3999 1602 ubi
4033 1555 4138 1600 me
4182 1535 4463 1602 circum-

2520 1621 2801 1687 scribere
2844 1621 3020 1705 apud
3063 1620 3210 1688 illos
3251 1620 3540 1687 illustres
3582 1622 3759 1687 viros
3801 1628 4070 1687 conatus
4112 1629 4229 1700 est,
4273 1621 4463 1687 simi-

2520 1706 2670 1771 liter
2712 1706 2981 1772 Italicae
3024 1706 3332 1774 ecclesiae
3375 1708 3747 1772 testimonia
3791 1728 3907 1772 seu
3949 1706 4289 1774 historiam
4327 1709 4465 1773 Ac-

2517 1800 2752 1858 torum.
2799 1792 3090 1859 Dederas
3132 1791 3293 1858 mihi
3338 1793 3710 1877 exemplum
3756 1793 4088 1871 Pataviae,
4136 1792 4248 1858 sed
4293 1813 4463 1877 opus

2520 1886 2619 1944 est
2652 1900 2786 1944 una
2829 1900 2977 1946 cum
3044 1878 3258 1964 sigillo
3303 1887 3368 1968 et
3421 1879 3908 1962 subscriptione.
3998 1878 4180 1944 Haec
4221 1886 4287 1943 et
4328 1879 4461 1944 alia

2517 1985 2636 2050 per
2675 1973 2740 2030 te
2784 1965 3077 2049 conquiri
3111 1964 3434 2048 optabam,
3494 1975 3566 2029 ut
3609 1985 3758 2029 cum
3803 1964 4035 2049 sigillis
4079 1971 4293 2029 tecum
4336 1986 4456 2048 ap-

2514 2056 2831 2133 portares.
2898 2050 3261 2134 Praecipue
3285 2071 3440 2116 vero
3461 2050 3853 2135 Capitaneus
3888 2057 4108 2114 noster
4128 2071 4169 2115 a
4188 2050 4452 2135 Marge-

2516 2137 2725 2220 burga
2779 2136 2960 2219 cupit
3015 2136 3375 2201 transmitti
3428 2136 3652 2201 literas
3710 2137 3856 2202 illas
3907 2133 4246 2201 seditiosas
4294 2135 4453 2201 Gre-

2510 2223 2678 2306 9orii
2720 2243 2998 2305 quarum
3044 2221 3292 2305 aliquot
3332 2222 3777 2307 paragraphos
3820 2224 4202 2288 inserueras.

2689 2307 2990 2374 Stanearo
3031 2316 3107 2373 ut
3165 2306 3640 2392 respondeatur
3703 2328 3743 2372 a
3785 2308 4120 2392 Tigurinis
4152 2307 4235 2393 ¹³)
4291 2327 4457 2391 roga

2513 2390 2780 2459 obsecra
2834 2405 2899 2459 et
2964 2415 3146 2479 urge,
3222 2394 3316 2458 ita
3382 2402 3602 2459 tamen
3659 2402 3734 2458 ut
3797 2414 3930 2459 non
3988 2393 4459 2459 obliviscantur

2514 2480 2710 2546 etiam
2768 2480 2958 2545 istius
3009 2500 3260 2545 causae.
3349 2478 3668 2562 Oupimus
3734 2479 3911 2544 enim
3975 2479 4324 2563 enavigare
4368 2501 4453 2544 ex

2515 2573 2940 2648 utrorumque
3003 2566 3342 2649 angustiis.
3453 2564 3846 2649 Quanquam
3914 2564 4258 2631 Stancarus
4319 2566 4454 2630 iam

2516 2651 2667 2716 vela
2702 2650 2989 2718 dedisset
3021 2673 3142 2717 nec
3174 2652 3668 2734 impressionem
3705 2659 3992 2717 nostram
4015 2651 4453 2729 sustinuisset,

2516 2736 2643 2801 nisi
2699 2736 2824 2804 hoc
2881 2757 3052 2802 novo
3107 2738 3463 2803 certamine
3517 2738 3587 2801 in
3644 2737 3841 2820 pedes
3903 2745 4157 2803 erectus
4202 2737 4453 2802 fuisset.

2517 2824 2834 2888 Attamen
2890 2844 2996 2888 res
3055 2822 3194 2889 eius
3258 2824 3326 2888 in
3373 2821 3606 2889 declivi
3649 2829 3823 2888 suut.
3910 2821 4456 2888 Mendacissimus

2517 2909 2715 2973 homo
2794 2910 2864 2973 in
2938 2909 3340 2993 praefatione
3402 2908 3579 2973 illius
3641 2908 3791 2973 libri
3855 2907 4291 2973 calumniatur
4354 2929 4463 2973 me

2518 2994 2883 3079 symbolum
2950 2994 3303 3060 Athanasii
3367 2993 3727 3078 appellasse
3793 2994 4157 3079 symbolum
4224 2992 4467 3059 Satha-

2519 3081 2703 3146 nasii.
2785 3082 2883 3146 Ac
2926 3080 2982 3146 si
3024 3101 3144 3165 ego
3189 3081 3451 3146 sinistre
3495 3079 3575 3145 de
3617 3080 3729 3145 illo
3785 3079 4080 3165 symbolo
4124 3081 4462 3144 senserim.

2520 3165 2825 3232 Testatus
2869 3187 3015 3231 sum
3060 3173 3274 3231 autem
3313 3185 3532 3232 coram
3565 3173 3634 3232 te
3678 3186 3952 3248 semper,
3996 3173 4063 3231 et
4098 3186 4275 3230 nunc
4307 3186 4465 3231 cum

2520 3251 2943 3319 iureiurando
2977 3259 3199 3329 testor,
3246 3250 3326 3317 de
3371 3251 3493 3317 hac
3536 3272 3608 3316 re
3651 3273 3757 3317 me
3800 3274 3883 3316 ne
3927 3253 4282 3317 somniasse
4318 3252 4464 3333 qui·

2521 3337 2687 3403 dem.
2795 3335 3074 3422 Semper
3138 3345 3514 3403 reverenter
3576 3340 3751 3403 sensi
3818 3336 3897 3402 de
3962 3337 4074 3402 illo
4150 3334 4466 3422 symbolo.

2518 3424 2706 3508 Rogo
2749 3424 2951 3509 igitur
2994 3425 3078 3489 D.
3128 3423 3466 3489 Sinderum
3509 3431 3582 3489 ut
3626 3423 3823 3488 huius
3876 3424 3973 3487 rei
4029 3423 4096 3487 in
4141 3443 4259 3489 suo
4294 3421 4470 3487 libro

2518 3509 2917 3575 mentionem
2960 3509 3156 3577 faciat
3210 3517 3278 3574 et
3329 3531 3434 3575 me
3492 3510 3572 3576 ab
3629 3531 3707 3574 ea
3764 3509 4089 3576 calumnia
4132 3507 4466 3574 defendat.

2519 3593 2799 3679 Semper
2842 3596 3018 3660 enim
3062 3596 3130 3661 in
3176 3616 3293 3661 suo
3343 3595 3569 3660 nativo
3612 3616 3812 3661 sensu
3854 3594 4018 3661 illud
4063 3593 4468 3678 accipiebam

2518 3689 2586 3746 et
2627 3701 2806 3747 nunc
2841 3682 3114 3764 accipio:
3160 3681 3233 3745 in
3278 3681 3467 3748 cuius
3512 3682 3607 3746 rei
3650 3681 3842 3747 fidem
3890 3683 4079 3747 mitto
4124 3680 4240 3745 tibi
4276 3679 4467 3746 libel-

2518 3766 2654 3832 lum
2699 3789 2889 3850 quem
2936 3767 3057 3833 sub
3102 3766 3315 3832 alieno
3360 3766 3622 3832 nomine
3666 3766 3854 3832 edidi.
3930 3768 4038 3832 Ita
4081 3767 4256 3831 enim
4298 3765 4465 3830 ami-

2519 3852 2611 3920 cis
2656 3852 3019 3917 videbatur.

2690 3939 3106 4021 Propositum
3150 3931 3235 4003 D.
3288 3935 3539 4004 calvini
3581 3935 3661 4002 de
3702 3935 3951 4002 edendo
3994 3936 4159 4002 libro
4200 3957 4279 4002 ea
4323 3957 4465 4001 me-

2519 4023 2719 4089 thodo
2786 4025 2975 4090 sicuti
3032 4023 3260 4091 scribis
3324 4023 3490 4088 mihi
3535 4023 3805 4090 mirifice
3844 4022 4074 4105 placet,
4143 4028 4206 4087 et
4270 4022 4467 4092 mitto

2519 4110 2636 4174 tibi
2697 4109 3071 4193 exemplum
3116 4117 3433 4175 tractatus
3476 4130 3592 4191 per
3636 4107 4178 4192 Christophorum
4226 4108 4462 4190 Leopo-

2518 4195 2786 4262 litaniam
2808 4197 2887 4275 ¹⁴)
2933 4196 3134 4260 missi.
3225 4195 3358 4259 Det
3400 4214 3556 4280 ergo
3597 4193 3873 4271 Calvina,
3918 4195 4058 4261 viro
4104 4193 4247 4272 Dei,
4276 4195 4462 4259 Deus

2521 4280 2720 4346 robur
2762 4288 2830 4347 et
2862 4283 3162 4364 spiritum
3203 4301 3394 4347 suum
3440 4288 3515 4345 ut
3556 4280 3831 4346 istorum
3864 4282 4211 4365 gigantum
4235 4299 4462 4362 super-

2519 4367 2692 4433 biam
2737 4368 3123 4451 comprimat
3166 4375 3233 4432 et
3276 4366 3549 4451 gloriam
3592 4367 3720 4433 Dei
3762 4366 4065 4431 illustret.
4134 4366 4465 4432 Omnibus

2520 4454 2766 4532 amicis,
2832 4474 2994 4537 quos
3031 4453 3139 4519 hie
3183 4452 3495 4535 plurimos
3553 4452 3765 4533 habet,
3832 4473 3974 4517 rem
4018 4452 4463 4537 gratissimam

2519 4540 2729 4605 faciet.

2691 4625 2982 4708 Propera
3026 4622 3109 4688 ad
3152 4644 3292 4705 nos,
3349 4624 3440 4690 mi
3492 4622 3948 4705 Christophore:
4010 4644 4148 4688 rem
4193 4621 4462 4687 verissi-

2517 4732 2697 4776 mam
2738 4730 2955 4790 narro,
3022 4711 3114 4775 ita
3156 4731 3332 4776 nunc
3376 4710 3667 4775 omnium
3713 4707 3882 4776 oculi
3925 4709 3995 4772 in
4040 4718 4106 4773 te
4149 4717 4304 4773 sunt
4346 4706 4462 4772 de-

2518 4797 2638 4862 fixi
2681 4805 2757 4862 ut
2799 4797 2920 4862 vix
2964 4795 3289 4861 recordari
3353 4797 3596 4879 possim
3642 4794 3842 4860 ullius
3907 4794 4015 4860 hic
4060 4793 4287 4859 Poloni
4345 4792 4463 4858 ad-

2517 4890 2793 4949 ventum
2836 4902 2985 4948 cum
3039 4888 3223 4947 tanta
3266 4881 3750 4964 exspectatione
3804 4888 3870 4945 et
3929 4879 4251 4947 desiderio
4307 4899 4461 4962 ope·

2691 5121 2777 5188 13)
2824 5120 2985 5189 Quod
3012 5120 3217 5187 factum
3251 5127 3331 5176 est
3363 5137 3401 5175 a
3436 5122 3593 5176 Ionia
3632 5120 3859 5175 Sicano
3892 5119 3954 5172 in
3988 5118 4189 5173 libello.-
4222 5117 4464 5186 Respon-

2519 5191 2600 5246 sio
2637 5190 2706 5244 ad
2741 5191 3065 5244 maledicum
3100 5190 3163 5244 F.
3198 5190 3446 5246 Stancari
3480 5191 3677 5246 librum
3713 5188 3834 5242 adv.
3872 5187 4128 5245 ecclesiae
4162 5186 4279 5255 Tig.
4304 5186 4465 5241 mini-

2519 5259 2784 5397 stros,1{3
2817 5259 3089 5384 {vringgagtse
3123 5265 3182 5315 et
3213 5259 3515 5314 mediatore
3550 5260 3592 5314 1.
3628 5258 3689 5312 Ο.
3759 5257 3878 5328 Tig.
3918 5255 4067 5311 1563.
4103 5254 4152 5308 8.
