4850 6117
281 434 355 497 61
1957 425 2117 489 1561
2165 420 2493 493 ΟΟΤΟΒ.
4171 431 4253 497 62

1133 614 1325 686 8577.

793 767 1202 838 VIRETUS
1245 768 1677 837 OALVINO.

440 939 628 1027 offla
668 941 919 1026 aliquid
960 942 1188 1010 maire
1233 943 1311 1008 ae
1351 940 1644 1025 manauco
1688 938 2106 1009 Possiaaeme.

322 1184 339 1236 l
389 1112 915 1238 lagubtogrgssotod.
949 1112 1156 1198 Gener.
1195 1112 1477 1236 111⁸‚BfoL
1515 1111 1633 1239 Ιᾶῗ.
1677 1112 1824 1236 (κήξ).1
1834 1129 1881 1167 c.
1915 1109 2205 1237 Οοᾱὲἱὲέθ,

342 1224 354 1235 ·
490 1220 629 1306 'mm
660 1200 791 1308 v31.
850 1182 1238 1306 ’ὅὲῗωέἓῑέἒ
1280 1198 1522 1307 ‘nssmn
1554 1199 1787 1322 Appi'p.
1824 1179 1999 1320 i’oefff’
2152 1198 2206 1236 ‘³'

425 1421 806 1490 Clarissimo
851 1423 1018 1489 Viro
1060 1419 1148 1489 D.
1191 1422 1427 1489 Ioanni
1471 1421 1771 1488 Calvino.

1695 1507 2029 1574 Genevae.

424 1679 495 1748 S.
567 1681 679 1748 Ex
747 1701 873 1765 quo
940 1701 1153 1765 nuper
1214 1679 1299 1745 ad
1363 1687 1430 1746 te
1494 1679 1747 1763 scripsi,
1808 1680 2030 1745 omnia
2096 1679 2203 1746 hic

260 1775 557 1853 pergunt,
602 1775 680 1833 ut
721 1767 925 1851 prius,
972 1767 1101 1832 nisi
1144 1766 1318 1850 quod
1372 1765 1625 1832 multus
1684 1774 1784 1831 est
1839 1786 2066 1832 rumor
2121 1764 2202 1830 de

260 1851 696 1937 praesidiariis
738 1852 1077 1930 militibus,
1121 1853 1233 1934 qui
1274 1852 1347 1915 in
1376 1851 1550 1918 hanc
1598 1851 1953 1917 mittuntur
1995 1852 2203 1936 regio-

261 1959 430 2004 nem:
488 1947 800 2005 metuunt
857 1940 1031 2005 enim
1089 1937 1344 2018 fratres,
1401 1959 1485 2003 ne
1527 1938 1638 2022 qui
1694 1937 1872 2003 inter
1914 1957 2022 2004 eos
2065 1937 2200 2003 sint

259 2025 706 2091 insolentiores
749 2025 862 2109 qui
906 2023 1151 2108 aliquid
1188 2025 1412 2090 ausint
1444 2032 1699 2090 tentare
1734 2031 1965 2091 contra
1999 2023 2198 2090 eccle-

260 2111 431 2190 siam,
490 2117 562 2175 et
619 2131 703 2177 ne
747 2131 976 2177 eorum
1034 2107 1324 2176 adventu
1380 2108 1600 2176 hostes
1650 2110 1861 2175 nostri
1916 2110 2197 2176 maiores

258 2205 511 2262 sumant
574 2197 828 2262 animos
886 2195 1470 2278 insolentioresque
1526 2193 1906 2261 reddantur.
2001 2193 2196 2277 Quod

258 2282 308 2347 si
356 2281 668 2349 acciderit
719 2301 1000 2367 magnae
1056 2280 1211 2347 inde
1264 2283 1557 2347 orientur
1610 2293 1678 2346 et
1732 2281 2087 2348 seditiones
2130 2290 2199 2347 et

256 2366 489 2435 caedes.
605 2366 739 2434 Sed
806 2368 1149 2446 Dominus,
1208 2377 1286 2432 ut
1342 2387 1551 2451 spero,
1612 2389 1732 2433 sua
1785 2364 2198 2450 providentia

257 2462 477 2521 cuncta
556 2454 1023 2520 moderabitur.
1138 2451 1319 2534 Quid
1400 2454 1514 2519 fiat
1580 2453 1650 2520 in
1728 2454 1883 2520 aula
1898 2504 1914 2531 ,
1993 2462 2060 2519 et
2121 2452 2195 2518 in

254 2536 582 2624 Colloquio
622 2540 956 2608 Poissiaco
1013 2560 1146 2605 non
1190 2537 1318 2605 nisi
1361 2558 1511 2605 raro
1557 2539 1876 2618 audimus,
1919 2547 1987 2604 et
2028 2558 2194 2622 quae

254 2624 542 2693 audimus
587 2646 798 2712 pauca
840 2638 1017 2703 sunt,
1062 2647 1183 2692 nec
1226 2624 1582 2691 admodum
1639 2636 1835 2693 certa.
1922 2625 2025 2691 'Pu
2067 2626 2089 2690 i
2141 2625 2192 2675 '-

252 2718 371 2790 tur,
432 2713 489 2779 si
536 2712 698 2796 quid
739 2711 963 2791 habes,
1020 2710 1195 2794 quod
1239 2717 1464 2777 nostra
1505 2713 1674 2778 scire
1715 2712 1997 2793 intersit,
2042 2647 2193 2777 ἰυῗθ

250 2816 358 2896 per
418 2797 711 2882 aliquem
787 2797 1189 2882 collegarum
1254 2797 1360 2898 ‘ad’
1412 2819 1531 2864 nos
1594 2798 1927 2898 perscribi.
2037 2797 2191 2897 Non

250 2891 1522 3036 ffiefftssuissiniuffissssfflfffissffii
1562 2903 1828 3056 32:333.
1839 2904 2192 3050 ⁰32¹}ssssss

247 3061 311 3119 et
365 3055 564 3122 fratri
627 3062 760 3135 tuo,
827 3063 895 3121 et
939 3054 1351 3136 Normandnb,
1419 3064 1485 3122 et
1546 3054 1633 3122 D.
1699 3056 2006 3138 Passelio‚
2029 3060 2080 3136 ²)
2134 3056 2191 3122 si

249 3140 497 3225 quando
548 3147 619 3208 te
663 3149 902 3227 rogent
965 3139 1046 3206 de
1087 3161 1195 3207 me
1239 3149 1308 3207 et
1349 3140 1545 3209 rebus
1587 3144 1771 3209 meis.
1851 3142 1947 3208 ΤΘ
1980 3141 2192 3208 nostri

248 3247 464 3294 omnes
542 3226 907 3312 plurimum
984 3227 1291 3293 salutant.
1414 3226 1585 3294 Vale
1674 3228 1918 3312 optime
1995 3236 2191 3312 atque

248 3309 612 3380 diutissime
651 3314 723 3379 in
744 3311 1055 3393 Domino,
1101 3313 1215 3398 qui
1254 3320 1321 3380 te
1364 3312 1555 3380 nobis
1599 3314 1711 3380 diu
1755 3321 1977 3382 servet
2012 3314 2190 3380 inco-

245 3395 507 3482 lumem,
576 3421 654 3467 ac
707 3420 965 3483 semper
1006 3400 1223 3485 magis
1277 3408 1473 3484 atque
1513 3400 1730 3487 magis
1772 3400 1910 3466 tuis
1949 3399 2194 3470 sanctis

244 3481 573 3552 laboribus
614 3479 975 3553 benedicat.
1060 3485 1378 3553 Nemausi
1423 3490 1524 3553 20.
1561 3484 1882 3554 Octobris.

1191 3640 1372 3707 Tuus
1414 3639 1676 3724 Gephas
1718 3641 2018 3707 mervius.

1125 4304 1318 4376 8578.

618 4460 1139 4529 VERMILIUS
1182 4461 1819 4530 BULLINGERO.

404 4633 589 4701 Haec
628 4632 855 4699 ultim
894 4638 984 4699 est
1014 4633 1282 4700 iamim
1313 4632 1569 4701 abituri.

1253 4805 1339 4859 ius
1372 4806 1594 4864 laudato
1627 4806 1732 4862 Ed.
1767 4807 1921 4875 1580,
1953 4810 2046 4865 rol.
2080 4807 2188 4865 589

216 4801 570 4982 ΨΜ
607 4819 677 4858 0¹
711 4803 1091 4928 ww.
1101 4872 1204 4928 15.
1238 4914 1254 4941 ‚
1290 4890 1346 4945 p.
1380 4874 1564 4941 η...)

243 5154 417 5212 85⁷⁷.
454 5152 514 5221 1)
554 5146 818 5204 simlerus
850 5145 1068 5218 quidem
1111 5152 1275 5216 putat
1306 5150 1515 5222 oblique
1557 5149 1738 5221 iponem
1778 5149 2065 5207 dawinum
2099 5151 2188 5207 de-

279 5229 295 5242 ·
445 5225 457 5235 ·
554 5218 752 5272 Verum
796 5217 965 5273 huius
1010 5230 1204 5270 nomen
1384 5235 1423 5273 a
1465 5219 1666 5276 dinem
1708 5235 2020 5289 capream
2052 5226 2186 5288 wat,

631 5299 761 5367 erqo
794 5286 947 5341 nullo
979 5284 1141 5340 mdo
1174 5300 1315 5354 opus
1347 5295 1478 5344 erat.
1556 5288 1641 5343 Du
1673 5293 1855 5358 comta
1888 5291 1957 5345 de
1985 5288 2188 5347 Iacobo

244 5292 500 5360 *pendam

682 5371 778 5411 mo
810 5355 876 5410 de
910 5352 1110 5424 Passy.

248 5361 524 5436 Soita-⁸⁸⁶⁰

2486 611 2665 676 Ante
2764 616 3002 676 uatuor
3055 608 3194 676 dies
3238 611 3470 696 scripsi
3496 615 3545 694 ¹)
3588 614 3748 682 satis
3789 615 3932 683 fuse
3975 616 4057 685 de
4097 639 4254 688 nos-

2311 696 2434 763 tris
2467 694 2684 776 rebus,
2764 693 2956 761 einde
2989 696 3391 780 respondens
3424 698 3632 768 literis
3644 699 3948 769 Lavaten·
3968 703 4252 788 adieci²)

2309 801 2419 932 §iu
2421 801 2639 931 1{loueien
2642 779 3037 934 aposedriffl
3088 791 3307 849 tresve
3350 782 3927 938 diessaconsequuta
3965 790 4251 861 fuerant.

2307 952 2614 1054 Primum
2679 952 2985 1019 Lutetiae
3047 888 3449 1038 pffi'izaffi
3511 886 4250 1037 estsmeldict’gmuuffo

2309 1037 2740 1122 prolubentur
2796 1057 2980 1105 arma
3037 1049 3102 1104 et
3155 1043 3519 1122 λιθοβολίαι,
3576 1044 4066 1114 interdicuntur
4118 984 4249 1117 flas

2308 1144 2536 1191 voces:
2590 1123 2909 1209 Papistae,
2969 1124 3361 1210 Hugonothi
3418 1130 3541 1211 (sic
3597 1131 3773 1199 enim
3832 1132 4247 1218 evangelicos

2306 1210 2673 1363 3323&
2708 1212 3167 1382 3νὲῗὶιὲῗὲ
3188 1214 3851 1372 3.]ῗὲῗὲἱὲὧῖ
3866 1217 4248 1375 ἳῑέἔέιῗξ

2304 1382 2734 1535 &bg-(debant,
2778 1381 3039 1467 quando
3081 1382 3280 1468 aliqui
3323 1395 3686 1455 conventus
3739 1411 3780 1457 a
3834 1393 4075 1458 nostris
4089 1327 4245 1461 pha-

2515 1479 2642 1534 tur.

2476 1553 2909 1638 Aquitanicae
2952 1554 3260 1622 ecclesiae
3299 1556 3730 1627 reddiderunt
3763 1563 4009 1647 templa
4042 1572 4111 1630 et
4147 1565 4245 1631 eis

2302 1638 2449 1706 loca
2521 1647 2679 1706 sunt
2755 1640 2882 1707 assi
3018 1648 3087 1706 ta
3150 1640 3232 1706 ad
3300 1662 3466 1725 quae
3530 1645 3831 1715 fidelibus
3893 1651 4244 1718 convenire

2301 1724 2512 1792 liceat.
2578 1763 2665 1773 —
2731 1762 2810 1773 —
2925 1725 3241 1793 onsiliarii
3314 1729 3627 1797 videntur
3689 1733 4002 1816 quasdam
4064 1735 4249 1822 leges

2301 1812 2543 1877 nostris
2585 1812 2872 1879 ecclesiis
2914 1812 3006 1877 im
3130 1811 3304 1880 ’turi
3320 1816 3381 1891 ⁴)
3469 1816 3790 1899 Primum,
3834 1829 3912 1885 ut
3950 1822 4023 1888 in
4079 1842 4248 1888 una-

2298 1899 3145 2050 ffissssissfflfflffl?
3198 1907 3740 2054 ”ffimuffi
3785 1916 3902 2004 “¹³¹²
3944 1910 4248 2060 ⁵223ss

2699 2031 2714 2047 .
3740 2011 3778 2057 e
3839 2012 3996 2058 inve

2296 2068 2586 2135 ministri
2627 2071 2857 2138 acerbe
2899 2071 2972 2135 in
3011 2005 3263 2156 Papa}
3294 2081 3363 2137 et
3400 2075 3687 2140 missam.
3771 2074 3923 2141 Non
3962 2078 4240 2162 impedi-

2296 2162 2419 2221 unt
2485 2157 2832 2240 quominus
2897 2156 3444 2241 descriptionibus
3506 2159 3668 2228 haec
3732 2169 3966 2228 taxent
4027 2164 4123 2228 ita
4164 2175 4241 2230 ut

2298 2248 2587 2309 astantes
2650 2241 3043 2328 intelligant,
3118 2242 3231 2310 sed
3295 2245 3669 2313 nominibus
3731 2247 3980 2315 vellent
4041 2250 4240 2332 parci,

2295 2347 2413 2410 pro
2457 2329 2789 2395 communi
2827 2349 3008 2412 pace,
3051 2351 3138 2395 ne
3180 2331 3450 2414 gravius
3491 2332 3692 2398 animi
3746 2334 4239 2401 exacerbentur.

2294 2413 2481 2481 Haec
2572 2421 2793 2480 tamen
2872 2437 2914 2481 a
2976 2416 3222 2483 nostris
3285 2437 3419 2482 non
3484 2425 3730 2485 temere
3793 2419 4241 2487 admittentur.

2296 2499 2650 2566 Dabuntur
2690 2501 2852 2567 item
2891 2501 3160 2568 nomine
3201 2503 3383 2587 regio
3423 2502 3508 2569 ad
3550 2504 3856 2572 ecclesias
3890 2504 4246 2590 diplomata

2296 2585 2535 2669 quibus
2591 2585 3226 2654 commendabuntur
3280 2589 3776 2672 magistratibus
3818 2600 3888 2658 et
3926 2591 4242 2675 praesidi-

2298 2672 2419 2738 bus
2464 2672 2726 2739 urbium
2770 2694 2846 2740 ac
2884 2674 3394 2756 provinciarum,
3439 2676 3822 2743 auferentur
3863 2698 4048 2744 arma
4087 2698 4241 2744 nos-

2297 2758 2417 2824 tris
2462 2774 2530 2824 et
2571 2757 2960 2827 adversariis
3003 2759 3088 2826 ad
3119 2779 3375 2843 pugnas
3411 2770 3479 2827 et
3511 2758 3740 2829 caedes
3771 2762 4240 2847 impediendas.

2467 2844 2693 2926 Quum
2767 2845 2932 2913 haec
3008 2844 3359 2913 scriberem
3422 2847 3557 2913 iam
3621 2869 3706 2914 ex
3781 2849 4047 2934 collegis
4106 2860 4244 2917 tres

2296 2927 2732 2998 discedebant.
2761 2932 2821 3017 ὃ)
2926 2932 3187 3017 Regina
3263 2933 3504 3019 cogitat
3577 2954 3685 3001 me
3759 2937 4092 3001 remittere
4167 2935 4244 3002 in

2294 3015 2608 3083 comitatu
2696 3015 3021 3084 Dominae
3097 3018 3348 3085 Rotezin
3435 3021 3666 3087 matris
3752 3021 4067 3105 principis
4157 3018 4241 3088 de

2295 3100 2691 3185 Lonyavilla,
2756 3102 2841 3169 ad
2884 3124 3078 3188 quem
3119 3106 3407 3190 pertinet
3449 3105 3766 3191 oppidum
3807 3106 3871 3173 N
3873 3106 4159 3193 coburgi.
4182 3111 4239 3187 ⁸)

2294 3187 2423 3253 Est
2464 3188 2732 3256 muliter
2774 3188 3124 3257 admodum
3166 3192 3296 3276 pia,
3361 3201 3429 3258 et
3468 3192 3649 3258 intra
3699 3212 3939 3278 paucos
3982 3193 4122 3259 dies
4163 3213 4243 3260 eo

2295 3292 2366 3340 se
2410 3273 2558 3341 vult
2610 3276 2921 3344 conferre.
2966 3312 3693 3327 ——————
3738 3284 3840 3347 20.
3895 3278 4127 3348 Octob.
4169 3280 4243 3345 in

2294 3359 2450 3425 aula
2488 3359 2660 3446 apud
2703 3362 2775 3431 S.
2823 3362 3253 3431 Germanum.

2294 3633 2476 3690 3578.
2504 3636 2565 3705 1)
2603 3636 2677 3692 N.
2710 3634 2866 3691 3574.

2362 3703 2565 3775 mm
2603 3705 2678 3762 N.
2711 3704 2865 3761 3576.

2502 3774 2564 3841 3)
2600 3773 2867 3831 anlart
2899 3774 2933 3829 1.
2968 3773 3000 3829 ζ
3043 3791 3100 3844 p.
3139 3772 3238 3829 57.-
3288 3774 3369 3830 Le
3415 3773 3497 3829 16.
3533 3774 3650 3831 Oct.
3687 3775 3799 3830 fust
3839 3776 4020 3848 publie
4063 3775 4097 3829 ὁ
4139 3791 4240 3831 son

2296 3843 2367 3936 ἀρ
2399 3848 2617 3924 trompe
2659 3847 2718 3898 et
2760 3843 2919 3914 affige
2963 3861 3067 3915 par
3110 3845 3191 3899 les
3236 3844 3422 3915 coings
3456 3844 3554 3899 des
3601 3862 3725 3900 rues
3759 3845 3828 3899 de
3862 3845 4015 3900 Paris
4048 3860 4110 3900 ce
4145 3846 4238 3915 qui

2295 3928 2323 3966 Β
2493 3918 2721 4050 affiatu·
2755 3980 2932 4036 edicto
2964 3981 3034 4037 de
3069 3981 3438 4064 Restituatnqne
3470 3982 3523 4038 d.
3559 3981 3643 4038 18.
3667 3981 3781 4037 Oct.
3817 3981 4088 4038 demam
4121 3986 4242 4064 erat

2292 4055 2561 4105 aaran
2605 4048 2958 4106 traderentur
3002 4051 4241 4107 damtunam-anahem«-

2291 4121 2429 4174 φονεῦ.
2505 4115 2591 4185 ΟΥ.
2625 4119 2788 4175 ett’am
2819 4120 3106 4188 ρνοεὺηω
3139 4119 3325 4175 Besae
3357 4120 3616 4189 epistolas
3651 4118 3727 4173 N.
3759 4116 3912 4173 35⁷9.
3948 4117 4104 4174 3594.

2499 4185 2559 4256 5)
2600 4188 2855 4257 Lanyuet
2888 4186 2976 4242 26.
3020 4188 3135 4245 Oct.
3164 4205 3222 4258 p.
3265 4187 3393 4244 152:
3423 4189 3538 4243 Iam
3571 4202 3759 4243 omnes
3790 4187 4031 4241 ministri
4065 4188 4241 4243 redie-

2293 4264 2425 4311 runt
2458 4255 2530 4309 ad
2563 4272 2688 4310 suas
2722 4257 2978 4311 ecclesias
3011 4263 3234 4327 praeter
3268 4259 3468 4313 Bezam
3504 4261 3562 4310 et
3594 4256 3905 4311 Gallesium.

2298 4392 2399 4449 Gal
2450 4324 2582 4450 NP„
2599 4326 3006 4451 Hfflmssmff
3043 4328 3434 4410 protendente-⁸
3465 4326 3902 4462 ww
3934 4340 3985 4379 a.
4021 4324 4075 4380 d.
4113 4323 4240 4408 Ιῌ.

2293 4462 2373 4518 ad
2405 4467 2654 4518 senatum
2693 4462 3035 4518 strabonem
3069 4481 3107 4520 a
3137 4463 3354 4534 Roma
3383 4461 3532 4531 Rene
3567 4460 3866 4519 Navarrae
3897 4469 3948 4518 et
3987 4461 4242 4518 Gondaeo

2295 4531 2507 4597 (Bonam
2557 4547 2612 4601 ρ.
2651 4531 2780 4602 115)
2813 4532 3071 4601 Lanyuet
3113 4535 3147 4587 1.
3183 4532 3248 4587 1..-
3299 4532 3594 4600 Nava-rus,
3642 4531 3920 4587 Condaeus
3956 4538 4014 4585 et
4047 4531 4241 4585 Admi-

2292 4602 2480 4656 rallius
2530 4601 2835 4671 adiungunt
2882 4602 2934 4656 ei
2980 4603 3060 4655 sin
3155 4617 3215 4655 os
3249 4600 3556 4670 praefectos
3592 4618 3712 4657 cum
3748 4603 3957 4683 aliquot
3990 4601 4240 4655 satelliti·

2290 4669 3037 4795 ξὲιέθὲθιιιίῃξιιὲᾱᾶοῒῗᾶιιξ.
3069 4685 3348 4792 atym
3382 4678 3600 4727 curarat
3634 4672 3685 4726 ei
3727 4671 3975 4726 lecticam
4010 4685 4119 4740 qna
4150 4685 4240 4723 re-

2582 4779 2597 4807 ,
2764 4758 2799 4794 n

3049 5062 3468 5080 ᾖ
