4850 6117
596 362 724 428 363

599 547 1178 617 continuellement
1233 550 1313 615 de
1369 550 1435 615 la
1477 559 1746 634 pasture
1787 550 2069 630 censete,
2127 560 2193 615 et
2233 569 2401 613 vous
2442 570 2543 614 se-

599 656 759 703 rons
812 645 1005 701 tenuz
1061 636 1145 701 de
1196 635 1349 721 plus
1404 658 1488 701 en
1529 636 1679 719 plus
1722 635 1997 702 Comme
2041 634 2337 701 desirons
2383 655 2546 700 vous

596 721 802 808 obeyr
852 730 1056 804 quant
1108 721 1159 786 il
1212 742 1376 788 vous
1429 722 1676 805 plairra
1730 742 1902 787 nous
1942 722 2274 805 emploier.
2361 720 2546 786 Nous

596 807 1137 874 recommandans
1210 830 1251 873 a
1324 828 1451 872 voz
1532 808 1776 874 bonnes
1853 808 2103 891 priores
2166 815 2235 872 et
2297 826 2545 891 graces,

597 893 837 959 Prions
871 892 932 959 le
966 892 1293 978 Seigneur
1325 894 1497 960 Dieu
1538 915 1700 959 vous
1736 902 2122 979 augmenter
2155 893 2251 958 les
2284 896 2546 958 siennes

598 987 668 1045 et
722 980 885 1044 faire
939 1000 1286 1064 prosperer
1339 1000 1425 1044 en
1475 1001 1580 1046 ses
1622 978 1788 1046 dons
1831 990 1897 1045 et
1940 1000 2165 1063 graces
2208 981 2274 1044 A
2314 999 2544 1062 perpe-

597 1071 783 1130 tuite.
874 1066 987 1130 Du
1033 1065 1580 1150 Montelleymard
1623 1087 1697 1132 ce
1741 1068 1933 1131 xxix⁶
1976 1086 2155 1131 mars
2204 1068 2386 1145 1562.
2411 1067 2466 1144 ⁸)

909 1203 1050 1267 Voz
1085 1203 1388 1269 humbles
1422 1204 1779 1270 serviteurs
1816 1204 1979 1269 bons
2014 1223 2203 1287 amys
2235 1211 2304 1267 et
2337 1202 2544 1268 freres

963 1289 1042 1353 de
1085 1288 1338 1372 l'eglize
1381 1290 1699 1355 reformes
1740 1288 1931 1354 dudit
1970 1289 2101 1355 lieu
2144 1309 2311 1372 pour
2353 1298 2500 1353 tous

1386 1462 1436 1527 J
1436 1376 1668 1525 ιιΙΙὶὲιεῑῖ8
1671 1375 2047 1527 ἓξὲξωίτο.

1475 2007 1667 2076 3757.

1020 2160 1451 2230 BUDAEUS
1497 2160 2121 2230 BULLINGERO.

780 2336 1005 2401 Tradit
1065 2338 1125 2400 ei
1168 2333 1378 2401 Beeae
1440 2336 1659 2399 literas
1720 2353 1862 2400 cum
1917 2334 2276 2401 narratione
2338 2336 2547 2401 caedis

616 2421 1066 2487 Vassiacensis.

604 2593 717 2657 (Ex
751 2592 1091 2662 autographo
1127 2591 1271 2646 Bibl.
1323 2593 1426 2647 civ.
1462 2593 1637 2645 Turic.
1676 2593 1737 2645 F.
1783 2591 1868 2657 80,
1916 2592 2047 2646 olim
2080 2592 2221 2661 Epp.
2260 2592 2411 2646 Tom.
2458 2590 2544 2653 45,

1115 2662 1204 2715 fol.
1244 2658 1361 2714 193.
1394 2691 1461 2700 —
1498 2662 1695 2715 Simler
1730 2662 1848 2716 Vol.
1887 2660 2034 2727 104.)

774 2834 1037 2900 Eximio
1078 2833 1331 2898 Christi
1372 2854 1562 2899 servo
1600 2844 1667 2898 et
1709 2834 1955 2917 pastori
1998 2832 2304 2899 ecclesiae
2343 2833 2547 2918 'rigu-

601 2920 790 2985 rinae
840 2919 1346 3004 vigilantissimo
1392 2917 1477 2984 D.
1524 2919 1815 2985 Henrico
1859 2919 2244 3004 Bullingero
2287 2918 2549 2985 domino

604 3016 675 3070 et
716 3007 924 3072 amico
966 3025 1112 3071 meo
1153 3005 1628 3071 colendissimo,
2188 3092 2202 3106 ·
2339 3092 2352 3105 ·

778 3260 850 3326 S.
916 3262 1025 3325 Ex
1077 3261 1287 3327 literis
1342 3264 1548 3328 nostri
1606 3263 1817 3329 Bezae
1844 3263 1896 3349 ¹)
1952 3263 2279 3349 intelliges
2333 3263 2547 3347 qualis

603 3349 692 3413 sit
755 3346 1175 3413 ecclesiarum
1226 3351 1623 3415 nostratium
1688 3360 1915 3415 status.
2016 3350 2269 3415 Earum
2321 3370 2546 3414 exem-

603 3434 790 3517 plum
834 3434 917 3497 ad
963 3444 1029 3497 te
1069 3434 1278 3511 mitto,
1322 3437 1390 3499 in
1426 3435 1661 3517 quibus
1694 3437 1959 3501 tametsi
1992 3455 2199 3519 pauca
2232 3435 2549 3520 quaedam

604 3528 765 3585 sunt
808 3539 976 3603 quae
1017 3518 1284 3584 alterius
1328 3530 1484 3585 sunt
1524 3523 1789 3605 negotii,
1868 3526 2091 3587 tamen
2133 3523 2424 3606 integras
2469 3521 2550 3586 de

605 3605 810 3670 verbo
853 3603 936 3668 ad
980 3605 1258 3669 verbum
1302 3605 1760 3673 describendas
1803 3609 2025 3674 curavi
2070 3617 2137 3672 et
2171 3629 2369 3673 manu
2404 3628 2552 3673 mea

604 3690 979 3774 subscripsi.
1069 3689 1290 3771 Quum
1358 3702 1576 3756 autem
1620 3712 1730 3757 eas
1775 3695 1890 3757 vix
1929 3693 2299 3777 intelligere
2339 3693 2552 3778 possis

605 3777 738 3842 nisi
779 3776 1120 3841 historiam
1165 3777 1375 3859 ipsam
1421 3788 1660 3853 teneas,
1725 3798 1868 3844 eam
1911 3779 2058 3845 volo
2102 3782 2217 3845 tibi
2262 3799 2549 3845 narrare.

777 3861 1117 3946 Oppidum
1142 3864 1200 3939 ⁴²)
1245 3862 1569 3946 quoddam
1612 3871 1713 3928 est
1755 3866 1826 3929 in
1868 3866 2110 3932 finibus
2152 3866 2552 3950 Campaniae

604 3947 954 4013 Ioinvillae
1017 3948 1330 4023 vicinum,
1399 3951 1663 4015 nomine
1721 3951 2002 4031 Wassei,
2071 3951 2180 4016 ubi
2241 3952 2551 4018 Christus

606 4034 942 4100 ecclesiam
986 4034 1339 4118 collegerat
1359 4034 1443 4100 ad
1477 4036 1658 4102 mille
1702 4044 1768 4102 et
1789 4038 2198 4122 quingentos,
2224 4041 2335 4122 qui
2359 4038 2552 4123 Reyis

606 4118 819 4186 edicto
873 4121 1026 4185 freti
1083 4124 1242 4203 (quo
1297 4131 1660 4187 conventus
1717 4143 1947 4190 omnes
2006 4123 2294 4189 fidelium
2334 4145 2553 4190 sacros

605 4206 677 4269 in
720 4206 919 4270 fidem
962 4226 1147 4271 suam
1190 4208 1451 4291 recipit)
1495 4228 1724 4274 secure
1766 4209 2239 4276 conveniebant
2279 4210 2363 4274 ad
2400 4230 2550 4274 ver-

601 4291 759 4355 bum
824 4290 1223 4356 audiendum
1278 4303 1348 4357 et
1401 4314 1628 4377 preces
1682 4315 1835 4359 suas
1893 4295 2284 4362 fundendas.
2376 4296 2551 4380 Gay-

604 4377 846 4450 sianus,
890 4379 1002 4458 qui
1045 4379 1116 4441 in
1162 4378 1276 4442 illa
1318 4381 1583 4462 regione
1627 4389 1771 4444 tum
1815 4392 1973 4457 erat,
1989 4380 2046 4466 Β)
2108 4400 2312 4464 quum
2356 4383 2553 4448 sciret

812 4666 871 4802 33
905 4665 1212 4720 &manche
1243 4667 1310 4721 de
1348 4668 1580 4739 Ρᾶφκε.

605 4734 786 4789 8757.
813 4735 842 4787 1
1068 4735 1200 4789 daie
1232 4736 1330 4791 sed
1355 4744 1485 4806 post
1516 4737 1595 4793 N.
1629 4735 1768 4793 3749
1802 4739 2040 4806 scriptis.

810 4803 875 4869 2)
973 4820 1035 4858 oe
1068 4817 1273 4857 comma
1304 4805 1421 4869 fere
1451 4809 1768 4862 verbotenus
1794 4807 1991 4875 lenitur
2011 4812 2075 4862 in
2096 4808 2257 4865 Μέηι.
2277 4810 2346 4866 de
2366 4810 2553 4868 Gonde'

605 4870 1704 4944 mm.ubitamenaddiwrpetfflo
1913 4878 1923 4889 '
2028 4880 2552 4947 maouicarumad

599 4939 1671 5075 'fl'...04⁸¹⁶⁶¹}‘322‘3‘20n'⁸“.³{.22;.·1⁰‘2‘2¹1⁸‘0{.0„²·‘''⁸05
1701 4944 2012 5069 ‘ww
2048 4945 2555 5075 Qffissffssss·

603 5079 689 5149 vel
721 5079 1127 5134 instructionem
1159 5081 1288 5134 ἤωδε
1321 5096 1358 5133 a
1397 5079 1625 5137 Calvino
1658 5081 1862 5138 datam
2534 5063 2549 5089 ⁹

811 5145 874 5211 3)
909 5150 1024 5201 eeu.
1060 5150 1123 5202 ia
1147 5148 1404 5203 Ioinville
1435 5165 1524 5218 ap.
1560 5157 1785 5205 matrem
1818 5153 2241 5209 wmAntoaia
2273 5155 2342 5211 de
2366 5154 2548 5211 Bour-

605 5217 714 5272 bon
766 5231 848 5285 pr
1255 5217 1701 5285 infenoioeimm.
1793 5220 2020 5275 Caedem
2078 5224 2259 5291 ipsam
2316 5223 2548 5280 Guium

605 5287 767 5375 casui
798 5287 1002 5354 tribuit,
1031 5291 1393 5380 protem
1422 5288 1665 5341 auidiis.

2097 358 2623 428 EPISTOLAE
2667 363 3093 428 3756-3758

4453 366 4563 430 364

2646 548 2931 615 inermes
2974 557 3044 614 et
3100 549 3269 616 nihil
3325 550 3453 616 sibi
3493 559 3864 617 metuentes
3925 550 4138 617 subito
4202 551 4446 635 impetu
4482 552 4566 617 fa·

2646 635 2771 700 cile
2826 656 3019 719 posse
3062 637 3372 720 opprimi,
3432 638 3649 720 copias
3707 657 3858 702 suas
3914 646 4228 721 tanquam
4281 637 4408 702 alio
4442 645 4570 702 ten·

2647 721 2811 786 dens
2854 723 3156 801 armavit,
3200 721 3513 807 quosdam
3555 722 3913 805 praemisit,
3948 722 4063 805 qui
4102 720 4418 808 pistoletis
4453 739 4569 789 ter·

2645 827 2862 873 rorem
2904 808 3294 873 incuterent.
3383 807 3537 892 Ipse
3579 829 3736 873 mox
3777 810 4212 892 subsequutus
4254 816 4370 875 est.
4451 813 4587 893 Αθ-ρ

2645 892 2802 958 cidit
2845 893 3017 976 quod
3074 904 3472 976 speraverat,
3532 904 3609 959 ut
3648 896 3932 960 inermes
3973 902 4042 959 et
4080 896 4435 978 imparatos
4473 894 4570 960 de-

2644 978 3111 1062 prehenderet:
3180 987 3441 1044 tantum
3490 982 3666 1045 enim
3722 979 3805 1045 ad
3858 980 4219 1045 doctrinam
4260 988 4329 1044 et
4369 1000 4573 1064 preces

2646 1066 2882 1130 attenti
2959 1072 3163 1133 erant.
3266 1064 3488 1147 Quare
3544 1065 3711 1130 nihil
3769 1066 3895 1130 fuit
3948 1066 4194 1150 negotii
4246 1066 4319 1132 in
4374 1074 4573 1146 strage

2646 1149 2917 1217 edenda.
2976 1150 3194 1217 Occisi
3230 1160 3386 1216 sunt
3417 1152 3490 1215 in
3527 1153 3670 1234 ipso
3706 1161 4035 1218 conventu
4068 1151 4290 1234 plures
4329 1158 4578 1218 centum

2646 1247 2712 1302 et
2754 1237 3243 1321 quinquaginta,
3288 1236 3550 1303 ducenti
3594 1259 3748 1305 vero
3793 1237 4136 1315 vulnerati,
4179 1237 4417 1321 reliqui
4436 1237 4579 1320 fuga

2646 1323 2769 1388 sibi
2833 1323 3327 1388 consuluerunt.
3433 1325 3594 1389 Mox
3663 1324 3745 1387 ad
3826 1323 4137 1406 praedam
4201 1344 4580 1389 concursum

2645 1418 2766 1474 est.
2787 1408 2847 1492 ⁴)
2925 1409 3275 1491 Expilatae
3321 1406 3551 1475 domus
3594 1422 3911 1492 tanquam
3953 1420 4143 1493 parta
4180 1409 4261 1473 de
4296 1407 4581 1475 hostibus

2649 1494 2936 1561 victoria.
3026 1494 3157 1575 Qui
3215 1495 3420 1579 elapsi
3476 1506 3666 1560 erant
3725 1495 3947 1560 statim
4002 1504 4333 1560 venerunt
4387 1494 4581 1559 Lute-

2646 1581 2828 1653 tiam,
2899 1591 2965 1644 et
3007 1602 3047 1645 a
3092 1580 3269 1647 Beza
3311 1602 3464 1645 mox
3523 1581 3605 1645 ad
3654 1580 3882 1665 Reyem
3934 1578 4196 1647 deducti
4239 1589 4418 1658 sunt,
4480 1581 4582 1663 qui

2645 1675 3038 1750 conquestus
3096 1667 3176 1731 de
3236 1676 3368 1730 tam
3427 1668 3627 1733 atroci
3685 1679 3752 1731 et
3794 1667 4074 1733 barbara
4121 1667 4399 1733 saevitia
4440 1666 4582 1730 sim-

2645 1754 2895 1837 pliciter
2938 1753 3230 1817 omnium
3276 1754 3541 1817 nomine
3583 1753 3942 1836 postulavit
3974 1773 4060 1817 ne
4088 1752 4225 1817 Rex
4257 1759 4581 1836 pateretur

2643 1840 2992 1903 innoxium
3036 1839 3423 1922 sanguinem
3466 1839 3672 1903 fundi.
3740 1839 3888 1903 Rex
3937 1838 4276 1904 Navarrae
4318 1836 4413 1902 ibi
4456 1847 4583 1901 tum

2650 1925 2971 2007 Guysiani
3011 1926 3448 2008 patrocinium
3492 1925 3806 2010 suscepit:
3888 1923 4149 1991 decreta
4211 1933 4435 1989 tamen
4498 1931 4587 1988 est

2644 2010 2994 2093 inquisitio.
3021 2013 3075 2092 ε5)

2816 2095 3000 2161 Haec
3044 2106 3147 2160 est
3189 2096 3467 2162 historia
3509 2094 3589 2160 de
3634 2116 3762 2178 qua
3804 2096 3870 2160 in
3918 2094 4123 2161 literis
4162 2096 4298 2161 suis
4336 2095 4476 2179 agit
4508 2094 4581 2158 D.

2645 2180 2842 2258 Beza,
2908 2203 3071 2264 quas
3115 2181 3405 2266 alioquin
3449 2182 3563 2246 vix
3605 2180 4059 2247 intellexisses.
4142 2181 4250 2246 Ex
4293 2202 4444 2264 qua,
4500 2180 4583 2243 mi

2645 2266 2923 2345 domine,
2979 2267 3168 2332 facile
3209 2268 3544 2351 perspicis,
3603 2286 3740 2332 non
3782 2265 3973 2332 modo
4017 2287 4143 2351 quo
4185 2271 4260 2331 in
4301 2265 4582 2350 periculo

2645 2363 2996 2418 versentur
3037 2354 3291 2418 innoxii
3334 2354 3634 2419 homines
3678 2363 3744 2417 et
3786 2354 3895 2437 pii,
3943 2355 4014 2418 ni
4071 2354 4291 2418 statim
4350 2355 4583 2435 impor-

2645 2450 2958 2503 tunorum
3001 2440 3343 2505 hominum
3389 2439 3697 2504 audaciae
3741 2449 3808 2502 et
3849 2439 4057 2505 furori
4090 2438 4350 2503 obviam
4386 2449 4580 2503 eatur.

2649 2523 2846 2606 Quod
2890 2524 2972 2589 ad
3020 2524 3329 2609 Reyinam
3383 2533 3662 2590 matrem
3720 2533 3914 2608 atque
3968 2525 4127 2590 adeo
4193 2522 4276 2587 ad
4368 2524 4586 2607 Royan

2647 2611 2863 2692 ipsum
2908 2611 3164 2689 attinet,
3227 2611 3419 2677 facile
3473 2620 3575 2676 est
3631 2632 3715 2675 ex
3768 2611 3980 2677 edicto
4036 2631 4247 2694 nuper
4301 2609 4584 2693 promul-

2648 2705 2802 2781 gato
2823 2700 2876 2770 θ)
2918 2696 3226 2776 iudicare,
3270 2718 3473 2780 quum
3515 2696 3842 2763 officiariis
3884 2699 4020 2763 suis
4062 2695 4364 2762 omnibus
4412 2717 4585 2760 man·

2855 2951 2917 3019 4)
2955 2954 3051 3011 Sic
3080 2954 3296 3024 quidem
3339 2960 3453 3010 tum
3482 2954 3640 3019 fama
3677 2954 3904 3020 ferebat.
3976 2953 4115 3007 Dua:
4145 2954 4265 3021 ipse
4298 2950 4365 3004 de
4397 2949 4473 3005 25
4504 2955 4592 3005 aut

2649 3020 2721 3077 30
2764 3022 3020 3092 loquium
3110 3021 3429 3077 Revera45
3474 3024 3659 3077 statim
3709 3024 3890 3089 occisi,
3940 3021 4127 3076 80vel
4171 3019 4274 3075 100
4323 3021 4595 3074 cauterem

2647 3095 2877 3158 tinemut
2907 3106 2978 3146 ω
3010 3092 3208 3162 quibus
3250 3094 3437 3160 plures
3474 3098 3667 3160 postea
3699 3092 3905 3145 mortui
3948 3098 4094 3144 sunt.
4168 3090 4404 3145 ondam
4439 3090 4510 3144 ab
4538 3105 4594 3143 eo

2649 3167 2883 3229 tempore
2915 3162 2968 3215 le
3001 3164 3271 3216 bonrreau
3306 3161 3375 3215 de
3393 3161 3570 3231 Vassy
3605 3160 3786 3216 dictus
3816 3167 3913 3227 est,
3945 3175 3985 3215 a
4015 3159 4306 3215 Friaerioo
4335 3157 4593 3213 Palatino

2649 3230 2757 3352 dekrl
2782 3230 3276 3353 ειὶξὶπῖηῆοηος
3310 3248 3363 3283 v.
3401 3230 3465 3284 G.
3503 3233 3566 3283 in
3600 3246 3681 3299 ep.
3718 3229 3797 3283 ad
3832 3229 4084 3298 Landqr.
4121 3229 4177 3282 d.
4211 3228 4267 3282 d.
4306 3227 4427 3282 Gal.
4461 3229 4591 3297 Apr.

2756 3315 2823 3354 uc
2897 3337 2912 3351 .
2974 3337 2990 3352 .
3156 3336 3169 3349 .

2646 3299 2674 3367 (
2853 3366 2915 3435 5)
2952 3302 3291 3437 Ρορεῐιὶηὶὲνε
3334 3367 3380 3420 I.
3426 3368 3463 3421 1.
3510 3365 3647 3420 VII.
3689 3365 3786 3432 fol.
3832 3363 3938 3418 286
3969 3381 4020 3420 v.
4090 3364 4242 3421 Hist.
4274 3365 4393 3420 eccl.
4434 3366 4503 3420 11.
4536 3364 4589 3416 1.·

2650 3435 2899 3490 Certains
2944 3437 3042 3491 des
3087 3438 3405 3507 principaux
3441 3436 3510 3489 de
3553 3436 3638 3489 l’E
3673 3436 3775 3488 lise
3819 3434 4255 3489 s’assemblerent
4286 3442 4348 3489 et
4391 3432 4590 3488 resolu-

2650 3513 2775 3560 rent
2821 3504 2980 3575 qn'on
3027 3506 3191 3560 feroit
3233 3513 3357 3560 tout
3402 3504 3594 3559 devoir
3679 3504 3762 3557 'en
3795 3503 4093 3557 demander
4125 3504 4319 3557 iustice
4352 3520 4427 3556 au
4461 3503 4590 3571 Roy.

2651 3576 2879 3629 Suivant
2912 3580 3059 3628 ceste
3095 3574 3394 3628 resolution
3426 3574 3613 3628 furent
3634 3572 3872 3642 envoyes
3899 3572 3935 3624 a
3952 3573 4250 3626 Monceaux
4272 3589 4349 3625 un
4382 3570 4591 3626 nomme'

2650 3643 2957 3697 Franconrt
2990 3661 3059 3697 au
3093 3661 3220 3699 nom
3255 3644 3325 3697 de
3360 3644 3415 3697 la
3448 3641 3697 3696 noblesse
3734 3648 3791 3694 et
3826 3641 3894 3694 de
3914 3642 4054 3695 Beze
4089 3660 4158 3694 au
4191 3657 4319 3695 nom
4337 3640 4407 3695 de
4445 3646 4589 3694 toute

2651 3712 2870 3779 l’Eglise
2923 3711 3121 3780 [avant
3169 3711 3385 3767 l'entre'e
3428 3711 3505 3766 da
3548 3712 3656 3765 duc
3702 3712 3741 3766 ὰ
3777 3709 3946 3764 Paris
3981 3708 4063 3763 16.
4102 3708 4308 3780 Μανῆ,
4362 3708 4589 3778 lesquels

2650 3798 2684 3834 a
2723 3788 2819 3834 ant
2852 3781 3057 3835 obtenu
3091 3781 3350 3835 audience
3384 3797 3452 3833 en
3489 3795 3748 3850 presence
3782 3779 3852 3833 de
3886 3780 3941 3833 la
3973 3780 4162 3850 Royne
4195 3785 4254 3832 et
4286 3778 4363 3831 du
4394 3796 4496 3848 roy
4526 3777 4589 3829 de

2705 3866 2914 3913 avarre,
2950 3851 3006 3903 la
3026 3850 3220 3920 Boyne
3253 3851 3319 3903 fit
3350 3850 3624 3918 gratieuse
3659 3864 3918 3918 response
3955 3853 4289 3918 promettant
4323 3863 4430 3915 quc
4468 3850 4588 3901 bon-

2652 3935 2747 3977 nes
2782 3920 3157 3973 informations
3191 3919 3433 3972 seroient
3464 3920 3639 3986 prisea
3675 3924 3731 3970 et
3766 3933 3872 3986 que

2650 3990 2760 4041 tint
2792 4006 2862 4041 on
2898 3988 3240 4057 ponrvoiroit
3272 3985 3309 4040 a
3340 3991 3478 4039 tout.
3539 3987 3617 4041 Le
3636 3986 3757 4057 Roy
3791 3986 3861 4040 de
3932 4026 3946 4039 .
3985 4001 4055 4038 ne
4088 4002 4147 4038 se
4184 3991 4316 4054 peut
4349 3983 4589 4039 conteni:-

2650 4057 2948 4124 chargeant
2991 4073 3127 4110 ceux
3171 4057 3241 4110 de
3286 4056 3503 4127 l'Eglise
3539 4057 3608 4109 de
3655 4072 3718 4109 ce
3753 4054 3911 4124 qu’ils
3960 4055 4186 4108 alloient
4236 4070 4370 4107 avec
4419 4068 4589 4106 armes

2651 4143 2758 4180 aux
2776 4125 3169 4193 predicatione:
3208 4125 3345 4179 Beze
3364 4124 3646 4195 respondit
3675 4140 3782 4194 que
3815 4124 3897 4176 les
3929 4140 4106 4176 armes
4127 4128 4284 4177 entre
4316 4125 4399 4176 les
4421 4124 4588 4176 mains

2651 4196 2748 4248 des
2783 4211 2939 4264 sages
2972 4196 3247 4264 portoient
3279 4195 3334 4247 la
3366 4195 3493 4263 paix
3529 4202 3585 4248 et
3620 4209 3726 4263 que
3761 4193 3812 4245 le
3847 4191 3979 4245 faict
4011 4191 4078 4246 de
4096 4192 4271 4262 Vassy
4309 4191 4591 4245 monstroit

2651 4264 2895 4318 combien
2946 4264 3063 4317 cela
3115 4265 3281 4317 estoit
3330 4263 3651 4330 necessaire,
3699 4261 4031 4315 demandant
4078 4262 4357 4314 tonsiours
4400 4260 4589 4313 iustine

2651 4340 2839 4387 contre
2874 4333 2926 4385 le
2960 4333 3045 4388 Sr.
3074 4331 3145 4385 de
3169 4332 3334 4386 Guise
3369 4332 3528 4401 qu'on
3565 4331 3742 4385 savoit
3778 4332 3933 4383 venir
3966 4346 4034 4382 en
4069 4346 4249 4385 armes
4283 4346 4491 4383 comme
4524 4345 4585 4381 en

2652 4410 2831 4470 temps
2880 4400 2951 4454 de
3000 4417 3211 4470 guerre.
3281 4399 3475 4455 Adone
3516 4401 3567 4454 le
3613 4416 3713 4469 roy
3746 4399 3814 4451 de
3851 4399 4098 4452 Navarre
4148 4415 4209 4452 se
4253 4398 4474 4452 declara
4518 4397 4586 4451 du

2651 4478 2774 4525 tout
2802 4469 2986 4523 disant
3020 4486 3127 4550 qne
3162 4470 3256 4539 qui
3290 4468 3598 4523 toucheroit
3629 4485 3699 4522 au
3733 4468 3867 4522 bout
3900 4467 3972 4520 dn
4007 4467 4161 4537 doigt
4192 4484 4262 4520 au
4295 4467 4403 4521 duc
4435 4467 4501 4520 de
4525 4466 4585 4519 G.

2649 4538 2912 4660 {qukildap
2954 4540 3085 4592 eloit
3116 4554 3217 4591 son
3251 4538 3422 4604 frere)
3465 4539 3520 4592 le
3561 4537 3870 4590 toucheroit
3913 4554 3982 4589 an
4025 4553 4203 4607 corps,
4249 4544 4507 4591 excusant
4537 4536 4586 4588 le

2671 4624 2752 4662 alc
2850 4622 2880 4660 e

3991 3933 4162 3970 urveu
4197 3932 4342 3986 quon
4376 3932 4439 3970 se
4473 3932 4589 3969 con-

2963 4624 3085 4677 assy
3120 4647 3134 4660 .
3169 4647 3185 4662 .
3221 4647 3235 4659 .
3272 4623 3380 4677 qne
3414 4606 3466 4660 le
3501 4607 3609 4659 mal
3654 4607 3817 4659 estoit
3850 4605 4063 4658 advenu
4098 4622 4239 4675 pour
4273 4605 4428 4659 avoir
4458 4604 4585 4657 iette

2651 4677 2748 4730 des
2781 4677 2989 4745 pierres
3020 4682 3208 4731 contre
3253 4676 3304 4728 le
3338 4676 3444 4729 duc
3517 4676 3574 4728 ui
3605 4674 3841 4727 n’anroit
3872 4690 3979 4743 peu
4023 4691 4119 4728 sur
4151 4677 4269 4727 cela
4302 4674 4506 4728 retenir
4535 4674 4587 4725 la

2650 4745 2788 4800 furis
2824 4744 2894 4797 de
2927 4760 3016 4799 ses
3046 4761 3196 4814 gens,
3233 4760 3341 4813 que
3374 4746 3456 4797 les
3534 4744 3710 4796 rinces
3737 4742 4025 4797 n’estoient
4056 4760 4155 4810 pas
4190 4759 4328 4812 pour
4361 4742 4584 4797 endan-cr

2650 4813 2851 4867 d’estre
2895 4813 3117 4895 frappes
3149 4813 3219 4866 de
3267 4828 3435 4883 coups
3471 4812 3541 4865 de
3575 4812 3801 4881 pierres.
3871 4812 4012 4864 Beze
4045 4827 4207 4881 apres
4242 4813 4398 4867 avoir
4430 4810 4584 4881 repli-

2651 4882 2757 4953 que
2790 4898 2898 4951 que
2943 4899 2993 4935 si
3037 4884 3155 4937 cela
3192 4882 3361 4935 estoit
3404 4881 3543 4934 ainsi
3587 4881 3640 4934 le
3674 4879 3764 4962 ὃν..
3798 4879 3867 4932 de
3901 4879 3969 4933 G.
4006 4896 4074 4933 en
4108 4880 4280 4934 seroit
4312 4881 4489 4950 quitte
4519 4896 4585 4931 en

2647 4956 3222 5089 ffizzssfflffss
3251 4950 3352 5072 ἓξὲξ
3384 4949 4584 5088 ztssiffs‘tfff‘ffssa‘.‘⁰1¹3.⁶.{‘:-¹.·¹.‘3’.⁸1‘³¹'221,..⁰⁰³“

2647 5090 2719 5143 de
2752 5089 2907 5154 Dion,
2943 5105 3014 5141 au
3046 5103 3174 5142 nom
3247 5102 3278 5140 e
3313 5088 3547 5210 hancne
3588 5088 3641 5140 ie
3675 5060 3843 5157 μὲι-10,
3880 5086 4168 5141 d'endurer
4200 5088 4281 5141 les
4326 5103 4492 5157 conps
4528 5091 4582 5164 et

2648 5175 2757 5212 non
2791 5173 2891 5226 pas
2923 5155 3046 5210 d’en
3077 5156 3305 5211 donner.
3418 5155 3499 5211 ais
3533 5155 3679 5209 aussi
3713 5171 3848 5209 vous
3882 5156 4058 5225 plaira
4090 5156 4133 5209 il
4166 5172 4302 5211 vous
4337 5169 4582 5211 souvemr

2648 5242 2755 5294 que
2788 5224 2920 5279 c'sst
2950 5241 3059 5279 nne
3091 5226 3338 5279 enclnme
3372 5225 3469 5294 qui
3502 5242 3537 5278 a
3568 5225 3665 5279 nse'
3696 5221 3975 5293 beaucoup
4009 5224 4078 5278 de
4113 5231 4411 5278 marteanx.

2851 5293 2912 5359 6)
2946 5291 3027 5347 17.
3066 5291 3334 5347 Jamma·
3365 5298 3486 5347 Art.
3520 5292 3556 5345 4
3590 5301 3642 5347 et
3674 5292 3734 5347 5.
