4850 6117
618 398 743 464 691
1482 349 1488 380 ⁵
2126 390 2653 461 EPIS'POLAE
2697 391 3116 457 ⁸929—3931
4482 397 4593 462 692

619 587 773 656 isfis
811 584 1008 671 nugis
1047 583 1351 653 exsultat.
1448 581 1701 649 Verum
1745 586 1821 647 ut
1875 579 2041 648 solet
2081 581 2268 647 Deus
2310 581 2578 649 mirabi-

621 673 780 739 liter
821 671 1097 756 operari,
1150 670 1276 738 sub
1342 668 1467 736 hac
1526 667 1912 734 infirmitate
1968 668 2333 752 potentiam
2389 686 2578 735 suam

625 756 920 827 extollet.

800 842 978 908 Sunt
1021 848 1239 908 autem
1272 839 1433 906 haec
1473 839 1654 924 pacis
1698 839 1941 924 capita:
1967 843 2020 918 ⁷)

807 932 861 993 1.
921 926 1171 994 Omnes
1226 926 1477 993 nobiles
1521 926 1633 1009 qui
1677 932 1833 990 sunt
1893 925 2166 992 barones
2228 931 2294 991 et
2344 924 2579 1008 quibus

629 1023 734 1082 est
774 1013 1135 1080 iurisdictio
1179 1033 1255 1079 ca
1302 1011 1493 1092 italis,
1537 1010 1643 1076 vel
1687 1010 1804 1093 qui
1853 1010 2048 1076 feuda
2089 1009 2331 1078 nobilia
2372 1010 2578 1094 possi—

629 1101 810 1178 dent,
855 1100 1030 1164 domi
1069 1120 1262 1164 mane
1309 1109 1429 1163 unt
1462 1098 1533 1161 in
1584 1094 1788 1161 libera
1831 1096 2244 1176 conscientia,
2303 1102 2370 1160 et
2422 1095 2577 1161 reli-

628 1186 847 1272 gionis
891 1206 1087 1267 quam
1130 1184 1259 1269 ipsi
1313 1183 1731 1248 reformatam
1780 1189 2020 1248 vocant
2076 1182 2384 1249 exercitio
2427 1203 2577 1249 cum

629 1272 767 1338 suis
823 1270 1119 1349 familiis,
1179 1278 1376 1352 atque
1407 1257 1626 1333 ‘etiam
1683 1266 1991 1347 subditis,
2051 1268 2162 1352 qui
2222 1274 2455 1352 sponte
2510 1275 2580 1333 et

628 1378 762 1423 non
819 1358 1027 1422 coacti
1083 1355 1308 1421 volent
1367 1354 1612 1419 adesse.
1721 1353 1989 1420 Nobiles
2053 1360 2275 1420 autem
2339 1352 2577 1437 quibus

629 1441 816 1508 nulla
854 1451 955 1507 est
987 1441 1349 1507 iurisdictio
1397 1437 1625 1506 eadem
1662 1438 1964 1505 libertate
2008 1441 2310 1505 fruentur
2343 1461 2464 1524 pro
2507 1460 2578 1505 se

628 1536 700 1592 et
757 1528 1021 1593 familiis
1057 1527 1398 1604 duntaxat,
1457 1523 1650 1590 modo
1707 1546 1790 1591 ne
1838 1524 2139 1591 habitent
2181 1526 2248 1591 in
2301 1526 2576 1591 urbibus

629 1612 885 1697 oppidis
930 1620 996 1677 et
1039 1612 1226 1697 pagis
1267 1612 1386 1678 sub
1431 1611 1705 1677 aliorum
1751 1609 2025 1678 ditione:
2073 1631 2201 1694 quo
2246 1632 2402 1678 casu
2447 1632 2577 1676 non

628 1707 939 1783 poterunt
1002 1718 1302 1764 exercere
1366 1718 1551 1763 suam
1616 1695 1995 1781 religionem
2063 1696 2194 1762 nisi
2250 1698 2576 1779 permissu

629 1804 899 1850 suorum
946 1783 1374 1864 dominorum.
1425 1783 1577 1848 Rex
1621 1790 1840 1848 tamen
1885 1784 1956 1847 in
2000 1803 2119 1848 sua
2161 1783 2408 1848 ditione
2452 1784 2575 1848 im-

628 1869 917 1935 mediata
951 1869 1251 1935 omnibus
1297 1867 1573 1933 eandem
1616 1867 1984 1935 libertatem
2026 1867 2337 1935 concedit.

805 1958 863 2019 2.
910 1955 990 2020 In
1037 1955 1314 2039 singulis
1355 1953 1788 2037 praefecturis
1844 1975 1884 2019 a
1926 1954 2161 2038 quibus
2203 1955 2577 2037 provocatio

627 2050 734 2107 est
777 2041 860 2106 ad
905 2040 1119 2107 curias
1163 2039 1671 2124 parlamentales
1726 2038 1884 2105 urbs
1941 2060 2078 2106 una
2127 2039 2577 2126 designabitur

629 2128 701 2192 in
765 2128 950 2192 cuius
1008 2126 1335 2192 suburbiis
1400 2125 1628 2211 religio
1686 2133 2067 2194 exerceatur
2130 2125 2212 2192 ab
2276 2126 2579 2192 omnibus

628 2211 928 2278 eiusdem
971 2211 1414 2296 praefecturae
1456 2213 1568 2294 qui
1612 2210 1838 2278 adesse
1897 2212 2136 2290 volent,
2180 2232 2314 2277 non
2365 2212 2577 2278 aliter.

630 2296 933 2381 Quisque
977 2308 1195 2362 tamen
1241 2297 1477 2381 poterit
1519 2298 1822 2379 privatim
1868 2296 2044 2381 apud
2088 2318 2157 2363 se
2193 2297 2396 2365 libere
2445 2318 2580 2363 ma-

629 2404 811 2461 nere,
858 2405 1068 2467 neque
1111 2384 1229 2449 ulli
1273 2382 1687 2449 exhibebitur
1729 2382 2026 2450 molestia
2081 2383 2187 2448 vel
2241 2384 2310 2450 in
2356 2405 2579 2468 quem-

631 2489 827 2552 quam
870 2471 986 2534 fiet
1019 2470 1366 2552 inquisiti0,
1412 2490 1534 2535 nec
1576 2475 1890 2553 cogentur
1920 2477 2149 2535 contra
2192 2490 2377 2535 suam
2422 2491 2577 2536 con-

631 2555 996 2621 scientiam.

804 2643 861 2705 3.
921 2640 1005 2704 In
1059 2641 1273 2706 cuntis
1326 2640 1595 2706 urbibus
1649 2641 1719 2704 in
1762 2640 1997 2724 quibus
2060 2641 2290 2726 religio
2347 2642 2577 2708 habuit

631 2746 752 2793 sua
815 2726 1124 2791 exercitia
1196 2725 1279 2790 ad
1357 2726 1710 2810 septimum
1788 2724 1962 2791 diem
2038 2728 2234 2795 huius
2309 2729 2573 2808 mensis,

635 2819 897 2896 praeter
950 2811 1111 2877 alias
1162 2812 1357 2876 urbes
1420 2814 1549 2876 iam
1610 2811 2004 2896 designatas,
2064 2812 2289 2881 eadem
2345 2814 2576 2898 religio

631 2897 1044 2963 exercebitur
1093 2898 1272 2962 intra
1323 2918 1563 2976 muros,
1627 2899 1698 2964 in
1755 2919 1888 2964 uno
1951 2899 2092 2966 loco
2149 2897 2254 2966 vel
2303 2897 2574 2979 duobus,

629 2982 824 3049 modo
867 3004 951 3048 ne
995 2982 1109 3066 qui
1151 3004 1296 3049 eam
1329 2981 1713 3067 religionem
1732 2986 2122 3067 profitentur
2142 2984 2389 3069 templa
2424 3006 2574 3072 pos-

630 3069 771 3135 sint
812 3068 1137 3151 applicare
1188 3070 1261 3134 in
1317 3088 1508 3134 suum
1567 3090 1774 3136 usum.
1883 3070 2156 3138 Olericis
2218 3075 2393 3137 enim
2458 3091 2578 3137 sua

631 3154 857 3220 omnia
898 3155 1346 3234 restituentur,
1391 3163 1468 3219 ut
1507 3153 1759 3221 cultum
1801 3156 2098 3224 divinum
2131 3176 2213 3242 pe
2336 3163 2453 3222 ant
2485 3158 2575 3224 si-

631 3240 769 3305 cuti
812 3248 965 3305 ante
997 3239 1318 3306 tumultus
1341 3242 1680 3307 excitatos:
1720 3242 1779 3308 si
1822 3241 1973 3327 quid
2017 3250 2238 3310 autem
2331 3244 2343 3257 ‘
2434 3251 2575 3309 tum

631 3325 831 3392 fuerit
872 3324 1058 3391 litem
1100 3347 1235 3392 non
1271 3328 1629 3393 movebunt
1669 3329 1798 3411 ipsi
1840 3327 2077 3396 clerici.

803 3415 864 3475 4.
912 3410 1164 3478 Civitas
1206 3412 1596 3478 Parisiensis
1629 3433 1779 3478 cnm
1813 3435 1935 3480 sua
1966 3415 2420 3500 praepositura
2453 3414 2577 3478 im-

630 3496 856 3563 munis
921 3498 1047 3562 erit
1109 3499 1190 3564 ab
1256 3496 1545 3564 eiusdem
1611 3499 1948 3585 religionis
2011 3501 2339 3567 exercitio.
2444 3498 2580 3581 Qui

631 3591 856 3648 tamen
911 3583 1048 3649 illic
1104 3583 1465 3650 manebunt
1516 3592 1742 3667 pacate
1804 3587 2106 3652 fruentur
2170 3588 2305 3652 suis
2371 3587 2575 3664 bonis,

630 3690 757 3736 nec
820 3670 1169 3752 inquietari
1231 3678 1568 3753 poterunt,
1625 3679 1741 3735 aut
1803 3671 2125 3739 violenter
2193 3670 2397 3756 adigi,
2464 3678 2580 3736 aut

634 3753 774 3820 ulla
815 3756 1237 3837 inquisitione
1271 3756 1550 3840 fatigari,
1596 3777 1804 3839 neque
1837 3758 1910 3821 in
1952 3760 2374 3840 praeteritum
2411 3764 2577 3823 tem-

632 3861 759 3924 pus
803 3862 1013 3924 nequo
1064 3841 1138 3906 in
1194 3842 1508 3921 futurum,
1567 3862 1764 3924 super
1814 3843 2069 3909 ratione
2122 3844 2575 3910 conscientiae.

809 3932 866 3991 5.
914 3927 1125 3993 Urbes
1170 3947 1395 3993 omnes
1444 3926 1750 3993 redibunt
1800 3928 1872 3992 in
1915 3936 2158 3996 statum
2202 3930 2575 4012 pristinum,

629 4011 843 4077 libera
886 4022 1084 4078 erunt
1126 4014 1530 4091 commercia,
1573 4012 1784 4078 exteri
1825 4035 2051 4082 omnes
2092 4015 2340 4082 milites
2380 4035 2577 4098 quam

631 4099 945 4164 citissime
1002 4099 1145 4163 fieri
1192 4100 1432 4182 poterit
1480 4098 1974 4184 ablegabuntur,
2032 4109 2228 4186 atque
2278 4102 2350 4167 in
2404 4101 2578 4168 hanc

630 4205 774 4249 rem
818 4185 973 4249 totis
1017 4184 1271 4249 viribus
1313 4184 1694 4250 incumbent
1727 4207 1950 4252 omnes
1992 4188 2256 4254 subditi.

808 4272 864 4334 6.
925 4268 1219 4352 Quisque
1273 4270 1652 4336 restituetur
1692 4272 1762 4335 in
1813 4292 1933 4337 sua
1987 4274 2149 4353 iura,
2207 4271 2576 4352 facultates,

632 4363 864 4435 status,
908 4355 1192 4420 honores
1232 4363 1301 4420 et
1356 4376 1652 4433 munera,
1709 4358 2147 4442 cuiuscunque
2190 4359 2328 4425 sint
2368 4357 2576 4441 quali-

633 4441 809 4521 tatis,
868 4450 934 4505 et
991 4441 1061 4504 in
1116 4439 1247 4506 illis
1313 4440 1800 4506 conservabitur
1863 4466 1940 4509 ac
1998 4454 2390 4527 protegetur,
2442 4465 2579 4508 non

635 4527 1045 4591 obstantibus
1112 4526 1406 4604 decretis,
1478 4525 1718 4608 litibus,
1776 4529 2052 4609 iudiciis,
2110 4530 2454 4595 sententiis
2511 4538 2580 4596 et

634 4613 904 4676 arresffls
960 4632 1122 4694 quae
1178 4620 1455 4694 sequuta
1507 4621 1664 4677 sunt
1718 4624 1994 4679 mortem
2055 4616 2229 4700 regis
2281 4615 2578 4693 Henrici,

635 4704 780 4761 tum
825 4695 906 4761 ob
940 4718 1203 4763 causam
1224 4696 1558 4782 religionis
1593 4705 1739 4762 tum
1761 4698 1843 4764 ob
1877 4720 2060 4765 arma
2094 4701 2427 4786 religionis
2471 4720 2578 4767 oc-

635 4782 897 4847 casione
949 4793 1228 4865 sumpta.
1335 4782 1677 4849 Eiusmodi
1730 4785 1906 4851 enim
1962 4785 2203 4853 iudicia
2266 4807 2451 4854 cassa
2513 4793 2582 4852 et

635 4867 828 4932 irrita
870 4877 1081 4943 erunt,
1125 4868 1374 4933 nullius
1418 4870 1687 4936 effectus
1746 4877 1861 4936 aut
1914 4872 2173 4952 valoris,
2231 4881 2311 4938 ut
2352 4893 2581 4939 eorum

636 4960 980 5052 praetextu
1038 4953 1477 5036 impediantur
1535 4955 1850 5023 haeredes
1913 4958 1984 5023 in
2042 4957 2405 5044 tranquilla
2462 4978 2581 5023 sua

631 5059 1061 5123 possessione.

844 5243 901 5302 7)
934 5248 1136 5298 meum
1172 5244 1398 5312 praebet
1439 5245 1795 5330 demtum.
1876 5247 2260 5305 Authmticum
2297 5246 2463 5304 Μέθη,
2514 5248 2583 5305 de

637 5309 827 5367 Cende
860 5312 958 5367 IV.
994 5311 1113 5366 311.
1183 5313 1370 5382 Popez.
1409 5315 1450 5379 f.
1487 5312 1589 5369 358
1621 5333 1672 5372 v.
1708 5317 1856 5373 Hwt.
1890 5317 2011 5374 eccl.
2045 5317 2117 5373 ΙΙ.
2148 5318 2268 5373 283.

2853 585 2912 643 7.
2956 581 3180 663 Atque
3223 586 3300 645 ut
3334 578 3638 647 dominus
3672 580 3991 665 Princeps
4025 580 4389 650 Oondensis
4496 605 4591 650 ne-

2678 665 2837 733 ralis
2877 665 3330 732 locumtenens
3393 674 3460 731 et
3518 666 3919 750 gubernator
3972 666 4315 735 Picardiae
4368 689 4437 734 so
4462 675 4597 737 utus

2679 755 2766 818 sit
2808 751 2991 818 omni
3033 771 3211 831 cura,
3265 771 3341 817 ac
3396 773 3483 818 ne
3527 751 3682 835 quid
3739 753 3809 818 in
3871 760 4206 836 posterum
4251 755 4467 838 probri
4503 756 4598 822 vel

2679 836 2964 905 invidiae
3007 837 3344 915 sustineat,
3382 836 3815 904 declarabitur
3858 846 3924 904 et
3965 840 4374 922 reputabitur
4413 841 4601 908 bonus

2677 930 2993 1009 cognatus
3051 923 3578 1008 consanguineus
3634 932 3700 990 et
3741 923 3953 991 fidelis
4009 924 4339 993 subiectus
4396 926 4599 1012 Regis,

2677 1017 2875 1094 prout
2923 1017 3212 1074 meretur
3269 1007 3610 1093 sanguinis
3666 1030 3749 1075 ex
3807 1032 3933 1093 quo
3992 1011 4309 1077 oriundus
4357 1014 4601 1097 propin·

2679 1095 2914 1179 quitas,
2975 1116 3050 1161 ac
3093 1092 3370 1177 proinde
3422 1114 3650 1162 omnes
3708 1094 3957 1162 domini
4020 1098 4292 1181 equites,
4351 1096 4600 1177 nobiles,

2679 1182 2874 1261 cives,
2937 1181 3455 1260 communitates,
3512 1189 3645 1246 tam
3702 1180 3961 1248 urbium
4020 1204 4218 1265 quam
4287 1204 4602 1270 pagorum,

2678 1275 2747 1332 et
2788 1266 3153 1350 quicunque
3196 1267 3335 1332 eius
3377 1273 3598 1350 partes
3639 1268 3899 1352 sequuti
3954 1278 4111 1334 sunt
4152 1270 4223 1334 in
4267 1269 4389 1336 boc
4431 1268 4602 1350 belle,

2678 1354 3046 1435 ubicunque
3089 1350 3478 1419 bellaverint
3518 1353 3692 1419 inter
3734 1354 3892 1420 istos
3935 1354 4275 1434 tumultus,
4330 1375 4601 1440 pronun·

2677 1437 3026 1505 ciabuntur
3104 1446 3172 1503 et
3248 1437 3729 1522 reputabuntur
3804 1439 4028 1506 fideles
4083 1440 4289 1526 Regis
4358 1440 4601 1520 subditi,

2677 1526 2831 1607 quia
2872 1544 3257 1607 persuasum
3301 1532 3421 1604 est,
3467 1522 3781 1608 quidquid
3814 1524 4127 1593 hactenus
4166 1528 4478 1607 fecerunt,
4520 1528 4603 1592 fe·

2678 1610 2846 1678 cisse
2892 1611 3060 1675 bona
3102 1610 3469 1676 intentione
3512 1619 3579 1676 et
3621 1608 3744 1676 sub
3785 1611 3990 1696 Regis
4032 1612 4418 1691 obedientia,
4463 1634 4604 1696 qua-

2677 1703 2948 1781 propter
2989 1696 3169 1761 omni
3203 1693 3453 1762 invidia
3493 1706 3954 1763 exonerantur.

2849 1787 2908 1847 8.
2976 1782 3213 1848 Dictus
3277 1781 3577 1849 dominus
3640 1782 3957 1867 Princeps
4023 1784 4313 1850 manebit
4369 1784 4603 1850 solutus

2678 1868 2980 1934 omnibus
3013 1868 3318 1934 oneribus
3351 1868 3627 1933 rationis
3648 1869 3977 1953 pecuniae,
4023 1879 4090 1935 et
4123 1870 4439 1954 quidquid
4479 1871 4604 1936 eius

2678 1953 2985 2020 mandato
3051 1974 3414 2038 expensum
3481 1953 3681 2019 fuerit
3757 1975 3841 2019 ex
3906 1956 4338 2040 vectigalibus
4403 1958 4601 2040 regiis

2678 2047 3179 2123 quantacunque
3221 2039 3311 2104 sit
3349 2060 3623 2120 summa,
3668 2040 3819 2106 Rex
3861 2051 4196 2125 acceptum
4232 2042 4415 2108 feret.
4479 2043 4603 2107 Ma·

2679 2124 2860 2191 nebit
2902 2137 3242 2208 praeterea
3282 2123 3448 2189 liber
3491 2133 3558 2190 et
3611 2133 3804 2191 extra
3846 2148 4103 2192 omnem
4146 2125 4329 2193 litem
4373 2137 4441 2193 et
4480 2148 4604 2192 mo-

2676 2210 2954 2289 lestiam,
3013 2210 3223 2294 quoad
3267 2209 3515 2275 tributa
3556 2209 3803 2277 indicta
3860 2212 4133 2279 urbibus
4192 2213 4292 2278 vel
4347 2213 4603 2297 oppidis,

2677 2318 2842 2363 vasa
2884 2305 3194 2381 argentea
3230 2318 3267 2361 e
3311 2295 3573 2381 templis
3617 2306 3896 2381 sumpta,
3941 2298 4192 2388 reditus
4231 2307 4300 2365 et
4341 2321 4605 2383 proven-

2677 2391 2787 2448 tus
2821 2381 3288 2449 ecclesiasticos
3330 2395 3399 2447 et
3442 2380 3753 2465 quidquid
3777 2385 4186 2468 insumptum
4222 2388 4413 2451 estin
4434 2406 4605 2468 prae·

2678 2468 2849 2534 senti
2906 2466 3096 2545 bello,
3153 2478 3228 2533 ut
3283 2489 3498 2551 neque
3554 2468 3695 2551 ipse
3741 2481 3952 2553 neque
4015 2472 4140 2548 sui,
4210 2492 4421 2553 neque
4475 2472 4605 2537 eius

2678 2554 3119 2632 commissarii,
3168 2554 3273 2620 vel
3316 2554 3387 2618 in
3445 2556 3869 2637 praeteritum
3916 2555 4019 2623 vel
4062 2558 4358 2622 futurum
4400 2558 4605 2624 vocari

2679 2649 2925 2723 queant
2988 2638 3070 2706 ad
3134 2638 3537 2706 reddendam
3601 2642 3938 2708 rationem.
4027 2642 4232 2709 Nulla
4287 2644 4478 2710 etiam
4531 2642 4604 2709 lis

2677 2725 3047 2793 movebitur
3081 2726 3164 2791 ob
3206 2745 3514 2791 excusam
3553 2735 3903 2804 monetam,
3942 2727 4023 2794 ob
4058 2728 4239 2796 fusas
4282 2728 4602 2794 machinas

2678 2812 2961 2889 bellicas,
3004 2810 3346 2894 pulverem
3401 2813 3785 2893 confectum,
3844 2813 3923 2879 ob
3968 2814 4311 2881 aedificata
4362 2814 4604 2880 urbium

2677 2897 3186 2982 propugnacula,
3229 2897 3310 2963 ob
3354 2898 3581 2964 ruinas
3616 2908 3683 2964 et
3724 2898 3984 2966 aedium
4027 2899 4489 2980 demolitiones,
4530 2920 4603 2965 ne

2681 2983 2994 3049 damnum
3037 2981 3144 3049 vel
3185 3003 3224 3048 a
3269 2982 3578 3068 Principe
3631 2983 3772 3068 ipso
3816 2985 3920 3052 vel
3963 3006 4003 3050 a
4046 2986 4604 3054 communitatibus

2678 3070 2786 3136 vel
2828 3091 2869 3135 a
2910 3068 3188 3153 privatis
3231 3069 3553 3154 exigatur.

2852 3159 2910 3221 9.
2957 3154 3219 3238 Captivi
3260 3175 3485 3221 omnes
3520 3162 3659 3221 tum
3704 3156 3858 3223 belli
3895 3157 4039 3223 iure
4062 3164 4210 3223 tum
4234 3158 4316 3224 ob
4360 3177 4602 3225 causam

2677 3241 3013 3326 religionis
3056 3241 3364 3324 utrinque
3404 3241 3593 3308 liberi
3637 3239 4067 3324 dimittentur,
4114 3244 4256 3310 sine
4295 3244 4426 3310 ullo
4474 3263 4605 3327 pre·

2679 3329 2787 3407 tio,
2876 3347 3212 3410 nanquam
3250 3328 3324 3392 in
3368 3325 3493 3393 hoc
3530 3347 3803 3394 numero
3838 3329 3987 3395 Rex
4025 3329 4276 3397 censeri
4317 3351 4446 3396 non
4480 3328 4605 3394 vult

2679 3349 3057 3498 praedones,
3099 3412 3405 3491 latrones,
3451 3414 3629 3479 fures
3685 3423 3753 3480 et
3804 3414 4091 3494 sicarios,
4152 3416 4386 3500 quibus
4442 3414 4604 3499 pacis

2680 3499 2878 3565 huius
2921 3498 3307 3565 beneficium
3351 3519 3485 3564 non
3529 3498 3656 3564 erit
3696 3520 4057 3568 commune.

2859 3588 2954 3650 10.
2992 3582 3242 3651 Omnes
3284 3583 3565 3651 iniuriae
3600 3593 3669 3652 et
3709 3606 3923 3653 noxae
3964 3587 4039 3653 in
4082 3588 4411 3673 praesenti
4452 3584 4604 3652 bello

2679 3677 3092 3756 perpetratae
3134 3669 3492 3736 manebunt
3532 3672 3895 3739 exstinctae
3953 3682 4255 3739 mortuae
4297 3681 4364 3741 et
4405 3671 4602 3756 sepul·

2680 3765 2807 3837 tae,
2851 3775 2928 3823 ac
2968 3755 3268 3823 omnibus
3311 3755 3759 3836 interdicetur,
3809 3759 4252 3844 cuiuscunque
4299 3759 4431 3826 sint
4462 3776 4602 3841 qua·

2677 3842 2904 3923 litatis,
2960 3842 3086 3908 sub
3127 3863 3335 3925 poena
3390 3842 3669 3926 capitali,
3714 3865 3801 3910 ne
3845 3866 3917 3910 se
3961 3844 4136 3911 ultro
4195 3847 4477 3928 citroque
4516 3844 4603 3907 iu-

2679 3929 2850 3994 iuria
2892 3929 3202 4009 afficiant,
3245 3928 3351 3995 vel
3396 3937 3753 4012 provocent
3808 3928 3892 3995 ad
3947 3932 4147 4009 rixas,
4206 3930 4312 3998 vel
4362 3931 4605 4013 litigent

2680 4023 2793 4080 aut
2833 4014 3183 4099 iurgentur
3224 4035 3423 4097 super
3465 4035 3660 4082 causa
3701 4016 4056 4100 religionis.

2857 4104 2953 4166 ll.
3012 4098 3148 4181 Qui
3204 4100 3590 4185 religionem
3660 4104 4053 4184 profitentur
4114 4099 4602 4187 supersedebunt

2680 4184 2763 4253 ab
2806 4186 2983 4252 omni
3028 4185 3285 4252 foedere
3328 4186 3501 4270 quod
3560 4186 3807 4254 habent
3866 4197 3999 4253 tam
4040 4190 4113 4255 in
4167 4209 4369 4272 regno
4424 4205 4603 4269 quam

2680 4280 2868 4338 extra
2910 4273 3094 4351 fines,
3139 4293 3216 4339 ac
3259 4271 3332 4337 in
3366 4279 3702 4356 posterum
3723 4272 3943 4340 nullos
3966 4284 4166 4359 agent
4207 4294 4453 4351 census,
4492 4290 4603 4335 nec

2680 4359 2951 4424 nomina
3013 4358 3457 4437 conscribent,
3523 4380 3642 4426 nec
3697 4361 4244 4427 contributionem
4311 4356 4603 4443 pecuniae

2679 4443 2994 4524 indicent,
3040 4444 3258 4510 nullas
3302 4444 3503 4509 etiam
3558 4443 3894 4511 habebunt
3934 4445 4462 4531 congregationes
4501 4438 4601 4506 vel

2680 4530 3064 4598 consistoria
3105 4528 3211 4596 vel
3255 4538 3622 4596 conventus
3665 4530 3797 4597 nisi
3840 4532 3922 4597 ob
3966 4532 4364 4616 religionem.

2851 4616 3200 4683 Ambosiae
3248 4620 3345 4682 19.
3386 4615 3617 4682 Martii
3666 4621 3847 4682 1562.
4028 4641 4039 4648 ·

3585 4787 3699 4856 Sic
3739 4787 4073 4872 signatum
4117 4789 4376 4872 propria
4414 4802 4595 4852 manu

3912 4872 4214 4940 Charles.

3045 5044 3136 5110 Et
3178 5046 3410 5112 subtus
3453 5065 3572 5128 per
3612 5045 3871 5131 Regem
3912 5045 3982 5111 in
4021 5066 4140 5113 suo
4183 5044 4447 5113 consilio

3539 5130 3873 5199 Robertet.

2686 5300 3063 5386 Sigillatum
3106 5303 3178 5368 in
3219 5302 3429 5368 cauda
3470 5302 3729 5387 duplici.
