4850 6117
260 405 388 469 213

432 589 624 659 Haeo
686 612 884 660 eausa
946 599 1064 673 est,
1127 593 1370 678 optime
1423 601 1627 679 pater,
1691 615 1810 661 eur
1873 597 2208 681 negotium

257 675 426 743 mihi
462 676 696 743 datum
728 679 817 744 sit
849 700 891 744 a
922 686 1112 746 ooetu
1145 687 1388 759 nostro,
1430 700 1568 745 non
1599 680 1735 746 iam
1765 687 1843 746 ιιι
1874 689 1939 747 te
1960 701 2205 767 rogem,

258 769 526 830 nostrae
568 761 878 830 eoelesiae
927 784 1092 849 quos
1144 764 1708 849 postulaveramus
1761 765 2029 847 tribuas,
2092 768 2207 834 sed

255 850 313 916 si
355 857 499 915 tam
545 849 801 933 amplae
840 851 1073 917 messis
1114 849 1515 936 eolligendae
1556 870 1714 917 eura
1752 856 1819 917 te
1854 854 2083 937 tangit,
2130 860 2210 920 ut

255 933 325 1001 id
386 934 606 1018 quoad
666 934 808 1002 eius
870 936 1018 1002 fieri
1154 937 1309 1003 terit
1372 937 1710 1005 aooeleres.
1814 936 2206 1021 Spifamium

255 1040 340 1086 ex
394 1020 646 1089 nostris
702 1020 965 1105 quidam
1156 1029 1201 1089 t.
1281 1023 1500 1107 Negat
1555 1042 1626 1088 se
1681 1023 1784 1089 sui
1838 1024 2000 1091 iuris
2043 1045 2202 1106 esse,

252 1112 471 1173 totum
542 1127 614 1174 se
678 1114 900 1174 vestro
964 1107 1230 1175 arbitrio
1294 1108 1695 1175 commisisse
1749 1115 1827 1175 ut
1886 1108 2201 1194 quidquid

253 1191 560 1260 statuetis
602 1192 829 1258 statim
868 1203 1266 1277 aequaturus
1307 1195 1415 1261 sit.
1487 1194 1808 1261 Bar-onem
1850 1194 2127 1262 Genabo
2145 1199 2202 1278 ²)

252 1297 589 1345 aooersere
629 1285 774 1344 erat
814 1280 1091 1358 animus,
1134 1279 1193 1345 si
1235 1300 1429 1364 quem
1473 1280 1543 1345 in
1587 1280 1727 1345 eius
1769 1280 1984 1348 looum
2017 1283 2201 1347 suffi-

253 1384 557 1431 eeremus
622 1364 1035 1431 haberemus.
1123 1365 1256 1432 Hie
1310 1367 1595 1432 ooourrit
1646 1364 1957 1434 Danaeus
1974 1368 2033 1450 ⁸)
2089 1368 2201 1451 qui

252 1447 425 1533 apud
483 1469 605 1518 vos
661 1449 1141 1535 philosophiam
1196 1453 1558 1536 profitetur,
1624 1471 1820 1535 quem
1875 1454 1932 1518 si
1976 1452 2200 1519 Gena-

252 1534 571 1602 bensibus
627 1534 930 1603 daremus
988 1536 1214 1604 statim
1267 1535 1351 1602 ad
1408 1558 1529 1603 nos
1582 1537 1827 1603 rediret
1867 1538 1951 1604 D.
1997 1538 2195 1605 Bam.

252 1620 464 1687 'l'uam
479 1622 705 1705 itaque
725 1642 919 1704 opem
934 1630 1002 1688 et
1025 1643 1365 1689 assensum
1386 1622 1813 1707 imploramus
1832 1621 1930 1710 [ut
1941 1620 2200 1712 Spissa·

250 1705 449 1773 mium
529 1706 643 1774 vel
721 1708 925 1774 alium
1002 1730 1089 1773 ex
1152 1709 1234 1775 iis
1297 1729 1459 1792 quos
1521 1710 1852 1793 superiore
1928 1710 2201 1792 epistola

250 1792 747 1860 nominaveram
779 1794 1090 1860 eoolesiae
1124 1802 1384 1861 nostrae
1417 1793 1718 1875 destines,
1763 1802 1832 1860 et
1863 1793 2201 1861 Danaeum

251 1877 533 1944 horteris
578 1877 662 1944 ad
705 1879 1141 1947 ministerium
1184 1880 1370 1946 verbi
1405 1879 1906 1963 suscipiendum,
1950 1902 2078 1964 quo
2109 1881 2197 1948 D.

252 1961 574 2030 Bai-onem
614 1985 1000 2048 recuperare
1044 1967 1381 2049 possimus.

414 2050 757 2117 Exercent
795 2072 866 2117 se
908 2051 1085 2136 apud
1126 2072 1247 2118 nos
1291 2050 1640 2136 diligenter
1682 2053 1753 2117 in
1795 2052 2197 2136 explioandis

252 2135 595 2220 seripturis
637 2136 827 2201 multi
870 2137 1163 2216 iuvenes,
1230 2136 1345 2202 sed
1392 2147 1527 2203 tam
1569 2137 1782 2203 multa
1825 2147 1986 2204 sunt
2024 2138 2198 2205 eirea

251 2241 365 2288 nos
426 2221 674 2306 oppida
736 2242 865 2305 quo
936 2223 1203 2288 mittere
1267 2243 1530 2290 neeesse
1594 2229 1696 2288 est
1757 2224 1955 2289 simul
2018 2245 2094 2292 ao
2158 2244 2196 2290 e

252 2313 470 2373 nostra
515 2305 797 2374 diatriba
846 2307 1248 2391 prodierunt,
1315 2318 1393 2374 ut
1432 2308 1622 2374 nobis
1663 2308 1930 2374 aliunde
1970 2315 2195 2376 nostro

360 2393 428 2476 gi
472 2393 835 2476 quaerendi
877 2394 1026 2473 sint,
1070 2395 1456 2477 praesertim
1497 2394 1606 2477 qui
1650 2393 1894 2461 multos
1937 2405 2007 2461 et
2046 2417 2193 2460 eru-

314 2483 413 2545 tos
456 2478 793 2545 auditores
836 2478 1169 2546 habemus.
1258 2478 1552 2546 Habebis
1592 2481 1798 2564 igitur
1840 2481 2047 2547 nostri
2086 2502 2192 2546 ra-

253 2564 512 2643 tionem,
564 2585 776 2648 neque
817 2565 1088 2648 patieris
1135 2563 1466 2633 Callistum
1497 2586 1691 2650 quem
1728 2565 1812 2631 ad
1845 2587 1961 2632 vos
1997 2566 2191 2632 huius

253 2650 344 2714 rei
381 2671 589 2716 eausa
627 2651 947 2731 misimus,
990 2651 1253 2716 inanem
1296 2650 1529 2731 redire,
1574 2652 1732 2734 quin
1775 2659 1843 2717 et
1888 2651 2115 2718 Ribitti
2133 2656 2189 2732 ⁴)

256 2742 318 2800 et
367 2734 629 2802 Danaei
680 2755 942 2819 oompos
995 2738 1083 2802 sit
1123 2756 1357 2819 eosque
1399 2737 1529 2804 huo
1569 2737 1931 2804 comitetur.
2019 2736 2190 2803 Hen-

252 2821 432 2902 vicus',
457 2826 510 2900 ⁵)
551 2821 663 2906 qui
699 2822 872 2905 apud
904 2823 1203 2906 reginam
1239 2823 1576 2890 Navarrae
1608 2824 1968 2889 ministerio
2003 2823 2188 2890 verbi

253 2903 515 2973 Domini
598 2907 1015 2993 fungebatur,
1096 2908 1407 2975 diuturno
1492 2909 1717 2975 morbo
1780 2910 2187 2976 oonfliotatus

254 2991 375 3059 iam
415 2995 715 3078 graviter
756 2991 837 3058 de
880 2993 1019 3061 vita
1059 2994 1479 3078 petiolitatur.
1552 2994 1813 3061 Vestris
1855 3016 2004 3061 eum
2038 3015 2187 3078 pre-

255 3077 424 3144 eibus
479 3079 662 3231 ff
714 3078 979 3146 coelesti
1020 3079 1484 3147 commendate.
1571 3080 1637 3147 N
1637 3101 1710 3147 ee
1754 3100 1860 3146 me
1900 3088 2190 3164 praeter-

254 3183 354 3229 eas
416 3187 497 3232 ve
530 3164 547 3178 ‘
623 3214 639 3244 ‚
706 3165 952 3250 optime
1015 3172 1218 3249 pater,
1285 3166 1444 3249 quin
1507 3167 1882 3233 memineris
1945 3174 2189 3251 quanto

254 3252 498 3317 muneri
561 3258 629 3316 et
685 3271 882 3334 quam
938 3249 1141 3316 arduo
1193 3253 1374 3317 oneri
1429 3253 1761 3319 infirmum
1805 3252 2186 3320 homunoio-

253 3355 395 3402 nem
436 3335 812 3415 subieoeris,
869 3336 1169 3419 viresque
1213 3337 1295 3403 ab
1339 3357 1413 3403 eo
1458 3336 1856 3421 suppeditari
1900 3338 2188 3421 postules

255 3421 352 3485 eui
388 3423 829 3488 militat-urum
874 3423 1164 3489 emisisti.
1241 3422 1463 3489 Pudet
1502 3423 1809 3508 pigetque
1848 3423 2189 3491 imbesilli-

256 3508 397 3574 tatis
448 3529 658 3587 meae,
712 3509 819 3575 eui
871 3509 1044 3573 inter
1098 3514 1313 3574 tantos
1359 3510 1532 3574 viros
1577 3507 1919 3575 dicendum
1964 3518 2067 3577 est
2108 3507 2187 3576 de

256 3590 434 3660 rebus
475 3593 867 3661 coelestibus
910 3614 1184 3675 quarum
1228 3588 1489 3674 ἀμύητος
1530 3593 1726 3678 plane
1766 3615 1929 3660 sum.
2005 3596 2186 3662 Tuae

258 3687 400 3743 sunt
438 3686 665 3763 partes
707 3685 804 3758 ut,
849 3681 1155 3762 quoniam
1190 3680 1263 3744 in
1302 3700 1408 3745 me
1442 3700 1678 3763 parum
1713 3689 1781 3746 et
1814 3687 2187 3746 nostrorum

254 3763 412 3829 votis
467 3775 542 3830 et
594 3764 729 3831 tuis
783 3765 1124 3832 conatibus
1165 3765 1582 3849 respondisti,
1624 3787 1801 3833 nuno
1845 3766 1990 3833 aliis
2032 3768 2186 3831 mit-

256 3849 458 3916 tendis
500 3849 886 3917 diuturnam
929 3850 1105 3917 sitim
1151 3850 1432 3935 expleas.
1507 3851 1689 3918 Deus
1727 3857 1856 3936 opt.
1902 3873 2074 3918 max.
2117 3860 2186 3919 te

287 4358 298 4369 ,
441 4228 501 4363 {3
536 4264 1059 4378 Lambertpaneau,
1095 4296 1165 4351 ne
1201 4313 1326 4379 vers
1348 4295 1483 4376 1530
1511 4296 1796 4379 ῥΟτῙόιιιιε
1831 4298 1983 4354 selon
2003 4298 2181 4381 pleur-

259 4372 375 4441 ηας,
404 4363 476 4417 Μ.
512 4365 693 4420 Adam
744 4365 982 4447 Nioeron
1017 4370 1075 4419 et
1119 4365 1194 4420 du
1229 4366 1351 4437 Pin,
1393 4383 1428 4419 a
1460 4364 1597 4420 Gien
1626 4366 1791 4422 selon
1826 4366 2060 4422 Laeron
2105 4367 2183 4449 du

260 4425 422 4486 Mune
455 4440 514 4514 et
544 4434 633 4488 Du
667 4406 910 4499 1ἱῗειιιίιιιις
943 4451 980 4516 ,⁸
1015 4435 1333 4524 Beaugenoy
1368 4434 1605 4516 selanle
1640 4434 1753 4488 role
1787 4433 1887 4489 des
1921 4436 2180 4518 Franqais

260 4510 400 4566 mous
431 4506 682 4585 eitoyens
710 4502 781 4558 de
816 4500 1051 4584 (igneve,
1097 4502 1233 4556 dont
1273 4503 1542 4557 lautorite
1576 4503 1804 4585 tranche
1838 4505 1892 4557 la
1965 4509 2180 4559 uestion

260 4563 463 4718 (ἕξει.
495 4638 649 4723 8,72),.
681 4570 927 4694 moi-{mg
953 4570 1173 4694 (lgtstss
1212 4570 1372 4694 stig.
1417 4569 1571 4714 agiu
1610 4571 2179 4724 &gealt-origoqvoyffoeg

262 4697 469 4761 Orlesns
499 4709 717 4765 etudier
751 4709 802 4765 le
836 4708 988 4763 droit
1031 4724 1154 4762 sous
1190 4709 1351 4762 Anne
1386 4708 1459 4762 du
1495 4709 1694 4779 Bourg.
1764 4710 1988 4765 Temoin
2023 4711 2091 4766 de
2124 4711 2180 4764 la

262 4779 394 4847 {nort
421 4776 488 4830 de
521 4778 735 4832 oelni-oi
767 4777 811 4831 il
973 4778 1017 4831 it
1050 4793 1117 4831 en
1154 4775 1293 4831 1560
1398 4794 1464 4830 ιιι·
1498 4775 1716 4832 Geneve
1752 4777 1823 4833 ou
1855 4780 1896 4833 il
1943 4795 2003 4833 se
2038 4796 2179 4833 vona

263 4853 294 4889 ⁸
308 4838 371 4919 ‘la
398 4842 678 4915 theologie.
749 4846 800 4900 11
892 4857 920 4899 t
952 4863 1022 4916 ap
1062 4845 1145 4899 ele
1180 4862 1247 4900 en
1292 4844 1322 4897 1
1360 4844 1429 4899 62
1474 4844 1509 4899 ὁ
1549 4846 1823 4902 desservir
1867 4846 2073 4918 l’eglise
2106 4848 2177 4903 de

264 4903 398 4993 Gieu.
457 4912 653 4998 (Haaq
685 4913 785 4969 1v.
825 4913 961 4997 192.)
1116 4931 1166 4969 m
1195 4913 1572 4997 pfiilosophiae
1674 4915 1961 4982 ofessorem
2033 4916 2180 4971 uisse

264 4973 382 5108 a·
400 4983 1151 5114 mmmm
1167 4983 1438 5109 m.
1495 4986 1566 5039 Δ·
1782 4986 1928 5054 νῦν·
2063 4986 2172 5041 ⁰1⁰·

268 5179 362 5233 ⁸⁸5ss
388 5116 505 5242 rie?
530 5122 636 5244 dieu·
672 5122 757 5243 lus
791 5135 979 5243 sutum
1018 5122 1234 5258 172„on
1372 5121 1961 5258 ἦἯαῖὃό-ῗιῃῖἷέιι
1988 5121 2069 5178 on
2099 5137 2174 5244 1¹:¹3

269 5252 415 5320 ωιιεό
446 5262 505 5394 33
534 5275 606 5383 33
634 5205 673 5312 Β
703 5206 980 5381 οιιοὲιὸὲ
1012 5208 1176 5327 fisca.
1210 5204 1341 5313 31²⁹
1328 5228 1544 5316 conscii
1575 5256 1658 5312 19.
1689 5231 1829 5316 'sm
1867 5205 2100 5319 iseaf’)m

1966 410 2122 473 1561
2170 408 2578 478 ΒΕΟΕΜΒ.

4125 428 4259 491 214

2312 605 2532 666 servet
2571 596 2717 667 labo
2865 624 2950 668 ue
2983 609 3241 671 sanotos
3278 604 3350 671 in
3394 625 3501 672 am
3547 606 3852 676 lifioando
3893 610 4013 676 filii
4046 629 4262 698 regno

2309 684 2645 768 provehat.
2717 620 2922 753 Ἢο.
3012 690 3337 757 Aureliae.
3380 694 3441 756 4.
3489 628 3627 759 gal.
3672 694 4035 763 Ianuarias.

3121 824 3209 889 H.
3256 822 3546 894 Suraeus
3579 828 3896 897 Bosarius

2960 909 3227 975 nomine
3283 918 3351 976 et
3402 913 3711 981 mandato
3762 916 4073 983 omnium.

3175 1420 3372 1495 3674.

2826 1572 3230 1644 VIRE'I'US
3275 1576 3710 1645 OALVINO.

2470 1743 2573 1810 De
2649 1744 3008 1813 Vno-andalo
3071 1747 3156 1812 ad
3218 1748 3446 1832 Aquas
3506 1755 3786 1817 mortuas
3839 1751 4033 1818 misso
4084 1756 4144 1818 et
4197 1774 4248 1819 a

2304 1828 2831 1898 Paeonacmibus
2871 1837 3092 1899 vocato.

2295 2000 2407 2122 931
2451 2001 2788 2127 autoffipho
2830 2001 2958 2060 cod.
2996 2002 3196 2059 Genev,
3233 2003 3379 2067 1112,
3415 2004 3508 2087 f⁰.¹·
3545 2002 3660 2072 122,
3707 2004 3828 2058 ooll.
3864 2021 3909 2059 o.
3944 2005 4075 2060 0011.
4115 2007 4236 2089 116,

2319 2071 2387 2126 01.
2407 2069 2528 2124 131.
2678 2110 2694 2126 .
2714 2072 2877 2125 Bern.
2912 2072 2961 2126 E
2999 2072 3128 2194 pig
3128 2071 3314 2196 1331}
3315 2079 3405 2212 pel}
3422 2073 3631 2209 ὃιιὲιιὶλῗι.
3664 2073 3789 2129 Vol.
3812 2071 3927 2128 102.
3950 2102 4013 2114 —
4038 2075 4238 2131 Edidit.

2464 2308 2845 2377 Clarissimo
2889 2310 3032 2378 viro
3086 2312 3170 2377 D.
3216 2311 3448 2378 Ioanni
3493 2311 3772 2380 Oalvino
3816 2311 4235 2380 Genevensis

2294 2394 2603 2462 eeclesiae
2678 2395 2926 2481 pastori
3000 2396 3189 2462 fratri
3265 2406 3332 2464 et
3395 2406 3802 2485 symmystae
3862 2396 4227 2481 plurimum

2295 2478 2714 2549 observando.

3728 2567 4057 2636 Genevae.

2465 2736 2534 2805 S.
2597 2738 3016 2819 Varandam
3045 2742 3094 2814 ¹)
3145 2739 3255 2822 qui
3300 2761 3340 2804 a
3382 2739 3565 2806 vobis
3607 2739 3846 2804 missus
3886 2741 4103 2805 fuerat
4143 2739 4232 2806 ad

2297 2824 2510 2907 Aquas
2554 2834 2866 2908 mortuas,
2930 2845 3067 2890 non
3115 2825 3209 2891 ita
3250 2825 3503 2908 pridem
3545 2833 3814 2892 vocatus
3855 2845 3895 2889 a
3939 2826 4232 2892 Pezena-

2292 2910 2613 2990 oensibus,
2669 2931 2804 2976 non
2859 2910 3071 2978 solum
3132 2909 3305 2994 apud
3360 2910 3527 2990 illos,
3572 2909 3688 2976 sed
3730 2909 3929 2976 etiam
3972 2911 4047 2976 in
4089 2919 4232 2978 tota

2292 2995 2532 3062 vieinia
2606 3016 2847 3081 magno
2923 3015 3073 3063 eum
3135 2998 3353 3063 fructu
3418 2994 3760 3062 Christum
3826 2997 4232 3064 annunciare

2291 3082 2516 3164 eoepit.
2581 3081 3019 3163 Quamobrem
3055 3082 3535 3149 Pezenaoenses
3555 3084 3609 3160 ²)
3646 3102 4041 3167 magnopere
4074 3104 4231 3149 eum

2290 3167 2573 3234 retinere
2637 3168 2923 3252 eupiunt,
2989 3168 3312 3252 quoniam,
3378 3167 3435 3233 si
3500 3166 3581 3232 ab
3640 3165 3754 3231 illo
3815 3166 4230 3250 deseruntur,

2290 3252 2563 3320 eolleeta
2615 3253 2696 3319 ab
2751 3274 2827 3319 eo
2877 3253 3147 3320 ecelesia
3199 3253 3569 3319 oonservari
3624 3273 3700 3319 ao
3756 3253 3966 3318 multo
4008 3255 4232 3320 minus

2293 3339 2523 3423 augeri
2579 3339 2837 3423 poterit.
2925 3339 3152 3422 Neque
3209 3340 3383 3404 enim
3438 3336 3639 3403 alium
3696 3336 3942 3403 habent
3999 3340 4233 3405 minis-

2292 3432 2489 3505 trum,
2543 3445 2752 3509 neque
2794 3425 2953 3491 satis
2994 3431 3238 3490 norunt
3279 3422 3452 3489 unde
3495 3422 3735 3488 habere
3779 3424 4047 3508 possint.
4136 3426 4238 3491 At

2290 3531 2446 3577 vero
2502 3511 2659 3595 quia
2727 3510 3134 3579 Varandalus
3184 3530 3223 3576 a
3277 3508 3464 3575 vobis
3506 3510 3807 3575 minister
3851 3509 4232 3595 designatus

2289 3604 2391 3662 est
2425 3594 2601 3681 apud
2636 3599 2860 3681 Aquas
2894 3604 3204 3674 mortuas,
3240 3594 3437 3661 nullis
3471 3615 3542 3660 se
3578 3594 3778 3661 audet
3813 3595 3959 3661 aliis
3994 3596 4235 3661 astrin-

2287 3703 2444 3767 gere
2488 3681 2797 3763 eoolesiis,
2841 3682 2969 3748 nisi
3010 3681 3194 3766 prius
3228 3689 3447 3747 vestro
3485 3679 3702 3746 audito
3738 3680 4020 3758 oonsilio,
4057 3680 4230 3763 quod

2287 3768 2403 3835 abs
2425 3776 2492 3833 te
2516 3766 2880 3853 intelligere
2902 3769 3095 3850 eupit.
3155 3767 3299 3851 Ego
3321 3772 3637 3850 quantum
3660 3765 3921 3848 quidem
3955 3786 4229 3850 eognos-

2286 3873 2433 3919 oere
2487 3854 2672 3954 potui
2688 3905 2706 3933 ‚
2771 3851 3132 3920 eonsultius
3189 3851 3498 3918 eeclesiae
3551 3871 3692 3916 esse
3745 3850 4101 3930 iudicarim,
4168 3850 4232 3917 si

2284 3938 2455 4005 alius
2496 3939 2779 4006 inveniri
2813 3944 3048 4022 posset,
3083 3937 3195 4021 qui
3232 3936 3314 4002 ad
3350 3939 3571 4021 Aquas
3606 3944 3896 4002 mortuas
3931 3936 4228 4002 mittere-

2285 4030 2414 4104 tur,
2439 4043 2642 4108 quum
2662 4023 2730 4090 id
2760 4023 2904 4090 fieri
2923 4024 3168 4108 poterit
3194 4024 3335 4089 sine
3357 4022 3881 4106 praesentissimo
3901 4021 4224 4105 periculo:

2285 4109 2458 4194 quod
2485 4131 2664 4176 nuno
2698 4107 2959 4195 quidem
2982 4109 3125 4174 fieri
3159 4129 3292 4174 non
3327 4116 3555 4191 potest.
3625 4106 3751 4172 Sed
3783 4107 3854 4172 in
3889 4113 4225 4189 posterum

2283 4217 2434 4281 spes
2489 4201 2590 4263 est
2629 4195 2877 4262 melior.
2966 4195 3184 4261 Causa
3224 4214 3379 4260 vero
3423 4213 3588 4276 quae
3630 4211 3735 4257 me
3776 4193 3848 4257 in
3892 4192 4063 4258 hano
4106 4191 4228 4258 ad·

2283 4281 2466 4351 dueit
2506 4279 2917 4360 sententiam,
2962 4279 3124 4346 haee
3166 4287 3281 4358 est,
3329 4276 3498 4363 quod
3542 4285 3778 4356 metuo,
3823 4297 3906 4343 ne
3941 4275 4054 4342 diu
4088 4299 4226 4344 non

2280 4370 2487 4452 possit
2538 4366 2942 4436 Varandalus
2980 4365 3065 4431 iis
3105 4364 3441 4442 inservire,
3485 4362 3716 4447 quibus
3799 4363 4040 4428 rimum
4074 4362 4226 4430 des-

2282 4454 2531 4521 tinatus
2573 4461 2690 4534 est,
2734 4452 2888 4537 quia
2907 4449 3098 4518 valde
3129 4449 3443 4516 obnoxius
3477 4456 3578 4513 est
3597 4447 3697 4513 dis
3731 4446 3744 4461 ‘
3778 4446 4143 4529 lationibus,
4161 4450 4222 4536 ⁶)

2280 4539 2516 4623 quibus
2573 4537 2767 4605 valde
2822 4536 3203 4603 infestatur:
3261 4543 3335 4599 tu
3391 4554 3545 4600 vero
3591 4556 3674 4599 ex
3716 4532 3841 4599 looi
3883 4534 4014 4600 situ
4059 4535 4225 4601 satis

2279 4625 2599 4691 ooniioere
2654 4631 2855 4707 potes,
2921 4641 3115 4706 quam
3179 4638 3408 4703 parum
3465 4618 3743 4685 salubris
3805 4618 3904 4684 illi
3957 4621 4224 4688 futurus

2277 4711 2381 4775 sit.
2468 4708 2749 4777 Caetera
2801 4707 3025 4774 audies
3083 4705 3161 4772 de
3205 4705 3327 4770 hoo
3380 4705 3620 4772 nunoio
3672 4706 3810 4787 tibi,
3851 4711 3926 4771 ut
3969 4706 4226 4790 opinor,

2275 4796 2644 4874 notissimo,
2700 4801 2769 4860 et
2815 4792 2898 4860 de
2950 4797 3131 4859 statu
3186 4790 3388 4856 totius
3442 4790 3639 4857 huius
3679 4811 3753 4856 re
3803 4791 3997 4870 ‘onis‚
4104 4812 4226 4858 ua-

2274 4887 2541 4965 propter
2582 4880 2689 4946 hie
2734 4879 2931 4946 finem
2973 4877 3208 4944 faeiam
3251 4874 3548 4942 salutatis
3582 4877 3766 4942 fratri
3810 4898 3888 4944 us
3921 4882 3990 4943 et
4021 4898 4099 4945 oo
4149 4897 4242 4943 e·-

2272 5118 2461 5175 8074.
2480 5117 2540 5186 1)
2577 5118 2773 5174 Pion-e
2807 5115 3019 5173 001Ζόοά
3052 5116 3135 5172 dit
3168 5112 3561 5173 Davarandal·
3627 5109 3719 5185 (N.
3752 5110 3934 5182 3668.)

2274 5183 3557 5398 Μῶἐὲἔέᾍηφῗὶοῇᾞζωω
3597 5251 3823 5319 raum
3854 5263 3922 5305 ω
3953 5252 4080 5304 m
4105 5261 4222 5319 p·-

3696 5402 3809 5456 14·
