4850 6117
609 344 744 450 499

611 578 952 657 receptum
1014 571 1213 637 fuerit
1277 571 1695 653 Gabilunum,
1726 575 1784 652 ⁸)
1847 592 1922 639 ac
1984 573 2319 639 munitum
2382 573 2576 638 firmo

612 658 959 744 praesidio,
1003 657 1337 743 navigatio
1379 680 1497 743 per
1540 658 1808 726 Ararim
1852 664 1994 725 tuta
2028 660 2171 738 erit,
2216 680 2382 742 quae
2424 679 2580 742 sup-

615 744 868 829 peditet
906 743 1160 829 largam
1201 744 1564 811 multarum
1598 766 1820 811 rerum
1860 745 2129 829 copiam.
2195 744 2382 812 Haec
2415 765 2578 812 vera

615 831 745 895 erit
785 830 965 897 urbis
1007 828 1319 897 custodia.
1407 831 1657 898 Verum
1695 830 1873 896 aliud
1909 831 2295 915 postulatur,
2338 838 2416 898 ut
2458 853 2578 916 pa-

615 923 762 982 cato
804 915 919 981 illo
978 920 1214 996 tractu,
1258 915 1430 1001 quod
1489 917 1674 984 nullo
1715 918 1977 1001 negotio
2019 917 2153 998 fiet,
2198 926 2378 983 reeta
2419 938 2575 984 con·

609 999 889 1067 tendant
930 999 1013 1065 ad
1062 1000 1442 1083 Principem.
1531 1002 1612 1069 Id
1647 1023 1803 1069 vero
1846 1024 1917 1068 se
1959 1003 2244 1069 facturos
2286 1003 2577 1088 pertina-

610 1089 776 1154 citer
820 1095 1082 1172 negant,
1119 1107 1241 1153 nec
1282 1096 1500 1171 potest
1533 1096 1800 1155 senatus
1835 1087 2069 1155 adduci
2103 1096 2180 1154 ιιι
2212 1090 2572 1174 permittat.

611 1172 946 1255 Quorsum
1003 1192 1160 1258 ergo
1217 1194 1380 1257 opus
1421 1175 1548 1241 fuit
1589 1174 1835 1242 vexilla
1885 1174 2165 1241 efferre?
2253 1175 2574 1259 Princeps

609 1259 755 1344 ipse
811 1280 1023 1343 nuper
1079 1259 1491 1344 significavit,
1550 1283 1782 1327 rursus
1842 1281 1912 1327 se
1982 1260 2305 1345 dispersas
2353 1262 2574 1346 copias

612 1344 919 1429 colligere
977 1351 1045 1409 et
1101 1346 1237 1411 fore
1298 1347 1482 1412 brevi
1526 1345 1819 1415 validum
1864 1348 2241 1412 exereitum.
2327 1347 2573 1413 Hostes

614 1430 809 1497 valde
866 1430 1102 1496 terruit
1154 1431 1518 1515 Anglorum
1580 1432 1923 1513 adventus,
1944 1432 2001 1516 ⁴)
2058 1435 2171 1516 qui
2226 1434 2298 1497 in
2353 1433 2574 1500 media

613 1517 978 1583 Normania
1023 1517 1150 1581 iam
1210 1526 1424 1583 castra
1481 1540 1603 1586 sua
1642 1518 1960 1599 locarunt,
2007 1526 2073 1585 et
2115 1519 2299 1584 brevi
2343 1540 2414 1586 se
2457 1519 2571 1584 ad-

613 1602 896 1687 iungent
940 1602 1139 1669 Secti.
1228 1603 1458 1688 Itaque
1501 1604 1749 1690 Reyina
1791 1605 2033 1670 iterum
2078 1605 2161 1671 ad
2202 1624 2355 1672 suas
2398 1612 2573 1671 artes

614 1708 936 1755 conversa
980 1688 1228 1773 legatos
1286 1689 1366 1755 de
1408 1711 1567 1774 pace
1613 1691 1942 1757 subornat.
2031 1690 2180 1772 Qua
2224 1699 2443 1757 tamen
2492 1691 2572 1758 de

614 1795 689 1839 re
753 1775 1176 1840 ,admiraldus
1241 1795 1504 1842 securos
1568 1796 1689 1842 nos
1766 1797 1908 1843 esse
1990 1778 2190 1843 iubet.
2303 1778 2575 1843 Auxilia

614 1881 783 1944 quae
840 1882 923 1924 ex
970 1859 1330 1926 Germania
1385 1862 1810 1946 speravimus,
1828 1864 1885 1942 5)
1952 1864 2077 1928 nisi
2142 1864 2347 1943 fallor,
2416 1885 2572 1930 eva-

613 1953 901 2026 nescent,
957 1947 1109 2028 quia
1162 1968 1486 2031 nusquam
1531 1956 1793 2031 reperta
1836 1958 1937 2015 est
1978 1949 2272 2032 pecunia.
2359 1949 2570 2016 Sena-

609 2038 722 2097 tus
765 2039 989 2098 noster
1043 2032 1385 2098 mandavit
1426 2033 1690 2100 Budaeo
1716 2039 1767 2113 ⁶)
1811 2043 1887 2100 ut
1941 2034 2279 2101 duodecim
2341 2058 2569 2101 aureo-

608 2139 757 2183 rum
801 2116 1009 2183 millia
1050 2117 1154 2183 vel
1197 2119 1497 2185 Basileae
1542 2119 1644 2185 vel
1690 2122 2095 2206 Argentinae
2137 2129 2567 2188 mutuaretur.

611 2202 687 2270 Si
732 2202 905 2269 idem
948 2203 1095 2269 aliis
1137 2204 1679 2284 fuisset'animus,
1725 2206 1955 2289 quibus
1999 2207 2191 2292 longe
2224 2209 2436 2272 maior
2470 2216 2570 2272 est

608 2288 904 2369 facultas,
951 2310 1087 2354 non
1129 2290 1224 2355 ita
1267 2313 1556 2357 essemus
1601 2290 1913 2359 destituti.
2001 2293 2362 2377 Rogandus
2410 2315 2484 2359 er
2530 2315 2568 2359 o

607 2375 795 2447 Deus
840 2381 942 2439 est
984 2382 1062 2439 ut
1116 2375 1378 2442 aliunde
1433 2378 1618 2443 nobis
1669 2379 2035 2462 prospiciat.
2124 2380 2387 2465 Regina
2502 2402 2569 2445 a·

607 2481 839 2526 varrae
856 2465 911 2541 ⁷)
948 2460 1258 2527 mediocri
1295 2464 1589 2530 exercitu
1621 2464 1942 2530 instructa
1976 2473 2094 2544 est,
2140 2467 2251 2549 qui
2296 2465 2379 2531 ad
2411 2486 2565 2548 par-

606 2552 746 2611 tem
803 2547 1198 2629 Aquitaniae
1255 2548 1667 2615 retinendam
1721 2551 2021 2617 sufficiat.
2122 2551 2377 2617 Verum
2434 2553 2565 2619 nisi

605 2633 1005 2699 accesserint
1046 2654 1214 2699 nova
1266 2634 1529 2714 auxilia,
1576 2635 1865 2700 nondum
1907 2657 2030 2720 par
2072 2645 2174 2702 est
2213 2637 2298 2703 ad
2340 2637 2564 2705 hostes

607 2717 1047 2784 invadendos:
1104 2719 1275 2803 quod
1329 2728 1553 2786 tamen
1618 2721 1905 2787 maxime
1960 2723 2316 2806 optandum
2370 2733 2561 2806 esset,

604 2814 684 2871 ut
727 2814 900 2872 esset
952 2805 1032 2870 ad
1078 2826 1400 2872 summam
1456 2808 1554 2872 rei
1598 2808 1890 2890 apprime
1942 2809 2123 2874 utile.
2212 2810 2304 2874 Et
2346 2808 2565 2876 dolen-

607 2888 762 2955 dum
809 2899 910 2957 est
973 2891 1267 2957 nondum
1322 2912 1514 2977 posse
1569 2893 1838 2977 reprimi
1893 2895 2235 2962 saevitiam
2289 2902 2563 2963 senatus

602 2975 928 3057 Tolosani,
946 2978 1006 3058 8)
1058 2978 1169 3061 qui
1223 2999 1426 3044 manu
1470 2979 1789 3045 carnificis
1831 3001 2030 3064 supra
2074 2988 2399 3047 trecentos
2443 2981 2562 3047 ho·

601 3062 819 3128 mines
867 3062 1226 3149 locupletes
1283 3072 1351 3129 et
1404 3065 1731 3146 honestos,
1791 3068 2043 3133 nobiles
2088 3068 2284 3133 etiam
2341 3073 2409 3133 et
2452 3070 2564 3151 qui

610 3147 893 3231 publicis
943 3150 1324 3216 muneribus
1388 3151 1603 3218 functi
1666 3162 1858 3219 erant
1920 3153 2175 3221 occidit.
2266 3153 2343 3219 Si
2403 3153 2561 3237 quid

604 3232 828 3299 valere
871 3240 937 3298 te
979 3236 1327 3303 autoritate
1369 3236 1593 3304 videas
1637 3236 1720 3302 ad
1752 3238 2224 3324 impellendum
2259 3240 2561 3306 Bernen-

603 3337 750 3383 sem
792 3324 1111 3400 senatum,
1158 3328 1234 3386 ut
1267 3344 1416 3389 suos
1457 3324 1703 3390 milites
1761 3325 1844 3391 ad
1892 3324 2406 3411 Principemfaire
2449 3347 2563 3410 pa-

602 3404 828 3486 tiatur,
889 3404 1155 3472 obsecro
1212 3408 1478 3489 enitere,
1535 3411 1691 3494 quia
1739 3412 1803 3497 'si
1846 3409 2096 3478 diutius
2151 3411 2563 3496 protrahitur

603 3489 850 3557 bellum
891 3512 1024 3558 una
1066 3513 1216 3559 cum
1259 3515 1460 3579 regno
1506 3516 1736 3564 sumus
1774 3519 2037 3582 pessum
2082 3497 2236 3564 dati.
2284 3497 2562 3564 Utinam

810 3797 871 3865 3)
909 3800 1215 3858 Montbrun
1261 3803 1445 3858 urbem
1490 3804 1807 3869 defenderat
1851 3811 2039 3860 contra
2100 3803 2404 3874 Tovonnes,
2466 3804 2562 3861 sed

590 3867 749 3938 prid.
795 3865 908 3922 Cal.
946 3869 1076 3925 Iun.
1115 3871 1327 3927 dedidit
1361 3872 1465 3935 (N.
1502 3871 1656 3927 3802.
1695 3874 1846 3930 Hist.
1879 3873 2000 3930 eccl.
2034 3871 2131 3927 111.
2165 3871 2303 3937 408).

807 3936 870 4005 4)
901 3937 1149 3994 Foedere
1179 3942 1287 3996 icto
1319 3940 1406 3997 20.
1443 3941 1591 4010 Sept.
1621 3942 1907 3997 Condaene
1934 3941 2134 4010 Angue
2169 3942 2398 3997 Portum
2431 3958 2562 4013 oro-

599 4006 713 4062 tiae
747 4008 1024 4072 concessit,
1066 4014 1119 4062 et
1160 4009 1401 4065 vicissim
1448 4013 1655 4079 occepit
1700 4010 1840 4065 3000
1871 4012 2067 4065 milites
2099 4016 2152 4066 et
2184 4010 2375 4067 10000
2408 4028 2563 4069 coro-

599 4081 766 4131 natos
790 4089 1007 4212 2532.
1022 4076 1358 4200 &gamem
1394 4079 1544 4138 miz.
1579 4079 1664 4135 61.
1702 4080 1914 4136 sozaan
1946 4079 2014 4134 11.
2052 4077 2120 4132 ιο
2153 4051 2276 4150 01⁶5

711 4283 732 4333 l
809 4213 869 4280 6)
910 4214 1046 4284 περ.
1099 4187 1177 4271 αεὶ
1212 4215 1428 4272 omen
1470 4213 1523 4272 4.
1566 4215 1655 4270 28.
1701 4217 1847 4287 Aua.
1891 4214 1944 4270 3.
1994 4215 2137 4285 Sept.
2184 4222 2235 4273 ιι
2279 4218 2435 4284 infra
2482 4218 2563 4276 Ν.
2669 4207 2780 4274 (Ex

818 4349 878 4418 7)
915 4350 1140 4408 Lutetia
1181 4369 1251 4408 m.
1290 4353 1438 4409 Iulio
1482 4354 1659 4409 medio
1690 4353 1881 4409 relicta
1925 4368 2084 4408 suom
2117 4353 2380 4410 ditionem
2412 4370 2567 4424 repe·

608 4418 716 4486 tiit,
751 4435 890 4489 pour
922 4438 959 4487 y
992 4423 1146 4475 vivre
1181 4421 1214 4476 a
1248 4424 1302 4476 la
1336 4421 1634 4488 (salvinius,
1670 4439 1872 4491 maana
1903 4423 2166 4478 nobilium
2198 4425 2443 4480 virorum
2476 4441 2568 4480 ca·

610 4492 767 4541 torva
812 4489 1033 4555 stipata.
1116 4491 1270 4546 Fata
1310 4494 1432 4545 eius
1477 4493 1538 4547 in
1581 4492 1684 4547 hoc
1715 4493 1921 4557 itinere,
1955 4493 2052 4546 ubi
2082 4494 2229 4547 inter
2261 4494 2379 4548 alia
2413 4493 2569 4562 apud

608 4556 840 4610 nobilem
873 4558 1052 4612 virum
1091 4557 1355 4616 caumont
1398 4561 1464 4616 de
1497 4564 1555 4616 la
1591 4563 1770 4617 Foree
1802 4561 1985 4617 morbo
2016 4569 2265 4630 correpto
2299 4563 2566 4633 aliquom-

609 4622 714 4677 ἀίω
747 4623 969 4681 haerere
1001 4635 1190 4682 coacta
1217 4630 1331 4695 fnit
1380 4630 1605 4685 insidiis
1638 4631 1748 4686 eibi
1762 4631 1981 4684 metis
2013 4645 2175 4699 aeqre
2205 4633 2410 4699 vitatis,
2440 4633 2567 4701 plu·

609 4693 770 4747 nm
824 4700 1025 4747 narrat
1072 4696 1276 4760 Muret,
1328 4673 1455 4754 zm.
1509 4699 1577 4754 aa
1621 4698 1677 4753 J.
1712 4697 1969 4754 aurem.
2016 4698 2079 4752 P.
2130 4698 2281 4753 1862.
2335 4714 2391 4768 p.
2448 4700 2567 4754 128.

606 4760 1048 4896 gom-Bor&
1069 4764 1128 4886 ι1.
1164 4764 1249 4821 99.
1315 4769 1372 4821 A
1415 4768 1649 4824 subditis
1689 4770 1752 4823 in
1785 4767 1977 4822 Beorn
2008 4770 2248 4824 monimo
2280 4784 2400 4824 eum
2433 4787 2568 4840 qou-

1015 4847 1074 4886 ιιι
1101 4872 1113 4886 .

819 4898 854 4952 8
912 4900 1059 4953 Hist.
1096 4902 1217 4957 ecel.
1253 4902 1344 4956 111.
1378 4903 1475 4956 31.-
1544 4905 1693 4961 Ceux
1728 4907 1796 4960 de
1851 4906 1906 4959 la
1939 4906 2084 4961 Cour
2136 4905 2231 4972 (de
2268 4907 2564 4977 Toulouse)

611 4976 1048 5024 commencerent
1091 4969 1123 5022 a
1168 4986 1390 5025 exercet
1432 4974 1551 5027 leur
1585 4991 1891 5045 vengeance
1923 4974 2087 5028 d'une
2120 4980 2374 5045 estrange
2408 4977 2567 5046 facon

613 5052 783 5107 ayans
817 5037 1103 5092 deschasse
1138 5038 1208 5091 de
1241 5040 1362 5092 leur
1388 5045 1703 5112 compagnie
1736 5061 1845 5099 non
1869 5044 2172 5098 seulement
2204 5044 2285 5098 les
2319 5053 2566 5116 suspects

611 5105 832 5176 iusques
884 5123 954 5160 au
1009 5108 1237 5160 nombre
1280 5108 1351 5163 de
1395 5107 1478 5162 22.
1534 5115 1670 5165 mais
1704 5114 1866 5177 aussi,
1911 5114 2174 5183 quelques
2215 5130 2318 5167 uns
2365 5116 2459 5185 qui
2495 5132 2566 5170 ne

612 5174 734 5227 leur
767 5175 1092 5231 sembloient
1126 5193 1275 5229 asses
1310 5177 1552 5246 enrages.
1606 5182 1784 5246 Quant
1804 5199 1908 5235 aux
1946 5182 2197 5236 execute's
2232 5184 2266 5238 a
2294 5191 2441 5239 mort
2473 5185 2566 5240 de-

609 5244 736 5364 fluis
781 5245 835 5297 le
877 5261 1036 5316 moys
1080 5245 1149 5298 de
1186 5246 1312 5316 May
1355 5246 1600 5315 iusqu’au
1645 5258 1856 5319 trespas
1902 5248 1975 5303 du
2008 5251 2111 5305 duc
2156 5251 2220 5305 de
2272 5252 2453 5324 Guyse
2496 5254 2566 5308 ils

671 5318 796 5366 rent
828 5314 899 5368 de
930 5313 966 5368 3
999 5314 1037 5369 a
1069 5313 1176 5368 400
1208 5321 1301 5370 etc.
1335 5314 1621 5385 (Mor-tyrs
1647 5318 1744 5383 fol.
1779 5317 1882 5372 666
1915 5318 1993 5387 o.)

2106 379 2640 451 EPISTOLAE
2679 382 3110 448 3836—3838

4487 391 4595 456 500

2687 569 2885 637 domo
2932 570 3272 657 nunquam
3316 574 3563 658 egressi
3605 580 3842 640 essent.
3931 571 4071 642 Sed
4135 593 4255 658 pro
4302 580 4414 642 tua
4459 597 4599 662 pru·

2680 655 2903 724 dentia
2944 659 3212 724 eoniieis
3264 666 3582 743 quantum
3624 657 3884 731 intersit
3925 659 4010 726 ad
4051 659 4293 727 famam
4332 661 4482 729 belli
4512 663 4602 750 ip-

2678 763 2786 809 sos
2818 764 2951 811 non
2993 741 3354 813 discedere:
3399 745 3552 826 imo,
3599 744 3657 811 si
3705 744 3953 830 proelio
3995 744 4467 814 decernendum
4497 757 4602 829 est,

2678 849 2813 895 non
2849 829 3076 913 procul
3110 830 3352 897 abesse.
3418 832 3530 898 Ex
3573 830 3929 898 Germanis
3962 831 4096 899 selo
4178 833 4421 914 tariis⁰)
4460 855 4604 919 quos

2677 913 2902 982 hostes
2941 916 3395 983 conduxerant
3436 916 3755 983 vexillum
3797 938 4003 983 unum
4048 939 4088 985 a
4173 940 4294 985 nos
4334 921 4596 987 transiit:

2678 999 2790 1065 alii
2825 1000 3095 1086 polliciti
3135 1010 3294 1068 sunt
3333 1022 3404 1068 se
3445 1023 3579 1069 non
3623 1003 4056 1071 conflicturos.
4146 1003 4389 1072 Gallici
4430 1007 4606 1074 etiam

2677 1087 3005 1169 equitatus
3057 1088 3527 1171 praeiudicium
3587 1088 3932 1156 Guisionos
3987 1088 4181 1157 valde
4234 1091 4464 1157 anxios
4501 1091 4606 1158 ha-

2677 1171 2804 1238 bet.
2892 1173 3125 1257 Itaque
3174 1194 3399 1259 regem
3452 1174 3788 1241 Navarrae
3839 1175 4165 1242 miserunt
4225 1177 4339 1259 qui
4398 1176 4610 1262 Reyem

2677 1258 3041 1325 attraheret
3085 1260 3155 1324 in
3198 1266 3432 1339 castra,
3476 1281 3562 1326 ne
3606 1260 3886 1345 amplius
3919 1261 4226 1328 militiam
4269 1261 4609 1330 detrectent

2677 1351 2811 1409 tam
2854 1344 3149 1412 Helvetii
3206 1352 3274 1412 et
3331 1345 3445 1412 alii
3490 1346 3699 1412 exteri
3742 1347 3982 1413 milites
4025 1369 4225 1431 quam
4269 1347 4467 1428 Galli,
4507 1350 4610 1433 qui

2676 1429 2797 1495 soli
2843 1430 3007 1515 Reyi
3063 1453 3134 1498 se
3191 1430 3484 1498 addictos
3538 1453 3680 1499 esse
3723 1434 4128 1516 profitentur.
4214 1433 4365 1501 Hoc
4406 1444 4609 1501 tamen

2674 1525 3136 1598 commentum,
3180 1528 3258 1584 ut
3299 1539 3510 1602 spero,
3553 1525 3848 1584 vertetur
3889 1520 3958 1584 in
4010 1519 4319 1587 fabulam.

2845 1602 2992 1668 Iam
3036 1614 3215 1670 totus
3256 1604 3505 1670 mensis
3540 1603 3804 1688 elapsus
3846 1615 3949 1671 est
3990 1626 4075 1671 ex
4117 1626 4244 1688 quo
4288 1605 4611 1673 nobiscum

2674 1686 2853 1753 Besa
2875 1691 2960 1769 ¹⁰)
3007 1709 3149 1757 esse
3203 1687 3533 1758 debuerat.
3622 1688 3880 1756 Verum
3936 1712 4021 1756 ex
4062 1712 4193 1774 quo
4234 1692 4306 1756 in
4349 1690 4610 1777 Campa·

2673 1774 2852 1839 niam
2895 1796 3045 1841 cum
3097 1776 3334 1842 comite
3380 1774 3801 1857 Sanportiano
3856 1776 4081 1843 salvus
4123 1775 4497 1857 advenerat,
4535 1801 4611 1845 ne

2671 1859 2988 1926 minimus
3045 1860 3309 1944 quidem
3366 1882 3595 1927 rumor
3650 1861 3732 1927 ad
3777 1884 3897 1928 nos
3939 1861 4175 1928 allatus
4217 1872 4321 1929 est
4364 1863 4612 1929 ubinam

2671 1944 2963 2012 locorum
3018 1956 3206 2013 esset.
3297 1946 3470 2028 Quia
3521 1945 3849 2014 nihildum
3891 1949 4081 2014 triste
4123 1950 4406 2015 ominari
4446 1950 4612 2031 libet,

2671 2031 2944 2098 coniicio
3008 2034 3081 2098 in
3143 2055 3223 2098 ea
3265 2033 3605 2120 provincia
3668 2054 3809 2099 esse
3874 2043 4204 2101 retentum
4266 2034 4385 2101 ubi
4450 2056 4611 2102 nunc

2670 2117 2927 2217 fervent
2988 2139 3224 2269 {faves
3288 2131 3521 2219 motus.
3609 2117 3839 2220 Simul·
3884 2141 3960 2188 ac
4021 2119 4269 2221 aliquid
4333 2123 4496 2222 certi
4553 2127 4613 2187 et

2670 2223 2864 2354 2351?
2866 2212 2954 2354 ‘3¹¹⁵
3015 2226 3270 2357 (1Ξῖἓέ
3322 2226 3681 2356 ἒῗιῗέἑῖιῖ.
3717 2205 4613 2372 ⁸ss¹ssssf¹d31ffiffiss¹²vffi

2668 2374 2873 2440 frater
2926 2376 3326 2456 honorande,
3389 2398 3524 2442 una
3576 2397 3727 2443 cum
3780 2379 3867 2444 D.
3923 2377 3999 2444 P.
4059 2376 4371 2462 martyre,
4431 2379 4612 2445 Gunz-

2665 2459 2834 2526 thero
2880 2468 2948 2526 et
3003 2461 3305 2528 omnibus
3360 2462 3642 2547 collegis.
3730 2464 4058 2529 Dominus
4102 2484 4219 2533 vos
4263 2474 4484 2531 servet
4521 2466 4613 2529 in-

2668 2546 2972 2627 columes,
3019 2558 3085 2614 et
3128 2547 3240 2613 det
3280 2547 3612 2614 laboribus
3657 2550 3895 2616 vestris
3939 2550 4195 2616 felicem
4228 2571 4611 2619 successum.

2670 2631 2986 2699 Genevae
3036 2638 3133 2700 15.
3182 2634 3469 2720 Augusti
3518 2638 3701 2700 1562.

3484 2770 3765 2838 Ioannes
3808 2770 4125 2839 Calvinus
4169 2778 4338 2838 tuus.
4371 2775 4455 2859 ¹¹)

2838 2956 3222 3025 lovwillaeus
3255 2963 3325 3024 te
3357 2969 3738 3027 reverenter
3779 2961 4040 3029 salutat.

3446 3270 3855 3280 ————

3549 3524 3745 3594 8887.

3277 3694 3524 3761 BEZA
3569 3694 4001 3766 GALVINO.

2839 3863 3209 3947 Propediem
3276 3866 3592 3934 Genevam
3666 3868 3990 3935 rediturus
4065 3870 4367 3936 nonmdla
4428 3872 4611 3938 tradit

2662 3949 3237 4102 Zegffiisoellicis
3271 3954 3464 4035 deque
3496 3953 4002 4039 negotiationibus
4048 3975 4188 4020 cum
4219 3958 4609 4042 principibus

2815 4207 3149 4276 autographo
3184 4206 3313 4327 god.
3348 4208 3550 4265 Gener.
3600 4208 3716 4275 117,
3761 4209 3852 4266 fol.
3888 4211 3973 4266 90.
4045 4213 4309 4284 Reperies
4356 4214 4519 4296 etiam
4556 4212 4607 4266 in

2666 4276 2798 4332 0οά
2846 4275 3103 4410 Πθζιτῖἷί.ι
3122 4275 3240 4400 1955'.
3270 4276 3604 4404 ffffiffip
3644 4280 3792 4401 ku}
3807 4297 3890 4404 1ῗῖ
3918 4279 4065 4421 iffi?
4099 4288 4164 4420 {¹²
4197 4283 4606 4420 {gi->amorum

2749 4689 2752 4692 ,
2872 4634 2906 4687 9
2966 4633 3153 4691 Lettre
3202 4636 3270 4692 de
3310 4636 3597 4694 l’Amboss.
3635 4639 3702 4694 de
3750 4638 3962 4713 Saooye
3999 4640 4083 4696 31.
4120 4640 4276 4697 Juill.
4313 4642 4503 4709 (Μὲηι.
4546 4639 4608 4694 de

2673 4702 2858 4760 Oonde'
2973 4744 2985 4757 .
3033 4703 3195 4772 5⁷5).·
3273 4707 3379 4761 Les
3431 4706 3569 4762 1200
3609 4707 3841 4779 Beytres
3895 4727 3965 4765 on
4014 4712 4291 4782 pistoliers
4342 4709 4605 4766 conduieb

2668 4790 2770 4845 par
2815 4775 2869 4828 le
2914 4774 3087 4829 Oonte
3130 4774 3200 4828 de
3234 4776 3573 4845 Rogendorff
3608 4779 3918 4833 arrivarent
3971 4795 4062 4836 ces
4110 4780 4260 4848 jours
4313 4779 4498 4849 passe's
4542 4793 4604 4830 au

2669 4858 2825 4913 camp
2861 4849 2918 4896 et
2961 4848 3084 4898 tout
3116 4844 3455 4900 incontinent
3499 4845 3611 4902 s’en
3643 4847 3856 4902 revolta
3887 4864 3995 4902 une
4028 4847 4208 4903 bonne
4241 4853 4436 4919 troupe
4467 4852 4523 4901 et
4550 4860 4604 4898 se

2667 4912 3185 5036 aarum
3213 4914 3534 5041 {aaa}
3554 4914 4161 5053 ‘'er-Kerm-
4077 4915 4588 5053 fflwmw
4545 4912 4605 4969 ³⁶

2670 5048 2897 5117 Philipp
2931 5050 2980 5105 b.
3018 5047 3348 5108 Kluckhohn
3380 5052 3424 5106 Ι.
3461 5051 3580 5108 816.
3616 5053 3891 5109 Barthold
3921 5054 4042 5109 400.
4572 5117 4584 5131 ‚

2839 5116 2933 5183 10)
2975 5116 3264 5174 Condaeus
3310 5137 3430 5176 eum
3464 5137 3587 5178 eum
3625 5121 3680 5177 S.
3720 5122 3997 5179 Porciano
4031 5124 4093 5178 in
4132 5122 4483 5179 Germaniam
4514 5134 4603 5174 ιιι·

2667 5186 2743 5241 sit
2772 5191 2836 5242 at
2864 5187 3209 5310 prineigbm
3241 5204 3372 5244 snos
3404 5190 3723 5327 theolotqifoe
3761 5192 4049 5262 scrupulos
4079 5198 4360 5249 acueret.
4431 5189 4603 5245 um

2667 5254 2920 5377 Δυρυῖιιο
2953 5271 3071 5381 τιθῶ
3096 5270 3130 5310 o
3163 5257 3527 5326 Argenteo-oti
3583 5265 3667 5317 uit
3694 5259 3909 5331 (Boiam
3944 5261 4011 5317 11.
4046 5259 4150 5316 653
4184 5263 4281 5329 es.)

2911 5331 2936 5391 )
3072 5326 3302 5397 scriptio
3335 5344 3403 5383 ιιι.
3434 5344 3562 5398 ppr.
