4850 6117
506 396 588 459 21
607 396 642 457 1

1392 576 1585 648 am

914 746 1585 818 BULLINGERUS
1641 746 2073 816 OALVINO.

709 922 1031 1007 spectrum
1085 921 1530 1006 Amanum
1575 922 1707 987 iam
1760 918 2027 987 Brentio
2067 924 2123 986 et
2179 918 2469 1005 Vorqerio

498 1009 795 1082 ducibus
840 1007 1126 1075 Galliam
1166 1007 1465 1075 invadens
1506 1005 1670 1072 videt
1701 1010 1760 1072 et
1798 1004 2181 1088 refomidat.

524 1181 643 1244 (Ex
688 1184 916 1249 autogra
954 1178 1026 1233 110
1073 1177 1204 1234 God.
1247 1177 1448 1232 Gener.
1498 1176 1562 1231 11
1647 1177 1741 1233 fol.
1771 1176 1855 1231 96.
1926 1175 2127 1232 Exstat
2196 1191 2268 1231 uo
2306 1193 2376 1231 ue
2408 1176 2469 1231 in

524 1249 658 1305 cod.
696 1248 840 1315 111⁸,
874 1247 929 1303 fo
954 1287 967 1300 .
1003 1245 1124 1313 238,
1159 1247 1218 1301 in
1251 1246 1705 1382 Eppigzeer.)L
1739 1264 1793 1318 p.
1835 1242 1968 1299 1106
1998 1252 2057 1300 et
2072 1261 2160 1315 ap.
2222 1247 2234 1259 ⁸
2315 1262 2469 1301 erum

527 1486 914 1555 Clarissimo
993 1488 1137 1554 viro
1221 1486 1307 1552 D.
1391 1486 1624 1551 Ioanni
1701 1484 1981 1552 Calvino
2058 1484 2471 1552 Genevensis

524 1572 838 1641 ecclesiae
920 1574 1162 1655 pastori
1226 1570 1489 1671 domino
1553 1570 1824 1639 colendo
1885 1579 1953 1637 et
2014 1571 2205 1637 fratri
2266 1569 2467 1637 caris·

1320 1677 1486 1723 simo
1529 1678 1665 1723 suo.

692 1828 764 1896 S.
819 1828 902 1894 D.
1002 1828 1109 1893 Ex
1177 1826 1738 1912 Virtembergensi
1803 1827 2043 1895 ducatu
2106 1848 2225 1911 pro
2286 1835 2468 1892 certo

523 1915 714 1981 nobis
770 1914 1127 1980 nunciatur
1177 1914 1454 1980 missum
1518 1934 1661 1980 esse
1704 1934 1787 1979 ex
1833 1912 2055 1980 Gallia
2097 1912 2181 1980 ad
2224 1911 2469 1997 princi·

518 2022 673 2085 pem
739 1998 1191 2065 Ramboletium
1210 1997 1261 2083 ¹)
1328 1997 1669 2082 quendam.
1774 1997 1952 2081 Quid
2005 2004 2161 2085 agat
2212 1998 2465 2083 ignoro.

521 2084 780 2153 Deinde
823 2092 980 2151 sunt
1020 2085 1133 2166 qui
1176 2084 1395 2151 dicant
1438 2084 1821 2152 Gai-sianum
1840 2086 1895 2165 ²)
1932 2092 2241 2169 expetere
2275 2083 2470 2150 collo-

518 2169 1726 2323 ἓηῗῖἓᾝιῖἓὶῗῗῗῗὲἓῗέἐὲῗ
1755 2177 1886 2322 ..ἵξῃ
1903 2169 2468 2340 tiata&

520 2344 805 2427 gentina.
904 2342 1039 2407 Pro
1093 2349 1269 2407 certo
1322 2351 1542 2407 tamen
1599 2340 1721 2409 hoo
1779 2362 1910 2408 non
1953 2343 2226 2407 affirmo.
2318 2340 2468 2407 Hoc

521 2428 677 2506 scio,
719 2428 1046 2493 neminem
1091 2426 1213 2493 hoc
1256 2427 1514 2492 saeculo
1546 2427 1779 2494 vivere
1811 2427 1925 2511 qui
1958 2427 2192 2493 maiori
2224 2435 2466 2493 conatu

521 2521 797 2578 conetur
853 2510 1101 2577 idolum
1156 2511 1321 2577 illud
1384 2514 1815 2596 Augustanae
1857 2512 2283 2580 confessionis
2324 2532 2465 2577 om-

524 2596 716 2664 nibus
774 2598 1081 2681 gentibus
1138 2596 1504 2663 obtrudere.
1593 2597 1963 2682 Impellitur
2005 2597 2085 2663 ab
2131 2597 2465 2680 ubiquista

520 2681 812 2762 BrentiO,
880 2683 989 2765 qui
1054 2684 1125 2747 in
1167 2683 1293 2749 hac
1357 2686 1836 2750 concertatione
1898 2684 2162 2750 insanit.
2234 2683 2467 2767 Nuper

518 2768 692 2834 dixit
755 2768 1223 2847 (certissimum
1266 2769 1391 2836 1100
1433 2774 1598 2847 est):
1654 2769 1784 2835 iam
1840 2769 2106 2835 tandem
2162 2770 2237 2835 in
2303 2769 2466 2836 actis

521 2853 784 2920 Galliae
841 2864 1112 2939 apparet
1164 2853 1321 2937 quid
1373 2853 1556 2920 Besa
1597 2862 1666 2920 et
1726 2853 2024 2922 Calvinus
2076 2863 2143 2920 et
2196 2854 2309 2921 alii
2364 2854 2463 2920 illi

518 2940 811 3005 sentiant
851 2939 933 3005 de
975 2961 1172 3006 causa
1214 2940 1662 3007 eucharistiae.
1741 2939 1916 3006 Audi
1959 2940 2164 3007 aliud:
2239 2939 2465 3024 Scrip-

517 3025 613 3090 sit
677 3046 890 3109 nuper
952 3023 1035 3090 ad
1099 3033 1401 3093 senatum
1465 3026 1853 3093 Ouriensem
1926 3026 2260 3112 Verqerius
2314 3028 2466 3110 (ego

520 3109 751 3176 literas
817 3109 1019 3176 habui
1082 3112 1151 3176 in
1211 3113 1374 3177 meis
1439 3112 1790 3194 manibus),
1853 3113 2027 3177 inter
2091 3112 2222 3178 alia
2278 3129 2464 3179 vero:

520 3194 748 3261 Senex
791 3218 940 3262 sum
982 3204 1050 3261 et
1090 3197 1631 3277 valetudinarius,
1676 3198 1907 3280 inquit,
1953 3205 2022 3264 et
2063 3207 2289 3263 tamen
2329 3217 2466 3263 me-

521 3291 640 3346 tuo
703 3302 790 3346 ne
831 3302 1086 3347 summa
1129 3283 1367 3368 hyeme
1409 3303 1607 3368 cogar
1647 3284 1718 3348 in
1764 3283 2053 3350 Galliam
2097 3293 2165 3349 et
2207 3281 2468 3367 quidem

521 3367 675 3433 cito.
699 3367 755 3451 ⁸)
828 3368 934 3432 Ad
972 3367 1195 3451 Philip
1244 3389 1355 3434 um
1396 3369 1733 3435 Gallitium
1767 3371 1862 3434 ita
1896 3369 2157 3437 scribit:
2229 3368 2468 3435 Adhuc

520 3461 748 3517 metuo
810 3452 977 3518 mihi
1040 3454 1111 3518 in
1177 3390 1466 3520 (galliam
1530 3454 1818 3521 eundum
1872 3475 2034 3534 esse,
2099 3455 2233 3519 imo
2288 3475 2469 3521 nunc

521 3538 737 3623 magis
778 3546 1004 3603 metuo
1047 3559 1243 3623 quam
1286 3549 1438 3606 ante
1479 3561 1790 3623 unquam.
1867 3538 2083 3606 Datae
2124 3547 2279 3606 sunt
2320 3539 2468 3606 lite·

522 3643 639 3688 rae
696 3623 1037 3707 Tubingae
1097 3623 1203 3690 die
1244 3624 1365 3692 IV.
1412 3624 1817 3693 Decembris.
1903 3624 2271 3692 Admonete
2313 3646 2471 3711 ergo

520 3710 761 3859 {ratres
795 3709 869 3774 in
913 3708 1167 3776 Gallia:
1234 3710 1293 3775 si
1339 3711 1611 3790 venerit,
1670 3711 2001 3795 excipiant
2041 3712 2230 3777 illum
2273 3719 2470 3795 prout

568 3795 763 3878 ignus
813 3802 933 3860 est.

693 3880 1266 3946 Festinantissime
1319 3881 1481 3947 haec
1536 3881 1750 3948 scribo
1805 3890 1873 3948 et
1924 3889 1990 3948 te
2030 3882 2276 3965 optime
2319 3904 2469 3950 cum

524 3963 829 4032 omnibus
873 3969 1006 4033 tuis
1063 3966 1287 4034 valere
1329 3976 1509 4050 opto:
1574 3987 1807 4050 precor
1848 3968 2008 4034 item
2052 3967 2170 4033 tibi
2213 3969 2470 4051 tuisque

520 4070 773 4117 annum
828 4050 1292 4121 felicissimum.
1382 4052 1640 4134 Quaeso
1701 4052 1895 4120 scribi
1949 4053 2298 4138 aliquando
2349 4075 2472 4138 per

529 4336 718 4392 3672.
731 4337 790 4404 1)
802 4338 927 4395 Jac.
941 4340 1089 4394 d’An
1126 4356 1290 4396 canes
1298 4341 1364 4397 de
1377 4341 1741 4398 Rambouillet
1766 4342 1976 4413 legatus
1990 4358 2112 4398 cum
2123 4341 2478 4400 Hotonamw

527 4423 601 4461 ιι.
634 4406 922 4463 Decembri
953 4410 1014 4463 in
1106 4413 1408 4466 ermaniem
1440 4411 1641 4466 missus
1670 4411 1797 4479 tuit,
1833 4414 1931 4481 qui
1962 4427 2082 4466 cum
2119 4411 2475 4481 Principibus

528 4475 599 4530 de
643 4474 964 4531 Tridentino
1014 4480 1240 4534 008011ίο
1285 4480 1538 4534 adeundo
1585 4480 1668 4535 vel
1706 4482 1896 4549 potius
1941 4481 2007 4535 de
2051 4495 2191 4536 novo
2343 4482 2473 4538 dam

529 4545 883 4598 convocando
916 4551 1110 4609 canet.
1186 4547 1461 4603 Adia-unt
1489 4549 1727 4617 primum
1764 4548 2113 4604 Fridericum
2151 4550 2204 4604 P
2260 4552 2472 4606 atinum

527 4610 885 4680 (Kluckhohn
920 4611 1055 4667 Brie
1082 4629 1110 4667 e
1141 4616 1188 4669 Ι.
1224 4615 1373 4684 232),
1410 4617 1603 4672 deinde
1640 4617 2084 4687 Christophorum
2131 4616 2471 4675 Wirtember·

526 4679 1151 4804 {coaggregsnfflmge-
1191 4682 1304 4805 272.
1340 4685 1484 4809 Bag.
1518 4684 1907 4808 2201651Κ89101·
1951 4686 2019 4811 ltli
2054 4685 2199 4756 314),
2243 4687 2476 4758 denique

1277 4767 1385 4821 quo
1470 4793 1484 4808 .
1601 4796 1613 4809 .
1686 4771 1779 4810 aa.
1819 4771 1965 4825 recep
2060 4763 2204 4811 eunt.
2295 4756 2473 4825 (Lan-

523 4823 656 4887 Μ
687 4815 1199 4952 Ἓξῗτὶαηιίῗῖἔὰῖθ
1214 4820 1945 4949 ἕωῌῗέεἷαξέῗὲοιιιοέῗέι
1988 4908 2051 4948 eo
2093 4894 2244 4951 misit
2361 4899 2385 4949 ο·
2416 4894 2460 4951 d

526 4952 630 5077 {gi
644 4953 1204 5092 fvfflff‘g‘zfflggg‘f‘
1235 4959 1451 5025 appulit·
1450 4998 1464 5011 .
1514 4960 1744 5030 (Sattler
1776 4963 1810 5017 1.
1846 4964 1879 5017 l.
1915 4962 2058 5019 Rea.
2090 4962 2225 5031 215,-
2260 4911 2476 5036 καῖον

641 5059 660 5088 ⁹
733 5090 953 5173 5²3)1mo
1006 5065 1335 5161 summopere
1386 5095 1534 5149 mitti
1580 5098 1841 5219 sugebat.
1931 5098 2068 5155 Vide
2115 5101 2234 5157 eius
2279 5116 2399 5172 epp.
2436 5118 2474 5157 a

530 5157 774 5215 &homo
843 5159 1035 5214 editas.
1111 5159 1352 5231 (Καρῶν
1399 5161 1548 5232 329.)
1692 5179 1723 5219 s
1789 5182 1850 5222 eo
1909 5167 2236 5237 Lametus
2302 5171 2359 5225 d.
2413 5171 2468 5225 d.

512 5227 851 5351 3111·ssng
888 5226 1020 5281 143=
1073 5228 1254 5285 Homo
1297 5246 1406 5299 quo
1449 5232 1627 5287 nullus
1672 5239 1758 5288 est
1800 5235 1970 5306 magis
2016 5237 2244 5292 idoneus
2277 5239 2348 5294 ad
2383 5256 2473 5293 res

2016 388 2540 460 EPIS'DOLAE
2585 386 3008 454 3672-3674

4378 373 4508 437 212

2571 580 2719 642 tuos
2780 594 2968 642 cures
3031 572 3187 657 quid
3251 573 3368 639 fiat
3430 571 3504 637 in
3567 568 3792 640 Gallia
3856 575 3923 633 et
3973 587 4141 652 quae
4194 584 4345 650 spes
4397 566 4506 633 sit.

2570 659 2952 727 Adversarii
2985 659 3093 726 hic
3125 658 3410 725 infausta
3441 662 3776 742 spargunt.
3833 654 3981 739 Ego
4012 652 4286 720 meliora
4304 672 4510 752 ‘spero

2570 754 2637 812 et
2689 747 3052 813 Dominum
3106 765 3222 811 oro
3277 750 3353 810 ut
3403 742 3609 811 nostri
3652 742 4053 807 misereatur.
4144 738 4424 804 Tretmm
4439 741 4506 816 ⁴)

2569 831 2891 899 Polonum
2933 830 3151 898 saluta
3182 836 3248 896 et
3281 826 3804 895 commendatum
3840 824 4027 905 habe,
4061 823 4247 892 cuius
4279 822 4510 890 literas

2569 917 2756 985 binas
2799 917 3037 1002 accepi.
3106 913 3531 1000 Respondere
3572 911 3789 979 adhuc
3827 932 3960 978 non
4002 910 4201 994 potui.
4274 909 4507 994 Tiguri

2568 1004 2734 1069 xxix
2790 1001 3178 1070 Decembris
3239 1004 3421 1069 1562.
3445 1004 3501 1079 ⁶)
3586 999 3852 1067 Salutat
3904 1004 3972 1063 te
4014 995 4289 1079 Martyr,
4331 994 4508 1061 salu-

2568 1096 2715 1155 tant
2755 1095 2824 1155 te
2865 1095 2933 1156 et
2972 1088 3211 1156 fratres
3251 1107 3475 1153 omnes
3508 1084 3735 1152 nostri.
3806 1082 4132 1150 Dominus
4165 1078 4514 1148 benedicat

2570 1175 2689 1242 tibi
2733 1182 2803 1240 et
2845 1181 3065 1243 servet
3107 1181 3192 1253 te,
3250 1172 3512 1239 domine
3553 1168 4008 1238 colendissimo
4049 1173 4116 1236 et
4155 1167 4360 1233 frater
4400 1184 4510 1232 08-

2567 1260 2842 1328 rissime.
2929 1259 3078 1326 Non
3121 1256 3341 1344 relegi.

3672 1394 3853 1460 Tuus
3886 1392 4331 1479 Bullingerus.

3438 1938 3633 2011 3878.

3083 2089 3512 2164 SURAEUS
3556 2093 3990 2163 OALVINO.

2738 2268 3020 2337 Easdem
3076 2286 3293 2351 preces
3359 2273 3543 2351 atque
3615 2268 3690 2333 in
3750 2270 4039 2352 proxime
4102 2268 4508 2351 praecedente

2565 2356 2763 2440 sum)
2789 2356 3033 2438 profert
3064 2358 3123 2419 et
3156 2353 3407 2436 quidem
3440 2353 3693 2419 enixius
3725 2373 3920 2436 quum
3952 2372 4121 2420 unus
4153 2373 4233 2419 ex
4265 2352 4508 2439 001109ίο

2567 2440 2836 2508 abeundi
2875 2440 3123 2506 veniam
3156 2440 3423 2521 petierit.

2871 2610 2982 2679 (Ex
3017 2610 3352 2682 autographo
3388 2610 3518 2667 Cod.
3555 2610 3758 2666 Gener.
3796 2610 3917 2676 113,
3948 2611 4040 2667 fol.
4076 2610 4222 2676 128.)

2738 2782 3317 2849 Praestantissimo
3373 2790 3439 2850 et
3493 2782 3785 2866 piissimo
3841 2782 4141 2869 theologo
4196 2789 4266 2848 et
4322 2781 4508 2848 verbi

2569 2868 3129 2951 diviniffministro
3168 2868 3256 2935 D.
3301 2867 3541 2935 Ioanni
3585 2866 3882 2937 Oalvino.

2882 3040 3121 3107 Gratia
3162 3046 3229 3107 et
3267 3059 3401 3124 pax
3444 3061 3485 3105 a
3519 3040 3662 3108 Deo
3697 3049 3764 3106 et
3796 3049 3984 3125 patre
4007 3038 4093 3105 D.
4120 3039 4204 3106 N.

2743 3178 3071 3264 Ignosces,
3115 3183 3194 3243 ut
3234 3198 3444 3262 spero,
3489 3186 3556 3243 et
3582 3198 3770 3244 meae
3805 3196 3937 3261 qua
3968 3177 4041 3244 in
4073 3176 4513 3261 superioribus

2571 3263 2653 3331 ad
2699 3271 2766 3329 te
2809 3263 3018 3332 literis
3061 3285 3219 3330 usus
3254 3284 3401 3329 sum
3435 3264 3580 3330 sive
3612 3263 3906 3348 libertati
3954 3264 4093 3330 sive
4128 3262 4506 3343 temeritati,

2571 3358 2639 3415 et
2679 3349 2786 3416 his
2845 3357 2982 3415 tam
3024 3349 3155 3415 cito
3198 3348 3495 3434 repetitis
3537 3350 3610 3414 in
3650 3349 3823 3416 hanc
3864 3348 4258 3415 sententiam
4299 3348 4509 3433 preci·

2571 3436 2713 3503 bus.
2798 3435 3027 3520 Neque
3070 3436 3244 3501 enim
3286 3435 3411 3502 hoc
3462 3455 3696 3503 vereor
3750 3457 3834 3501 ne
3875 3434 4282 3519 importunos
4323 3433 4513 3520 flagi-

2572 3531 2817 3588 tatores
2860 3543 2979 3588 nos
3024 3522 3356 3589 existimes
3391 3522 3502 3606 qui
3536 3521 3781 3589 crebris
3814 3521 4116 3605 precibus
4149 3519 4512 3587 obtundere

2572 3615 2641 3673 te
2683 3607 3123 3687 statuerimus,
3169 3606 3324 3673 dum
3366 3607 3476 3674 vel
3519 3608 3928 3674 obtineamus
3971 3606 4076 3674 vel
4122 3615 4511 3689 extorquea-

2571 3713 2723 3759 mus
2775 3691 2843 3758 id
2896 3714 3024 3777 quo
3082 3699 3419 3778 tantopere
3462 3714 3745 3780 egemus.
3830 3693 4004 3760 Nam
4058 3692 4115 3758 si
4166 3692 4513 3775 penuriam

2572 3800 2702 3863 qua
2755 3778 3147 3859 laboramus,
3189 3786 3256 3844 et
3303 3780 3525 3864 gregis
3569 3778 3680 3862 qui
3724 3778 3833 3845 hic
3874 3778 4163 3846 Domino
4205 3776 4515 3844 collectus

2571 3874 2673 3930 est
2715 3872 2782 3929 et
2822 3865 2893 3929 in
2929 3862 3066 3931 dies
3099 3865 3334 3931 crescit
3371 3886 3725 3931 numerum
3760 3885 4004 3943 nosses,
4039 3872 4104 3928 te
4137 3883 4271 3928 non
4305 3861 4515 3929 liben-

2572 3958 2674 4016 ter
2735 3949 2927 4016 modo
2989 3950 3365 4035 petentibus
3407 3971 3867 4017 concessurum
3922 3949 4327 4030 confidimus,
4392 3946 4512 4015 sed

2572 4036 2745 4103 ultro
2788 4035 2981 4103 rebus
3022 4037 3264 4103 nostris
3304 4044 3800 4121 prospecturum
3844 4036 4253 4102 arbitramur.
4330 4033 4514 4100 Dum

2572 4123 2760 4205 pauci
2802 4143 2922 4206 pro
2964 4122 3349 4189 facultatum
3389 4131 3765 4189 nostrarum
3808 4121 4073 4187 modulo
4116 4118 4513 4186 desudamus

2573 4209 2644 4274 in
2687 4206 3040 4275 excolendo
3074 4229 3233 4292 agro
3266 4206 3607 4290 dominico,
3655 4207 3971 4288 Vallaeus,
4006 4205 4255 4292 collega
4289 4214 4513 4272 noster

2574 4300 2639 4360 et
2681 4295 2801 4358 τῶν
2844 4295 3203 4375 cuppae-151³
3244 4292 3553 4380 ὖπέροχος,
3610 4292 3893 4359 abeundi
3935 4290 4197 4361 veniam
4238 4291 4401 4374 petit
4441 4296 4514 4358 et

2573 4379 2949 4463 propediem
3012 4380 3360 4446 ministerii
3413 4379 3820 4464 provinciam
3862 4377 4355 4444 intermissurus
4396 4385 4519 4442 est.

2573 4465 2703 4532 Hic
2768 4466 3013 4550 cogites
3078 4464 3280 4532 velim
3344 4463 3499 4550 quid
3553 4464 3739 4531 nobis
3787 4471 3854 4530 et
3892 4462 4132 4548 populo
4188 4464 4320 4543 fiet,
4385 4461 4516 4527 nisi

2575 4551 2748 4616 adsit
2809 4571 3143 4618 successor
3197 4551 3308 4636 qui
3360 4558 3614 4617 tantam
3670 4552 3990 4617 iacturam
4046 4550 4304 4615 sarciat.
4401 4547 4516 4614 Ad

2572 4634 2735 4703 haec
2775 4634 2933 4704 adeo
2977 4645 3210 4704 auctus
3272 4643 3373 4703 est
3411 4644 3479 4704 et
3520 4647 3798 4720 augetur
3839 4635 4239 4703 credentium
4281 4654 4518 4700 nume-

2573 4744 2688 4788 rus
2729 4732 2807 4788 ut
2863 4721 3169 4789 accedere
3223 4729 3515 4806 pastores
3562 4722 3774 4807 magis
3815 4743 4014 4806 quam
4059 4719 4388 4788 discedere
4429 4719 4523 4787 sit

2574 4829 2808 4892 operae
2848 4810 3151 4893 pretium.

2569 5095 2841 5300 redicas&
2872 5096 2955 5219 gc
2983 5094 3395 5236 {babo-aphau.
3468 5165 3683 5225 Gaetm'
3723 5166 3801 5224 ad
3841 5173 4146 5238 computus·
4187 5179 4519 5224 mmmm

2573 5291 2839 5372 80781)
2874 5301 2952 5359 Ν.
2985 5300 3140 5358 3658.
