4850 6117
657 415 783 476 615

660 599 987 683 principes
1067 595 1452 661 autoritatis,
1543 596 1766 678 Atque
1828 616 1935 660 me
1999 595 2391 662 nominatim
2456 615 2604 678 per-

659 685 933 750 strinxit
997 680 1171 765 quod
1237 702 1317 746 ea
1367 681 1739 747 inconsulta
1797 680 2107 746 auderem
2161 689 2390 747 contra
2455 680 2606 746 reli-

661 791 935 854 quarum
979 766 1421 846 ecclesiarum,
1467 774 1666 850 atque
1705 767 2010 850 inprimis
2049 775 2276 833 contra
2298 767 2609 832 Lutetiae

656 876 930 935 morem,
986 854 1062 918 in
1118 852 1367 919 alienos
1432 852 1708 918 famulos
1764 854 1867 918 ius
1911 853 2146 918 dicere.
2233 853 2385 917 Non
2428 853 2605 917 enim

654 941 858 1008 licere
918 960 1309 1024 quemquam
1355 938 1664 1004 Lutetiae
1726 939 1797 1003 in
1859 947 2164 1004 senatum
2217 938 2605 1004 ecclesiasti-

658 1048 811 1094 cum
837 1047 1101 1093 ·vocare
1144 1025 1274 1091 nisi
1317 1023 1397 1089 de
1457 1025 1797 1091 voluntate
1856 1024 2290 1090 dominorum.
2379 1023 2606 1104 Quare

654 1134 764 1179 me
817 1113 1100 1178 multum
1158 1131 1464 1195 arrogare
1520 1110 1686 1174 mihi
1742 1110 1854 1193 qui
1895 1112 1964 1175 in
2022 1110 2269 1176 alienos
2321 1110 2604 1176 famulos

657 1198 968 1264 ditionem
1029 1217 1345 1278 usurpare
1417 1195 1743 1275 auderem,
1831 1215 1954 1261 nec
2008 1203 2230 1262 tantae
2286 1196 2603 1280 principis

654 1284 972 1350 familiam
1014 1284 1375 1347 immunem
1420 1281 1746 1347 haberem.
1828 1280 1920 1347 Se
1954 1281 2214 1365 quidem
2253 1303 2461 1366 posse,
2528 1303 2604 1346 ac

657 1370 942 1454 reliquos
979 1369 1242 1446 aulicoS,
1278 1367 1606 1433 Dominae
1641 1368 1810 1433 ferre
1844 1367 2211 1452 imperium,
2256 1367 2365 1434 vel
2401 1368 2601 1432 etiam

658 1457 991 1523 oeconomi
1048 1455 1155 1521 cui
1212 1474 1467 1520 summa
1523 1453 1810 1519 familiae
1868 1454 2116 1519 credita
2172 1454 2416 1520 fuerat:
2507 1462 2602 1518 tot

658 1551 881 1609 autem
927 1540 1207 1607 dominis
1251 1540 1495 1605 servire
1540 1540 1949 1622 periniquum
1988 1539 2246 1606 ducere.
2313 1540 2405 1604 Et
2442 1560 2599 1622 quo-

653 1628 839 1693 niam
897 1626 1296 1711 negligentia
1350 1626 1676 1690 seniorum
1736 1624 2089 1690 aulicorum
2134 1634 2439 1708 quartum
2485 1625 2599 1690 ad-

657 1713 812 1778 dere
856 1714 1069 1779 visum
1116 1718 1271 1789 erat,
1350 1712 1731 1795 priusquam
1776 1711 2035 1794 publice
2075 1712 2386 1795 probatus
2425 1716 2601 1776 esset

657 1821 742 1865 ex
783 1799 1089 1865 instituto
1135 1797 1512 1863 Genevensi
1571 1797 1739 1880 quod
1783 1796 1890 1861 bic
1944 1798 2296 1880 sequimur,
2355 1796 2599 1863 calum-

654 1885 872 1951 niator
926 1884 1153 1949 intulit
1206 1883 1286 1947 de
1341 1884 1597 1948 seniore
1651 1883 1782 1961 illo,
1850 1904 2042 1965 quem
2097 1905 2134 1948 e
2190 1903 2310 1948 sua
2352 1881 2601 1948 familia

653 1981 959 2037 vocatum
1003 1970 1088 2035 ad
1131 1968 1306 2033 aliud
1350 1969 1784 2034 ministerium
1823 1968 2162 2034 incusabat
2195 1969 2339 2052 ipsa
2369 1969 2595 2034 inscia.

653 2056 827 2124 Mihi
889 2077 1068 2133 vere,
1135 2056 1259 2120 etsi
1324 2075 1457 2118 non
1522 2054 1888 2120 necessario
1953 2054 2298 2121 videbatur
2357 2056 2595 2119 iterum

655 2140 1047 2226 appellanda
1090 2140 1170 2206 de
1215 2161 1292 2206 ea
1333 2161 1404 2204 re
1462 2162 1659 2223 quam
1712 2140 1883 2205 mihi
1938 2140 2109 2206 ultro
2152 2141 2595 2218 concessisset,

656 2235 879 2294 tamen
923 2226 1006 2293 ad
1050 2248 1196 2292 eam
1240 2227 1484 2291 referre
1526 2226 2009 2291 constitueram.
2099 2224 2235 2291 Sed
2275 2233 2598 2292 commota

653 2313 835 2378 illius
879 2313 1324 2397 sycophantae
1368 2311 1711 2376 calumniis
1765 2313 2140 2389 antevertit,
2208 2333 2596 2395 mecumque

654 2399 1127 2465 stomachosius
1182 2397 1595 2481 expostulare
1650 2397 1861 2480 coepit
1909 2418 1983 2463 ac
2035 2396 2257 2462 eadem
2315 2398 2595 2463 obiicere

651 2506 816 2569 quae
858 2484 1290 2552 calumniator
1323 2491 1761 2567 suggesserat.
1828 2483 2069 2549 Paucis
2103 2484 2314 2548 refelli
2349 2482 2593 2548 calum-

652 2572 849 2636 niam.
936 2571 1048 2635 Me
1105 2590 1240 2635 non
1294 2566 1623 2635 discedere
1681 2568 1764 2634 ab
1829 2568 2130 2634 instituto
2187 2568 2593 2635 Gallicarum

651 2656 1091 2727 ecclesiarum:
1142 2655 1313 2738 quod
1350 2655 1692 2734 diceretur,
1739 2675 1871 2718 non
1915 2656 2043 2720 nisi
2087 2653 2437 2720 admonitis
2480 2653 2593 2719 do-

650 2742 851 2807 minis
893 2743 1172 2808 famulos
1214 2761 1349 2806 non
1409 2741 1615 2806 solere
1672 2741 1891 2806 vocari
1933 2740 2244 2805 Lutetiae
2288 2743 2357 2805 in
2401 2762 2594 2806 sena-

651 2836 792 2892 tum
829 2828 1361 2908 ecclesiasticum,
1398 2826 1635 2891 falsum
1675 2845 1846 2891 esee:
1891 2827 2384 2906 calumniosum,
2420 2824 2594 2910 quod

652 2913 734 2979 de
777 2913 1151 2996 usurpando
1188 2912 1256 2977 in
1281 2912 1606 2996 principes
1631 2912 1970 2977 dominatu
1991 2911 2396 2978 obiiceretur.
2459 2914 2590 2978 De-

650 3000 851 3082 nique
894 3007 1283 3082 conquestus
1329 3018 1475 3064 sum
1530 2996 1698 3080 quod
1741 3012 2000 3081 praeter
2044 2999 2591 3082 exspectationem

649 3105 886 3160 meam,
932 3094 999 3150 et
1042 3094 1497 3167 praeterquam
1549 3082 1720 3166 quod
1764 3084 2188 3167 promisisset,
2232 3105 2484 3149 moram
2528 3093 2594 3149 et

649 3170 1193 3253 impedimentum
1271 3169 1579 3235 obiiceret
1641 3169 2110 3236 ecclesiasticae
2193 3169 2591 3253 disciplinae,

652 3275 782 3338 qua
822 3276 1053 3322 eversa
1096 3275 1216 3320 nec
1259 3255 1603 3335 aedificari,
1661 3275 1783 3320 nec
1825 3254 2210 3336 adolescere,
2277 3277 2398 3322 nec
2439 3275 2590 3321 con-

651 3343 885 3406 sistere
942 3341 1054 3406 diu
1110 3350 1328 3424 posset
1384 3341 1671 3407 ecclesia.
1761 3339 1955 3422 Quod
2010 3343 2067 3406 si
2123 3343 2341 3407 animo
2393 3341 2591 3407 obfir-

647 3436 828 3491 mato
870 3426 1071 3494 vellet
1113 3447 1423 3493 censurae
1467 3437 1728 3493 nostrae
1762 3428 2093 3506 obsistere,
2137 3427 2306 3492 mihi
2339 3435 2592 3493 certum

650 3533 792 3579 esse
836 3513 1092 3598 regredi
1136 3513 1350 3596 potius
1410 3511 1585 3577 unde
1628 3533 1962 3593 veneram,
2031 3533 2227 3596 quam
2270 3513 2445 3578 ultro
2489 3532 2591 3578 sa-

648 3611 985 3666 cramenta
1062 3598 1463 3682 verbumque
1527 3600 1654 3664 Dei
1731 3598 1905 3684 apud
1968 3618 2161 3664 canes
2238 3619 2591 3683 porcosque

646 3684 959 3769 polluere.
1041 3683 1266 3765 Quum
1311 3685 1651 3768 aliquoties
1695 3685 1920 3751 eadem
1964 3684 2324 3750 obtestatus
2359 3705 2588 3762 essem,

649 3770 914 3837 tandem
959 3772 1120 3837 satis
1173 3770 1484 3837 iracunde
1542 3774 1855 3835 concessit
1907 3779 1982 3835 ut
2026 3791 2170 3835 meo
2212 3792 2394 3835 more
2438 3792 2588 3855 age·

648 3878 806 3921 rem.
887 3857 1158 3939 Arripui
1198 3855 1367 3939 quod
1411 3853 1815 3932 concedebat,
1875 3877 1958 3919 ne
1999 3877 2276 3922 nascens
2319 3856 2592 3922 ecclesia

648 3949 747 4007 tot
810 3942 1107 4025 procellis
1184 3941 1642 4007 minitantibus
1708 3940 2130 4006 disiiceretur.
2221 3941 2362 4007 Sub
2427 3942 2589 4008 haec

646 4027 933 4094 cooritur
996 4027 1472 4093 atrocissimum
1527 4026 1768 4091 bellum
1825 4027 2152 4110 scissaque
2207 4028 2431 4094 Gallia
2487 4035 2588 4092 est

649 4121 725 4179 ut
766 4114 1079 4197 cuiusque
1125 4112 1413 4178 studium
1457 4112 1623 4177 tulit.
1712 4112 2174 4179 Disserebatur
2215 4114 2462 4196 passim
2507 4114 2587 4178 de

645 4199 943 4265 horribili
1004 4198 1200 4265 caede
1266 4219 1458 4281 quam
1531 4198 1801 4263 Gai-eius
1858 4196 2029 4282 apud
2068 4199 2383 4265 Vaccium
2450 4198 2586 4263 edi-

644 4285 847 4350 derat.
915 4284 1048 4352 Sed
1073 4304 1273 4368 quum
1309 4285 1390 4349 ab
1433 4284 1512 4348 iis
1549 4304 1712 4368 quos
1735 4285 2005 4350 minime
2039 4284 2309 4351 decebat
2340 4286 2584 4349 factum

644 4370 810 4436 illud
869 4371 1169 4436 excusari
1233 4369 1546 4448 viderem,
1610 4370 1998 4453 culpamque
2056 4379 2281 4436 tantae
2344 4371 2585 4454 stragis

645 4456 717 4519 in
752 4455 1007 4537 plebem
1041 4458 1369 4523 insontem
1405 4453 1856 4539 indignissime
1890 4457 2190 4538 conferri,
2229 4478 2334 4521 me
2368 4457 2583 4539 ipsum

646 4541 980 4606 continere
1034 4562 1171 4608 non
1226 4541 1415 4626 potui
1470 4542 1630 4623 quin
1686 4540 2123 4621 admonerem,
2190 4542 2350 4607 diris
2411 4541 2585 4623 apud

644 4624 925 4690 Iesaiam
970 4626 1278 4695 devoveri
1339 4626 1453 4710 qui
1507 4627 1753 4692 malum
1811 4626 2054 4693 bonum
2112 4649 2252 4693 esse
2295 4628 2586 4693 dicerent

647 4719 770 4776 etc.
857 4711 1089 4796 Itaque
1126 4710 1530 4781 confidenter
1563 4711 1886 4778 nefarium
1927 4714 2178 4780 facinus
2200 4713 2582 4797 improbavi,

643 4796 980 4863 obtestans
1045 4819 1128 4863 ne
1193 4800 1340 4882 quis
1398 4805 1659 4864 tantum
1724 4800 2033 4883 sanguini
2099 4807 2213 4865 aut
2277 4800 2584 4865 affinitati

644 4881 944 4961 deferret,
1010 4890 1083 4947 ut
1125 4885 1193 4948 in
1237 4885 1377 4949 eius
1419 4885 1698 4968 gratiam
1742 4893 2000 4950 sanctos
2042 4884 2292 4952 Christi
2332 4906 2440 4949 ma
2552 4920 2583 4935 ·

642 4988 770 5049 res,
836 4988 1113 5053 quorum
1155 4970 1459 5034 iniuriam
1503 4970 1800 5035 misereri
1843 4970 2102 5037 deceret
2232 4972 2378 5051 tius,
2435 4972 2468 5034 f
2525 4971 2581 5034 si

639 5054 935 5121 criminis
979 5052 1363 5119 traduceret.
1448 5055 1530 5119 In
1574 5056 1847 5122 caeteris
1888 5056 2151 5123 laudabi
2176 5075 2279 5124 em
2324 5077 2465 5122 esee
2507 5056 2579 5120 in

642 5141 1043 5207 necessarios
1096 5140 1453 5216 caritatem,
1512 5141 1625 5205 sed
1681 5162 1882 5224 quum
1943 5142 2024 5207 de
2067 5143 2316 5209 Christi
2371 5142 2582 5225 gloria

639 5226 1088 5308 bonorumque
1128 5224 1502 5290 innocentia
1543 5236 1863 5309 ageretur,
1921 5249 2054 5293 non
2097 5230 2268 5294 tanti
2312 5228 2578 5311 sangui-

631 5330 795 5377 nem
837 5332 982 5379 esse
1023 5310 1275 5376 debere.
1361 5309 1541 5375 Tulit
1596 5331 1673 5376 ea
1711 5313 1916 5379 verba
1955 5313 2244 5382 Domina
2283 5314 2579 5381 acerbius

2219 407 2683 476 EPISTOLA
2729 412 2883 473 3891
2900 411 3149 472 -3892

4505 416 4614 479 616

2711 613 2905 677 quam
2984 597 3283 679 germani
3347 595 3714 662 Christiani
3778 595 4046 662 soleant.
4079 601 4131 674 ⁸)
4229 596 4436 664 Paulo
4488 608 4621 684 post

2710 700 2911 762 quum
2957 680 3278 747 Gennabo
3320 690 3628 766 occupato
3687 704 3727 747 a
3768 683 4015 748 nostris
4057 703 4294 748 manus
4340 686 4622 769 utrinque

2709 767 3266 847 contraherentur,
3335 768 3933 836 animadvertebam
3976 788 4165 835 voces
4206 770 4623 840 amarulentus

2706 851 2778 916 in
2813 854 3091 935 optimos
3112 874 3418 937 quosque,
3455 875 3618 937 quos
3641 875 3773 919 non
3796 855 3923 920 alio
3945 876 4140 937 quam
4174 854 4501 921 latronum
4521 866 4623 924 aut

2708 936 3110 1004 defectorum
3153 940 3295 1005 loco
3339 940 3636 1006 habebat.
3706 940 3838 1007 Hic
3882 962 4003 1025 ego
4046 961 4275 1006 rursus
4319 941 4623 1025 admonui,

2714 1021 3071 1090 Condacum
3112 1027 3373 1091 nunciis
3416 1026 3749 1109 literisque
3783 1027 4049 1110 reginae
4082 1035 4494 1106 commotum,
4528 1029 4623 1094 de-

2706 1108 2860 1174 inde
2904 1113 3234 1176 communi
3291 1110 3716 1179 ecclesiarum
3756 1112 4067 1196 periculo,
4127 1113 4412 1196 denique
4452 1114 4626 1181 caede

2705 1196 2960 1278 piorum
2978 1196 3349 1263 lacessitum
3365 1218 3548 1263 arma
3562 1199 3835 1281 cepisse:
3860 1208 4273 1265 contumaces
4289 1208 4355 1263 et
4377 1200 4627 1267 rebelles

2706 1301 2848 1346 esse
2903 1284 3014 1365 qui
3068 1283 3279 1349 edicta
3333 1284 3517 1368 regia
3572 1293 3710 1349 tam
3764 1284 4132 1366 petulanter
4173 1284 4625 1366 conculcarent,

2705 1387 2839 1432 non
2883 1368 2994 1450 qui
3054 1367 3308 1452 placide
3362 1369 3445 1433 iis
3501 1381 3825 1454 parerent.
3912 1370 4040 1435 llla
4095 1380 4326 1435 contra
4382 1381 4626 1437 conten·

2704 1450 2879 1531 dere,
2939 1476 3044 1518 me
3101 1456 3445 1521 factiosum
3499 1476 3641 1521 esse
3697 1456 3807 1539 qui
3852 1454 4135 1522 Condaeo
4187 1456 4409 1538 potius
4452 1478 4628 1539 quam

2702 1539 2843 1622 regi
2885 1539 3235 1606 studerem.
3320 1541 3466 1625 Ego
3510 1562 3550 1606 a
3591 1563 3747 1626 rege
3772 1541 4129 1606 Condacum
4172 1563 4318 1607 esse
4363 1542 4627 1608 affirma-

2703 1621 2871 1704 bam,
2917 1646 3047 1690 non
3091 1626 3204 1708 qui
3246 1648 3364 1710 per
3405 1627 3541 1693 vim
3584 1648 3808 1710 regem
3843 1635 4235 1711 occupasset.
4308 1628 4627 1694 Postremo

2703 1708 2943 1786 addidi,
3010 1719 3083 1775 ut
3124 1710 3381 1778 videret
3423 1713 3743 1796 quomodo
3798 1713 3960 1779 haec
4004 1723 4141 1777 tam
4185 1711 4452 1779 diversa
4492 1736 4626 1779 con-

2701 1795 2887 1880 iungi
2933 1810 3218 1880 possent,
3287 1798 3578 1864 studium
3621 1799 3884 1881 pietatis
3947 1820 4140 1881 quam
4206 1800 4625 1883 profiteretur,

2702 1889 2769 1945 et
2810 1883 3101 1947 studium
3142 1884 3509 1967 impiorum,
3574 1885 3685 1968 qui
3727 1885 3797 1949 in
3841 1884 4176 1951 ecclesiam
4222 1896 4627 1968 sanctumque

2668 2013 2669 2016 κ
2704 1965 2955 2033 Christi
3008 1969 3426 2053 evangelium
3484 1971 3913 2048 incurrerent,
3958 1971 4069 2053 qui
4114 1970 4196 2035 de
4256 1972 4403 2036 eius
4445 1971 4627 2035 inter-

2701 2054 2971 2118 necione
3035 2054 3306 2119 consilia
3368 2057 3708 2139 cepissent,
3792 2057 4031 2139 quique
4093 2057 4162 2121 in
4228 2077 4310 2122 ea
4376 2055 4627 2122 delenda

2701 2158 2968 2219 prorsus
3020 2142 3316 2223 occupati
3373 2152 3613 2208 essent.
3715 2142 3818 2207 Ea
3874 2163 3980 2207 res
4038 2142 4246 2226 magis
4310 2144 4624 2226 magisque

2699 2225 3072 2308 Principem
3116 2226 3547 2302 exacerbavit,
3594 2228 3755 2292 adeo
3800 2235 3875 2292 ut
3919 2235 4053 2293 toto
4089 2228 4285 2293 vultu
4321 2228 4533 2293 odium
4566 2229 4625 2292 in

2697 2330 2805 2374 me
2846 2310 3188 2394 proferret.
3277 2311 3639 2396 Sperabam
3683 2325 3905 2378 tamen
3947 2315 4241 2379 animum
4297 2315 4441 2380 eius
4484 2324 4624 2378 tem·

2697 2416 2854 2479 pore
2912 2396 3102 2461 leniri
3160 2417 3378 2480 posse:
3447 2421 3523 2465 ac
3584 2400 3862 2465 fortasse
3925 2400 4172 2477 fuisset,
4238 2400 4378 2464 nisi
4440 2421 4626 2484 nuper

2702 2479 2997 2547 Subisius
3016 2488 3070 2557 4)
3136 2482 3525 2561 advenisset,
3591 2506 3868 2569 quocum
3924 2507 4195 2570 gravem
4249 2483 4501 2550 iamdiu
4551 2487 4623 2550 ei·

2698 2568 3045 2633 multatem
3112 2579 3387 2636 exercet.
3479 2569 3668 2650 Quae
3727 2592 3926 2654 quum
3994 2571 4285 2636 audisset
4338 2593 4444 2636 me
4493 2591 4622 2635 cum

2696 2654 2838 2736 ipso
2902 2654 3364 2737 colloquutum,
3442 2677 3684 2723 novam
3749 2656 3881 2722 odii
3953 2658 4300 2722 materiam
4371 2657 4620 2722 invenit.

2696 2740 2822 2805 Est
2863 2741 3040 2806 enim
3085 2740 3206 2806 hoc
3248 2741 3514 2827 ingenio
3558 2742 3856 2825 praedita
3898 2750 3975 2807 ut
4017 2762 4128 2808 eos
4171 2763 4406 2808 omnes
4438 2742 4620 2807 oderit

2698 2845 2858 2908 quos
2923 2834 3110 2909 putat
3182 2837 3295 2892 aut
3348 2828 3667 2894 affinitate
3725 2834 3841 2893 aut
3892 2827 4371 2894 necessitudine
4428 2829 4620 2910 aliqua

2698 2911 3075 2978 coniunctos
3119 2932 3267 2977 cum
3307 2913 3388 2978 iis
3432 2936 3590 2997 quos
3632 2935 3865 2998 perosa
3908 2922 4024 2979 est.
4113 2911 4247 2979 Sed
4298 2915 4429 2979 iam
4467 2912 4622 2978 aliud

2696 2996 2984 3062 simulat.
3060 2998 3291 3083 Fingit
3325 2999 3500 3065 enim
3545 3021 3652 3065 me
3717 3009 3901 3065 tanta
3942 3000 4193 3066 invidia
4235 2997 4419 3083 apud
4460 2999 4619 3083 oppi-

2698 3080 2903 3149 danos
2970 3083 3281 3162 laborare,
3348 3093 3423 3150 ut
3486 3087 3813 3152 incassum
3871 3086 4108 3152 abeant
4172 3106 4406 3151 omnes
4459 3106 4618 3150 meae

2696 3171 3050 3248 conciones,
3097 3191 3295 3253 quum
3353 3171 3592 3254 alioqui
3637 3193 3768 3238 non
3813 3171 4365 3237 contemnendam
4408 3170 4617 3236 doetri-

2695 3275 2847 3318 nam
2903 3263 3196 3320 nostram
3251 3278 3392 3322 esse
3444 3259 3740 3323 fateatur.
3839 3256 4029 3338 Quod
4084 3255 4166 3322 do
4208 3259 4482 3341 papistie
4521 3256 4617 3322 de·

2694 3338 2970 3422 ploratis
3009 3360 3238 3407 verum
3283 3352 3400 3420 est,
3450 3342 3530 3407 de
3572 3344 3836 3427 reliquis
3880 3364 4016 3408 non
4058 3343 4235 3408 item.
4315 3342 4616 3409 Causatur

2694 3426 2893 3490 etiam
2937 3447 3043 3491 me
3087 3447 3221 3492 non
3272 3428 3553 3494 libenter
3608 3429 3733 3496 sibi
3777 3449 4038 3513 operam
4083 3429 4259 3508 dare,
4321 3428 4489 3513 quod
4530 3450 4614 3493 se-

2693 3532 2808 3578 cus
2871 3511 3114 3577 habere
3189 3514 3333 3597 ipsa
3411 3536 3517 3580 res
3583 3537 3792 3598 nuper
3856 3536 3993 3580 com
4047 3514 4320 3580 robavit.
4415 3513 4614 3594 Quum

2692 3598 2868 3662 enim
2911 3597 3375 3666 Rochellenses
3404 3604 3456 3677 ⁸)
3501 3600 3584 3665 ab
3627 3621 3706 3666 ea
3747 3608 3978 3667 conten
4028 3602 4249 3678 issent,
4311 3609 4380 3665 et
4432 3598 4612 3664 literis

2692 3690 2760 3748 et
2811 3685 3103 3762 nunciis,
3161 3700 3239 3750 ut
3294 3686 3601 3770 quoniam
3656 3685 3821 3753 duos
3879 3696 4136 3770 praeter
4189 3707 4300 3751 me
4355 3685 4612 3751 habebat

2691 3770 2804 3851 qui
2845 3770 3056 3836 officio
3091 3768 3365 3836 docendi
3409 3773 3841 3856 fungerentur
3873 3771 4155 3837 liberum
4189 3772 4357 3837 mihi
4393 3773 4610 3838 faceret

2690 3854 3071 3920 Rochellam
3129 3855 3430 3936 adeundi,
3485 3879 3614 3942 quo
3664 3860 3951 3923 maximo
4008 3879 4159 3924 cum
4215 3858 4434 3922 fructu
4482 3876 4609 3939 per·

2690 3942 2916 4007 venire
2959 3961 3235 4023 possem,
3290 3943 3628 4026 multoque
3670 3945 3881 4028 magis
3937 3945 3992 4009 si
4050 3943 4185 4008 illie
4229 3939 4608 4027 aliquamdiu

2689 4025 3103 4105 habitassem,
3141 4028 3320 4093 nolui
3344 4029 3722 4113 Principem
3746 4030 4131 4112 relinquere.
4191 4027 4384 4110 Quae
4403 4048 4606 4112 quam-

2689 4111 2790 4177 vis
2855 4112 3152 4178 tentandi
3213 4116 3427 4198 gratia
3489 4125 3875 4208 potestatem
3933 4113 4309 4181 discedendi
4366 4114 4603 4188 faceret,

2686 4199 3248 4281 suspicareturque
3325 4199 3638 4284 allegatos
3714 4223 3854 4267 esse
3920 4222 3960 4266 a
4021 4222 4128 4266 me
4204 4198 4603 4266 clandestinis

2684 4282 2897 4349 literis
2939 4284 3422 4365 Rochellenses,
3482 4297 3701 4352 tamen
3756 4308 3875 4353 nec
3919 4307 3959 4352 a
4000 4308 4106 4352 me
4157 4295 4371 4351 ortam
4426 4286 4602 4350 fuisse

2683 4369 2882 4436 istam
2914 4368 3326 4454 legationem,
3370 4392 3491 4437 nec
3525 4374 3689 4437 mihi
3724 4393 4013 4456 unquam
4057 4374 4127 4437 in
4162 4380 4451 4437 mentem
4490 4368 4601 4433 tale

2685 4455 3035 4539 quidquam
3102 4457 3358 4523 venisse
3423 4460 3825 4548 confirmavi.
3913 4458 4143 4540 Itaque
4200 4456 4412 4540 quoad
4473 4473 4598 4520 eam

2685 4542 2819 4607 mei
2892 4542 3088 4606 officii
3162 4563 3297 4607 non
3376 4544 3774 4626 poeniteret,
3853 4544 4202 4626 liceretque
4276 4563 4363 4608 ex
4424 4540 4598 4607 verbo

2684 4625 2934 4692 Christi
2977 4626 3315 4694 ecclesiam
3351 4651 3564 4714 agere,
3609 4650 3714 4696 me
3748 4631 3830 4696 ab
3868 4630 3982 4695 illa
4018 4651 4149 4695 non
4185 4628 4595 4695 discessurum

2885 4916 2945 4984 3)
2990 4917 3220 4973 Gun‘st‘us
3250 4920 3371 4975 eius
3401 4936 3566 4989 amer
3599 4926 3735 4975 erat.

2885 4985 2942 5053 4)
2976 4988 3039 5041 in
3082 4989 3321 5042 trama
3361 4993 3516 5058 puta,
3563 5004 3693 5042 nam
3736 5004 3805 5043 so.
3852 4986 3992 5042 Iulio
4036 4985 4371 5056 Luqdmm
4414 4986 4592 5040 nm

2681 5060 2760 5109 est
2793 5072 2829 5109 a
2871 5054 3123 5110 Condaeo
3153 5055 3329 5126 (Ha‘st.
3365 5060 3486 5114 eccl.
3526 5057 3623 5112 111.
3656 5056 3804 5120 224).

2883 5123 2944 5191 5)
2991 5127 3073 5179 De
3120 5125 3209 5181 Im
3251 5127 3387 5183 alibi
3433 5127 3586 5181 nihil.
3675 5126 3932 5193 Confert-i
3976 5129 4211 5192 possunt
4256 5122 4333 5177 H.
4378 5123 4489 5177 eccl.
4526 5119 4587 5174 11.

2679 5190 2798 5244 824.
2849 5191 2967 5261 (De
3022 5193 3378 5264 Richemond)
3431 5197 3659 5260 Orim'uae
3714 5203 3765 5251 et
3814 5195 4042 5262 procrea
4091 5193 4157 5248 de
4208 5193 4264 5246 za
4314 5190 4413 5258 ref.
4445 5193 4480 5246 ὰ
4509 5188 4587 5243 La

2684 5260 2934 5386 &medeae
2980 5261 3220 5383 ξὲἵὸὃῃ
3262 5279 3318 5333 p.
3366 5264 3461 5334 71,-
3496 5266 3739 5334 Delma,
3777 5263 3939 5333 Pqu.
3973 5259 4075 5329 re'f.
4121 5262 4189 5318 de
4221 5262 4311 5316 La
4350 5259 4585 5323 Rectene,

2922 5346 2951 5384 e
3119 5370 3135 5387 0
