4850 6117
602 388 726 453 659

601 574 758 642 inde
790 578 1039 661 vagari.
1103 575 1295 642 Vixit
1328 596 1584 644 mecum
1618 596 1738 659 per
1777 574 2278 659 quadriennium
2313 593 2540 658 paene,

602 660 710 743 pie
753 662 1147 748 honesteque
1191 684 1260 729 00
1304 663 1525 747 gessit,
1571 661 1797 727 sedulo
1838 661 2136 727 incubuit
2176 659 2405 738 literis,
2450 661 2545 725 ita

601 746 799 812 etiam
833 747 904 812 in
938 750 1082 815 aliis
1115 748 1291 815 loeis.
1350 747 1456 815 De
1491 749 1725 813 erratis
1759 747 2155 813 iuvenilibus
2189 745 2284 811 nil
2307 744 2539 812 dicam.

601 831 774 897 Nam
831 834 1019 900 iuxta
1060 835 1444 900 Terentium
1502 833 1584 899 ad
1639 833 1862 898 omnia
1919 832 2081 898 haec
2138 831 2271 897 alia
2327 839 2542 897 aetate

602 918 908 1000 sapimus.
987 919 1147 986 Ideo
1190 919 1462 1004 dignum
1505 940 1656 984 eum
1698 918 1913 985 iudico
1951 914 2125 1002 quod
2158 937 2541 1000 promovea-

599 1011 714 1067 tur
756 1025 796 1070 a
837 1004 1024 1072 bonis
1079 1015 1147 1071 et
1202 1005 1407 1072 doctis
1460 1005 1623 1072 viris
1678 1006 1751 1069 in
1807 1012 1943 1069 tam
1998 1003 2145 1068 utili
2187 1002 2538 1087 proposito.

598 1088 960 1172 Propterea
1014 1099 1269 1157 vestrae
1329 1111 1524 1158 curae
1580 1098 1648 1156 et
1701 1089 1860 1155 fidei
1914 1088 2297 1155 commendo
2353 1088 2540 1154 vobis

601 1173 779 1242 hunc
802 1175 1125 1255 Foelicem,
1169 1178 1275 1244 cui
1308 1186 1623 1261 quantum
1647 1175 1922 1260 potestis
1964 1175 2251 1254 consilio,
2294 1174 2540 1240 auxilio

599 1280 926 1346 operaque
989 1263 1216 1330 adesse
1281 1262 1669 1347 dignemini,
1735 1282 1861 1346 quo
1925 1260 2259 1327 commodo
2322 1260 2539 1342 aliquo

601 1345 857 1431 hospite
900 1356 968 1415 et
1012 1349 1295 1433 hospitio
1350 1349 1484 1414 frui
1526 1355 1723 1432 queat
1763 1360 1830 1414 et
1873 1348 1930 1413 si
1972 1368 2101 1430 quo
2143 1345 2334 1412 modo
2390 1346 2537 1411 fieri

600 1439 831 1515 potest,
876 1435 1111 1501 efficite
1154 1441 1231 1500 ut
1271 1435 1599 1519 intelligat
1633 1433 1740 1501 vel
1775 1433 2021 1516 aliquid
2056 1443 2281 1498 tamen
2324 1453 2537 1497 meam

603 1518 778 1603 apud
840 1540 960 1586 vos
1022 1521 1309 1603 potuisse
1371 1519 1996 1586 commendationem
2015 1571 2031 1596 ,
2102 1519 2300 1583 vilem
2365 1518 2534 1584 licet.

603 1602 679 1670 Si
723 1604 978 1687 quando
1031 1606 1254 1690 lapsus
1303 1605 1504 1671 fuerit
1558 1605 1778 1692 (sicuti
1832 1605 2083 1672 lubrica
2123 1604 2286 1669 haec
2328 1606 2539 1689 aetas)

601 1699 907 1772 paternas
949 1700 1201 1759 vestras
1245 1688 1715 1758 admonitiones
1758 1701 1986 1775 gratus
2028 1691 2325 1773 excipiet.
2405 1690 2539 1755 Fa-

602 1782 819 1842 temur
860 1776 1120 1859 quidem
1163 1798 1283 1842 nos
1317 1778 1503 1862 paria
1545 1798 1676 1843 non
1711 1797 1901 1860 posse
1941 1777 2204 1854 referre,
2249 1783 2539 1842 attamen

601 1863 845 1945 ingrati
888 1883 1019 1928 non
1063 1864 1326 1930 erimus.
1413 1864 1757 1947 Deumque
1798 1871 2052 1946 patrem
2094 1861 2538 1946 largissimum

605 1949 895 2013 omnium
941 1948 1403 2015 beneficiorum
1445 1957 1998 2015 remuneratorem
2046 1948 2422 2033 rogabimus
2464 1954 2543 2013 ut

604 2031 747 2115 ipse
786 2035 975 2099 iuxta
1015 2035 1339 2120 promissa
1381 2035 1594 2100 officia
1635 2045 1854 2100 vestra
1893 2033 2131 2101 collata
2173 2034 2243 2099 in
2286 2034 2431 2117 pios
2474 2040 2543 2097 et

604 2118 928 2186 studiosos
962 2128 1356 2205 compenset,
1399 2142 1643 2204 vosque
1679 2119 1921 2186 diutius
1955 2119 2141 2185 nobis
2182 2119 2541 2185 incolumes

604 2214 961 2306 conservet.
1021 2208 1258 2272 Amen.
1317 2206 1552 2272 Valete
1585 2206 1658 2271 in
1692 2204 1995 2285 Domino,
2041 2205 2165 2270 viri
2199 2213 2539 2289 praestan-

770 2376 959 2443 Nova
1000 2376 1185 2442 nulla
1227 2377 1435 2443 habeo
1477 2378 1604 2443 nisi
1648 2377 1834 2443 vobis
1876 2377 2156 2461 cognita.
2228 2375 2538 2443 Conscri-

602 2461 702 2526 bit
758 2461 1034 2528 militem
1079 2463 1238 2528 Dux
1296 2462 1884 2546 Wmemberyensis.
1974 2462 2257 2529 Comitia
2311 2461 2539 2527 futura

603 2553 761 2612 sunt
791 2547 1044 2615 Ulmae.
1107 2548 1214 2613 Ita
1247 2548 1446 2614 etiam
1468 2548 1894 2614 Wormatiae.
1962 2548 2292 2615 Cantones
2330 2550 2539 2614 nostri

604 2641 762 2697 sunt
816 2633 1230 2700 admirabiles
1282 2634 1494 2718 plane,
1557 2654 1678 2700 nos
1732 2655 1816 2699 ex
1871 2641 2096 2700 nostra
2202 2641 2343 2698 arte
2405 2640 2538 2698 tre-

602 2717 757 2800 pidi,
802 2727 921 2785 etc.
988 2719 1224 2786 Nescio
1257 2719 1413 2804 quid
1446 2719 1609 2786 haec
1651 2722 1869 2785 omnia
1905 2730 2135 2803 porten
2223 2730 2315 2786 nt.
2383 2720 2538 2785 Meo

602 2803 863 2885 quidem
918 2804 1158 2872 iudicio
1202 2806 1422 2871 omnia
1462 2808 1801 2871 minantur
1843 2807 2121 2873 ruinam.
2208 2805 2538 2872 Dominus

601 2889 992 2956 misereatur
1042 2892 1272 2957 nostri.
1357 2891 1693 2958 Praeticae
1750 2898 1908 2956 sunt
1962 2892 2313 2957 mirabiles.
2400 2890 2535 2958 Sed

604 2975 928 3042 Dominus
961 2975 1210 3042 sedebit
1231 2997 1467 3059 eosque
1499 2975 1814 3055 irridebit,
1852 2976 2246 3060 tandemque
2279 2984 2538 3060 sceptro

600 3062 811 3127 ferreo
853 3069 1039 3146 reget
1081 3082 1212 3128 eos.

774 3145 1234 3214 Schaffhusiae
1274 3146 1468 3213 Febr.
1518 3151 1704 3213 1563.

1270 3284 1356 3351 V.
1401 3286 1488 3350 H.
1534 3284 1822 3352 deditiss.
1868 3286 2142 3352 Iacobus
2183 3285 2454 3371 Riioger

1542 3371 1841 3438 minister
1883 3371 2189 3438 ecclesiae

1283 3453 1835 3524 Schaffhusianae
1877 3457 2050 3541 apud
2093 3457 2451 3525 Helvetios.

1475 4000 1664 4072 3911.

814 4151 1247 4222 MINISTRI
1291 4154 1910 4224 GENEVENSES
1955 4158 2326 4226 VIRETO.

770 4329 987 4413 Aqtmt
1027 4325 1103 4392 de
1144 4327 1284 4393 eius
1332 4328 1542 4393 reditu
1582 4348 1761 4411 quem
1803 4331 2052 4411 quidem
2096 4336 2397 4414 carpebam,
2444 4333 2538 4398 ita

601 4419 802 4478 tamen
843 4417 915 4478 ut
965 4412 1103 4477 eius
1156 4414 1495 4480 voluntatis
1549 4419 1605 4478 et
1659 4414 2037 4482 valetudinis
2089 4418 2294 4501 mayie
2346 4438 2540 4501 quam

602 4500 710 4565 sui
743 4498 1043 4564 desiderii
1083 4500 1387 4566 rationem
1428 4498 1706 4565 habeant.

605 4671 711 4737 (Ex
746 4669 1138 4724 schediasmate
1173 4684 1372 4723 coaevo
1408 4669 1463 4722 in
1498 4669 1640 4722 Bibl.
1677 4668 1880 4727 Genev.
1918 4672 2044 4728 Cod.
2085 4672 2228 4740 197⁸,
2276 4674 2368 4732 fol.
2403 4674 2535 4731 2722

604 4738 749 4809 quod
783 4738 1123 4792 inscribitur:
1163 4737 1387 4793 Literna
1413 4738 1850 4876 majam
1883 4742 1961 4798 cd
1993 4741 2074 4799 D.
2112 4742 2351 4799 Vinum
2384 4761 2422 4799 a
2456 4761 2541 4801 me

772 4975 836 5044 S.
916 4974 1139 5058 Quum
1194 4977 1417 5044 literas
1469 4987 1614 5045 tuas
1649 4982 1699 5058 ι)
1757 4982 2090 5065 superiore
2134 4983 2539 5052 bebdomada

601 5065 1091 5148 accepissemus,
1137 5063 1503 5130 venerande
1543 5066 1615 5130 in
1656 5065 1944 5134 Domino
1984 5068 2207 5148 frater,
2258 5070 2537 5155 legimus

597 5302 768 5356 0011.
798 5301 854 5369 1)
890 5303 968 5358 Ν.
1001 5300 1153 5358 3900.

2109 382 2634 453 EPIS‘POLAE
2679 386 3101 452 3910-3912

4472 387 4598 451 660

2644 580 2710 640 et
2773 573 3126 658 relegimus
3179 593 3344 658 quae
3398 573 3652 657 prolixe
3716 574 3876 639 satis
3931 574 4015 639 ad
4070 594 4190 641 nos
4246 574 4598 658 scripsisti,

2641 662 2884 744 partim
2948 660 3391 727 conditionem
3448 671 3631 725 tuam
3685 658 4157 743 quodammodo
4214 660 4598 745 deplorans,

2641 749 2883 830 partim
2926 745 3328 829 respondens
3383 745 3467 811 ad
3520 767 3597 811 ea
3653 766 3818 830 quae
3873 745 3953 811 de
4003 756 4070 812 te
4114 747 4307 830 quasi
4355 768 4445 811 ex
4487 758 4602 813 tuo

2641 853 2962 900 consensu
3005 833 3263 898 senatui
3306 833 3836 915 significaverant
3869 832 3983 915 (1111
4022 832 4171 900 10110
4205 853 4448 898 rerum
4487 832 4600 897 ad-

2638 919 3109 984 ministrationi
3152 926 3480 1000 praesunt.
3558 918 3698 984 Nos
3741 939 3896 984 vero
3937 917 4279 984 literarum
4330 927 4601 983 tuarum

2639 1004 2916 1070 lectione
2958 1003 3231 1087 perinde
3271 1023 3348 1069 ac
3389 1026 3511 1088 par
3554 1012 3698 1069 erat
3740 1003 4009 1071 affectos
4052 1003 4251 1070 fuisse
4289 1004 4601 1069 dubitare

2639 1098 2705 1156 te
2746 1091 3016 1155 minime
3053 1097 3381 1173 putamus.
3467 1090 3702 1173 Itaque
3744 1111 3944 1172 quum
4000 1100 4267 1174 propter
4324 1092 4602 1174 negotia

2639 1197 2772 1241 non
2816 1177 3074 1242 licuerit
3114 1195 3192 1242 00
3236 1176 3380 1259 ipso
3424 1175 3527 1241 die
3571 1186 3686 1241 aut
3720 1176 4029 1259 postridie
4063 1176 4455 1256 rescribere,
4502 1177 4599 1241 di-

2638 1262 2944 1327 lationem
2983 1281 3156 1327 nunc
3189 1282 3324 1326 non
3359 1281 3747 1328 excusamus
3780 1282 3947 1344 quae
3981 1263 4231 1328 nemini
4267 1262 4597 1327 damnum

2640 1347 2876 1413 afferre
2919 1348 3148 1429 potuit.
3239 1347 3429 1429 Quae
3483 1347 3554 1412 in
3600 1348 3775 1414 calce
3817 1348 4176 1426 literarum,
4220 1349 4477 1431 quibus
4521 1348 4599 1413 de

2639 1453 2836 1499 causa
2879 1432 3138 1500 Mor-elii
3193 1433 3571 1517 agebamus,
3628 1434 3847 1518 legisti
3892 1433 3972 1499 de
4015 1443 4132 1500 tuo
4175 1435 4260 1500 ad
4324 1454 4453 1500 nos
4496 1455 4596 1500 re-

2640 1517 2801 1597 ditu,
2853 1540 2986 1584 non
3028 1520 3347 1584 miramur
3389 1519 3448 1586 si
3491 1521 3612 1586 tibi
3653 1520 4031 1603 persuasisti
4073 1540 4194 1586 nos
4237 1542 4327 1586 ex
4376 1522 4598 1586 animo

2640 1614 2708 1670 et
2748 1605 2926 1688 loqui
2979 1609 3046 1669 et
3102 1606 3406 1683 scribere,
3463 1606 3575 1689 qui
3630 1605 3815 1671 nobis
3872 1606 4111 1672 conscii
4166 1627 4408 1672 sumus
4465 1607 4596 1672 fra-

2639 1697 2825 1755 terne
2862 1691 2944 1756 de
2978 1702 3044 1756 te
3078 1702 3144 1757 et
3187 1691 3326 1757 sine
3370 1691 3516 1757 fuco
3559 1691 3867 1756 sollicitos
3908 1691 4128 1757 fuisse.
4196 1691 4594 1758 Gaudemus

2640 1785 2859 1842 tamen
2905 1787 3170 1860 gratum
3214 1785 3371 1843 tunc
3415 1777 3531 1842 tibi
3589 1778 3787 1843 fuisse
3836 1778 4124 1843 officium
4170 1787 4483 1843 nostrum
4528 1788 4594 1843 et

2642 1862 2996 1929 voluntatis
3039 1883 3196 1947 erga
3237 1877 3301 1928 te
3335 1874 3600 1929 nostrae
3633 1864 4082 1946 qualecunque
4114 1865 4590 1930 testimonium.

2639 1948 2937 2014 Petimus
2989 1950 3191 2014 etiam
3233 1969 3321 2014 ne
3376 1951 3479 2015 cui
3534 1950 3900 2015 contrariae
3953 1950 4317 2032 suspicioni
4378 1950 4591 2016 locum

2639 2034 2845 2098 ullum
2889 2035 2960 2098 in
3004 2045 3340 2117 posterum
3382 2035 3735 2118 relinquas.
3821 2035 3886 2100 Ν
3888 2055 3960 2099 00
4004 2036 4180 2099 enim
4231 2049 4301 2100 et
4345 2034 4591 2101 afflicta

2639 2119 2944 2185 valetudo
3000 2133 3115 2185 tua
3172 2130 3237 2185 et
3292 2121 3733 2202 periculorum
3775 2119 4162 2205 magnitudo
4218 2125 4291 2186 in
4353 2120 4590 2204 quibus

2638 2206 2922 2272 versaris
2960 2209 3113 2288 (nos
3154 2227 3286 2272 non
3331 2207 3427 2271 ita
3483 2206 3678 2290 longe
3720 2206 4059 2285 absumus)
4102 2219 4172 2270 et
4212 2215 4419 2273 vetus
4481 2220 4588 2271 tua

2638 2313 2850 2375 nuper
2893 2292 3091 2357 etiam
3148 2301 3463 2358 renovata
3504 2313 3653 2358 cum
3697 2292 3823 2358 hac
3881 2292 4154 2358 ecclesia
4209 2294 4586 2359 coniunctio

2639 2379 2736 2442 tui
2781 2399 2910 2443 non
2962 2377 3192 2443 sinunt
3233 2398 3375 2443 esse
3430 2379 3862 2443 immemores.
3947 2377 4094 2443 Hoc
4136 2380 4388 2444 diserte
4431 2379 4587 2444 adii-

2640 2463 2846 2529 cimus
2890 2464 3045 2547 quia
3087 2464 3411 2530 incertum
3456 2463 3773 2546 relinquis
3816 2464 3996 2529 itane
4032 2463 4112 2530 de
4155 2465 4350 2531 nobis
4398 2463 4588 2530 hodie

2640 2549 2885 2615 sentias
2905 2559 2983 2614 ut
3004 2569 3206 2633 quum
3241 2549 3356 2615 illa
3376 2549 3837 2628 scribebamus,
3872 2550 4006 2614 imo
4040 2551 4234 2616 tacite
4267 2550 4586 2633 suspicio·

2639 2655 2790 2701 nem
2834 2635 3051 2700 iniicis
3094 2656 3177 2699 ex
3229 2637 3311 2701 iis
3355 2657 3521 2718 quae
3561 2645 3786 2717 postea
3838 2637 4254 2718 contigerunt
4294 2636 4481 2702 aliud
4523 2647 4583 2700 te

2640 2719 2721 2785 de
2764 2720 2952 2786 nobis
2994 2721 3385 2803 comperisse
3428 2742 3623 2804 quam
3668 2721 3876 2787 literis
3918 2723 4162 2786 nostris
4205 2721 4583 2787 ostendera-

2639 2826 2806 2871 mus.
2878 2806 3109 2872 Abfuit
3142 2808 3428 2889 profecto
3464 2807 3803 2889 aberitque
3837 2827 4092 2889 semper
4128 2829 4168 2873 a
4200 2809 4398 2873 nobis
4426 2807 4581 2872 haec

2639 2892 2988 2971 simulatio,
3034 2894 3422 2975 praesertim
3457 2893 3716 2976 quando
3759 2914 3913 2959 cum
3945 2892 4278 2972 fratribus,
4325 2891 4582 2976 quando

2640 2987 2854 3044 tecum
2900 2977 3226 3063 agendum
3270 2979 3414 3045 erit.
3496 2978 3643 3045 Hoc
3685 2998 3943 3061 semper
3984 2980 4269 3063 ingenue
4310 2977 4580 3063 professi

2641 3085 2887 3144 sumus,
2935 3063 3108 3147 quod
3153 3074 3479 3131 testantur
3521 3074 3590 3130 et
3632 3073 4002 3147 postremae
4045 3076 4308 3131 nostrae
4353 3065 4580 3130 literae

2640 3148 2725 3215 ad
2757 3151 3092 3216 ministros
3133 3160 3201 3214 01
3243 3152 3532 3217 seniores
3574 3150 3884 3216 ecclesiae
3916 3150 4426 3235 Lugdunensis:
4470 3171 4580 3233 per

2639 3255 2762 3301 nos
2804 3236 3078 3302 liberam
3133 3236 3254 3302 tibi
3305 3257 3444 3302 sem
3491 3256 3565 3300 er
3619 3236 3945 3318 optionem
4001 3258 4144 3302 esse
4188 3237 4291 3301 vel
4340 3236 4426 3302 ad
4466 3255 4576 3301 nos

2639 3320 2958 3387 redeundi
3000 3321 3107 3387 vel
3162 3322 3311 3388 istic
3369 3258 3582 3387 adhuc
3621 3322 4084 3388 commorandi.
4172 3321 4575 3388 Verebamur

2638 3409 2815 3472 enim
2858 3429 2958 3485 ne,
3005 3407 3064 3473 si
3105 3415 3170 3472 te
3212 3409 3505 3491 praecise
3547 3406 3631 3473 ad
3673 3406 3954 3473 reditum
3999 3408 4440 3487 hortaremur,
4482 3407 4571 3472 di·

2638 3503 2812 3559 ceret
2858 3493 3090 3577 aliquis
3132 3514 3253 3559 nos
3296 3493 3401 3558 vel
3446 3491 3844 3559 valetudinis
3886 3503 4038 3558 tuae
4079 3496 4405 3560 rationem
4448 3512 4569 3557 non

2639 3578 2897 3659 habere,
2943 3578 3052 3645 vel
3094 3579 3205 3644 isti
3248 3580 3575 3656 ecclesiae,
3624 3600 3760 3643 non
3804 3579 4093 3645 dicemus
4133 3580 4437 3647 nascenti
4475 3579 4570 3642 in·

2637 3664 2888 3742 videre,
2946 3663 3061 3730 sed
3125 3664 3450 3731 laboranti
3514 3664 3831 3736 auxilium
3896 3665 4240 3751 denegare.
4351 3667 4571 3732 Altera

2637 3752 2837 3816 etiam
2889 3769 2972 3815 ex
3029 3765 3213 3832 parte
3272 3770 3405 3815 non
3469 3751 3690 3815 minus
3745 3751 4018 3832 periculi
4073 3772 4114 3815 a
4167 3750 4568 3817 sermonibus

2636 3836 2978 3902 hominum
3021 3835 3589 3919 prospiciebamus,
3634 3838 3690 3901 si
3736 3846 3802 3900 te
3837 3836 4084 3903 diutius
4125 3838 4273 3902 istic
4307 3834 4569 3902 retineri

2637 3933 2861 4005 aperte
2903 3930 3163 3987 autores
3206 3942 3528 3988 essemus:
3588 3941 3673 3987 ne
3715 3921 3959 3989 scilicet
4001 3930 4067 3987 te
4108 3922 4264 3988 hinc
4308 3944 4352 3988 a
4393 3920 4567 3988 nobis

2637 4009 2940 4093 ablegare
2997 4005 3372 4073 videremur
3427 4028 3544 4090 per
3600 4007 3878 4091 speciem
3940 4008 4047 4072 vel
4102 4008 4414 4074 honestae
4468 4004 4567 4071 vel

2637 4095 2972 4161 causariae
2993 4093 3343 4171 missionis,
3368 4103 3436 4159 et
3468 4114 3646 4159 nunc
3679 4113 3877 4176 opera
3897 4102 4013 4160 tua
4032 4096 4216 4177 quasi
4250 4094 4442 4161 nobis
4471 4090 4565 4159 vel

2638 4180 2878 4245 nostris
2919 4179 3139 4246 minus
3187 4186 3377 4264 grata
3418 4198 3553 4244 non
3597 4199 3792 4263 aegre
3834 4198 4075 4246 carere.
4163 4180 4370 4246 Vides
4413 4197 4564 4264 quae

2637 4265 2827 4331 nobis
2870 4264 3096 4330 sedulo
3138 4264 3433 4331 cavenda
3473 4265 3738 4341 fuerint,
3782 4262 3958 4330 unde
4000 4284 4352 4350 agnoscere
4394 4273 4563 4350 potes

2637 4351 2999 4433 simplicem
3063 4357 3132 4416 et
3193 4351 3465 4416 minime
3526 4351 3811 4417 fucatam
3883 4351 4086 4417 fuisse
4148 4359 4442 4418 nostram
4496 4350 4561 4414 in

2638 4435 2869 4521 primis
2920 4435 3053 4501 illis
3107 4436 3316 4503 literis
3370 4436 3749 4502 orationem.
3838 4435 4103 4519 Quanto
4144 4444 4370 4520 postea
4412 4446 4559 4502 tem-

2639 4544 2795 4606 pore
2849 4520 2932 4587 ad
2990 4530 3055 4586 tc
3109 4522 3445 4605 scripserit
3497 4529 3763 4588 senatus
3815 4532 3891 4586 ut
3945 4523 4392 4600 revertereris‚
4410 4525 4466 4606 ²)
4504 4524 4561 4585 et

2639 4628 2801 4691 quas
2841 4606 3083 4673 babere
3125 4628 3196 4673 se
3236 4628 3468 4674 causas
3505 4606 3861 4674 revocandi
3904 4610 4001 4673 tui
4037 4608 4281 4675 diceret
4313 4609 4558 4675 scimus.

2638 4693 3063 4759 Meminimus
3108 4695 3303 4759 etiam
3338 4694 3828 4776 importunitate
3858 4694 4133 4759 fratrum
4170 4693 4560 4779 Lugdunen-

2639 4782 2809 4845 sium
2843 4779 3093 4846 factum
3126 4787 3201 4844 ut
3242 4779 3314 4844 in
3350 4779 3512 4846 haec
3545 4780 3746 4846 verba
3778 4789 3992 4846 tecum
4032 4788 4257 4864 ageret
4289 4787 4557 4854 senatus,

2683 4867 2750 4931 ui
2816 4877 2882 4930 et
2947 4874 3012 4929 te
3069 4864 3285 4948 diligit
3344 4874 3411 4929 et
3472 4863 3541 4930 id
3595 4873 3663 4929 te
3705 4886 3837 4929 non
3894 4867 4200 4949 ignorare
4257 4869 4557 4932 autumat.

2705 4972 2865 5016 uum
2913 4960 2980 5015 te
3042 4951 3193 5015 istic
3257 4969 3399 5015 esse
3465 4958 3800 5033 pateretur
3853 4952 4006 5034 quia
4066 4952 4160 5017 sic
4212 4948 4556 5018 valetudini

2636 5045 2791 5101 tuae
2832 5036 3207 5103 consultum
3251 5036 3539 5120 putabat,
3582 5036 3682 5101 illi
3723 5056 3809 5101 ne
3851 5044 4006 5102 ante
4047 5058 4339 5104 mensem
4375 5053 4557 5102 unum

2636 5133 2751 5188 aut
2804 5124 3086 5188 alterum
3143 5122 3546 5190 revocareris
3588 5122 3990 5207 flagitabant.
4078 5123 4212 5190 Ubi
4267 5125 4554 5207 impetra-

2836 5308 2898 5377 0)
2935 5307 3198 5365 1170876.
