4850 6117
350 408 468 474 101

341 596 418 661 in
461 616 543 662 ea
583 597 807 682 populi
860 597 1238 665 electionem
1282 607 1350 665 et
1401 601 1957 666 confirmationem
2000 620 2136 666 non
2180 599 2294 665 ha·

342 681 595 762 buerit)
649 684 937 750 seniores
995 684 1305 751 ecclesiae
1345 685 1740 751 reformatae
1783 687 2145 764 accersivit,
2189 707 2294 752 ro-

341 770 660 852 gavitque
717 779 793 834 ut
846 770 955 854 pie
1012 790 1089 835 ac
1141 771 1499 855 prudenter
1558 769 1954 856 dispicerent
2004 795 2091 838 an
2144 793 2295 837 eum

339 853 600 920 vellent
641 853 901 940 eligere,
955 857 1347 924 confirmare
1390 876 1467 922 ae
1508 877 1629 940 pro
1682 858 1984 942 episcopo
2027 857 2292 924 habere:

342 939 526 1023 quod
568 941 626 1005 si
680 940 1046 1008 iudicarent
1102 943 1503 1021 faciundum,
1561 965 1632 1009 se
1677 943 1986 1009 daturum
2030 963 2296 1029 operam

340 1033 445 1107 ut,
490 1026 660 1093 sicut
700 1028 930 1111 coepit,
975 1028 1069 1093 ita
1112 1037 1415 1112 pergeret
1456 1029 1794 1095 ecclesiam
1836 1030 1960 1096 sibi
1994 1030 2296 1095 commis-

340 1132 495 1178 sam
558 1111 849 1179 docendo
911 1113 999 1179 et'
1046 1113 1370 1180 hortando
1432 1136 1551 1198 pro
1615 1116 1871 1182 viribus
1934 1112 2294 1182 aedificare.

340 1195 476 1264 Sin
540 1218 700 1263 vero
766 1200 1224 1267 existimarent
1296 1199 1486 1266 illum
1549 1201 1771 1266 minus
1835 1200 2147 1266 idoneum
2212 1199 2295 1265 ad

340 1290 613 1349 tantum
655 1304 916 1363 munus,
975 1285 1178 1352 libere
1222 1300 1292 1352 et
1332 1295 1557 1370 aperte
1600 1285 1929 1353 dicerent:
1990 1307 2061 1352 se
2102 1307 2294 1370 para-

336 1377 496 1434 tum
538 1389 681 1436 esse
722 1370 863 1437 loco
898 1370 1142 1451 cedere,
1186 1370 1383 1437 modo
1426 1374 1489 1438 ei
1532 1372 1727 1439 liceat
1766 1374 1838 1438 in
1876 1373 2149 1440 ecclesia
2190 1385 2303 1437 re-·

334 1455 626 1520 formata
660 1456 891 1523 vivere
933 1458 1123 1523 iuxta
1163 1466 1457 1525 sanctam
1492 1458 1820 1545 evangelii
1863 1457 2292 1542 disciplinam.

336 1540 767 1627 Rogavitque
811 1553 887 1607 ut
927 1563 1007 1609 ea
1050 1543 1131 1609 de
1181 1565 1255 1609 re
1297 1556 1554 1611 mature
1608 1566 1758 1612 oum
1821 1546 2093 1611 ecclesia
2134 1543 2293 1610 deli-

335 1626 670 1693 berarent.
777 1627 971 1710 Quod
1038 1651 1239 1713 quum
1305 1631 1551 1697 factum
1611 1640 1786 1697 esset
1848 1631 1931 1697 ab
1994 1628 2296 1696 omnibus

336 1713 751 1779 unanimiter
793 1723 868 1780 ut
911 1735 1105 1782 verus
1162 1717 1500 1801 episcopus
1561 1718 1826 1802 agnitus
1870 1725 1938 1783 et
1993 1725 2297 1799 receptus

336 1811 467 1865 eet.
503 1802 555 1874 ⁸)

520 1886 805 1951 Divione
822 1890 879 1966 ⁴)
916 1887 1241 1953 tumultus
1273 1897 1457 1954 ortus
1490 1895 1608 1966 est,
1644 1910 1779 1954 non
1813 1908 1971 1953 sane
2005 1886 2298 1952 fidelium

333 1969 532 2050 vitio,
589 1969 704 2036 sed
761 1971 1286 2038 adversariorum
1340 1973 1706 2056 petulantia
1747 1981 1815 2038 et
1855 1974 2053 2038 rabie.
2128 1972 2295 2038 Nos-

324 2064 487 2122 ·tros
530 2056 724 2137 enim,
783 2078 985 2141 quum
1040 2080 1301 2126 sacrum
1344 2069 1599 2125 coetum
1646 2057 1986 2136 haberent,
2039 2058 2297 2124 invase-

334 2151 526 2220 runt,
569 2154 634 2208 et
677 2145 862 2226 quasi
903 2145 1080 2211 iusta
1113 2165 1335 2229 pugna
1377 2143 1863 2229 confligendum
1907 2153 2080 2210 esset
2122 2152 2298 2229 tym-

336 2248 521 2313 pana
583 2227 1046 2296 adhibuerunt.
1134 2229 1404 2313 Septem
1475 2230 1707 2297 domus
1772 2230 2062 2314 direptae
2127 2235 2299 2306 sunt,

336 2314 648 2397 quamvis
688 2316 903 2380 nostri
946 2318 1317 2400 superiores
1361 2325 1732 2382 evaserunt.
1813 2316 2176 2383 Mittuntur
2217 2313 2301 2379 ad

338 2399 571 2464 aulam
611 2401 725 2484 qui
765 2421 1031 2467 causam
1076 2403 1438 2485 expositam
1482 2423 1707 2469 secum
1752 2400 2074 2468 adferunt.
2162 2400 2298 2465 Vo-

336 2484 627 2551 luissent
682 2495 756 2550 ut
810 2508 931 2571 ego
988 2509 1129 2553 rem
1187 2508 1413 2553 eorum
1456 2488 1842 2555 Admiraldo
1900 2498 1965 2552 et
2020 2486 2301 2571 principi

552 2793 614 2861 3)
651 2793 802 2849 fflst.
836 2794 958 2852 oecl.
993 2795 1034 2849 1.
1071 2794 1205 2850 767.-
1243 2795 1349 2850 Sur
1392 2797 1448 2850 la
1478 2796 1554 2850 fin
1589 2795 1658 2851 de
1706 2796 2029 2865 Septembre
2072 2795 2298 2849 messire

339 2862 483 2916 Ant.
530 2862 600 2917 de
642 2863 946 2918 Carraeciol
992 2864 1089 2918 Ev.
1137 2865 1206 2918 de
1253 2865 1426 2933 Troys
1492 2872 1758 2918 revenant
1813 2865 1888 2917 du
1941 2865 2185 2933 colloque
2226 2865 2298 2918 de

346 2930 551 3001 Poissy
594 2930 665 2986 οιὶ
709 2932 751 2986 il
810 2933 961 2986 avoit
1005 2939 1364 2989 aucunement
1407 2932 1619 3003 profite,
1667 2941 1850 2987 estant
1894 2934 2037 2987 aussi
2087 2932 2295 2989 solicite'

337 3015 450 3069 par
483 3001 747 3070 quelques
781 3002 1083 3071 princesses
1119 3008 1176 3056 et
1209 3008 1393 3056 autres
1428 3003 1615 3057 dames
1659 3003 1730 3056 66
1773 3004 1828 3056 la
1871 3019 2017 3068 cour,
2065 3018 2126 3055 se
2171 3018 2293 3072 pre·

339 3073 505 3122 senta
546 3085 616 3124 au
662 3070 985 3124 consistoire
1030 3072 1101 3125 de
1153 3071 1355 3141 l’eglise
1409 3073 1476 3125 de
1536 3072 1706 3142 Troys
1761 3073 2166 3141 recognoissant
2208 3087 2294 3126 ses

336 3137 524 3192 fantes
556 3138 1004 3193 solennellement
1051 3145 1109 3194 et
1141 3148 1436 3210 requierant
1481 3148 1627 3195 estre
1662 3140 1836 3195 admis
1882 3157 1952 3194 au
1995 3140 2290 3194 ministere.

340 3206 602 3277 Surquoy
649 3208 731 3262 les
777 3208 933 3261 advis
979 3224 1039 3263 se
1084 3214 1345 3263 trouvans
1390 3210 1708 3275 contraires,
1754 3210 1834 3263 les
1886 3226 1989 3263 uns
2035 3210 2294 3263 estimans

339 3291 455 3344 que
488 3291 551 3329 ce
584 3277 758 3330 seroit
790 3293 867 3330 un
899 3278 1072 3347 grand
1106 3283 1463 3333 avancement
1494 3279 1564 3333 de
1599 3278 1828 3333 l’attirer
1871 3279 1939 3332 de
1975 3280 2093 3333 leur
2125 3278 2291 3341 coste,

338 3344 428 3398 les
462 3349 648 3398 auti-es
681 3350 851 3416 ayant
883 3363 1023 3416 pour
1055 3364 1146 3400 sus
1249 3353 1322 3414 te,
1355 3355 1414 3401 et
1447 3364 1556 3402 non
1592 3364 1718 3401 sans
1753 3363 1928 3414 cause,
1963 3348 2019 3401 la
2051 3347 2291 3418 legerete

342 3417 408 3467 et
439 3412 529 3467 vio
563 3413 881 3496 impudique
915 3415 1071 3470 dudit
1119 3484 1132 3508 θ
1164 3432 1364 3485 vesque
1404 3416 1626 3486 iusques
1672 3416 1816 3497 alors
1850 3433 1966 3498 par·
1992 3423 2119 3498 trop
2167 3432 2292 3487 cog·

343 3482 597 3605 232³,ae
622 3482 2294 3635 {emta„212083023223222‘253233520532522250505

342 3635 510 3674 cause
542 3620 614 3675 de
648 3621 916 3692 plusieurs
951 3627 1348 3677 mroonstanoes
1383 3623 1476 3692 qui
1510 3639 1571 3677 se
1643 3623 1926 3690 ubhoient„
1971 3640 2043 3678 66
2078 3639 2218 3677 envo
2257 3641 2292 3676 a

345 3688 650 3743 demandet
681 3691 886 3745 conseil
917 3689 952 3743 a
984 3690 1190 3761 l’eglise
1224 3691 1293 3745 de
1326 3691 1548 3746 Geneve
1633 3708 1666 3746 o
1706 3691 1857 3746 inion
1891 3692 1961 3744 de
2009 3693 2063 3746 la
2110 3708 2216 3762 que
2259 3708 2290 3746 e

345 3773 412 3812 se
445 3763 641 3813 treme
713 3776 776 3811 ar
810 3760 978 3814 escrit
1010 3758 1070 3813 es
1105 3776 1390 3830 respouses
1422 3760 1621 3814 latines
1694 3777 1724 3814 e
1747 3759 1889 3815 Jean
1916 3759 2102 3814 Calvin
2140 3760 2292 3825 (vide

346 3825 494 3896 Opp.
530 3827 606 3880 X.
642 3825 671 3879 1
742 3825 784 3895 ),
866 3828 1187 3897 Oependant
1228 3845 1390 3898 passa
1556 3829 1665 3883 Tro
1704 3846 1731 3882 s
1765 3845 1828 3882 ce
1858 3830 2033 3898 grand
2067 3845 2289 3898 person-

345 3911 490 3963 nage
524 3895 586 3949 P.
621 3895 849 3966 Mar-tyr,
881 3903 1204 3951 retournant
1235 3899 1305 3951 de
1339 3898 1532 3968 Poissy
1567 3897 1602 3951 a
1682 3897 1849 3964 urieli,
1884 3914 1986 4020 zar
2018 3897 2085 3952 l'o
2126 3899 2291 3968 16166,

344 3964 423 4018 66
464 3965 553 4019 661
584 3963 873 4034 l'Evesque
907 3971 1072 4035 ayant
1105 3966 1235 4020 faict
1267 3967 1574 4021 abiuration
1623 3974 1681 4021 et
1713 3966 1866 4036 signe
1987 3983 2051 4021 eo
2111 3967 2290 4021 ession

343 4031 418 4086 de
473 4048 543 4103 oy
577 4038 635 4086 et
706 4035 873 4088 romis
905 4035 975 4087 de
1005 4036 1213 4104 quitter
1241 4051 1340 4089 son
1358 4035 1618 4102 Evesche,
1653 4036 1739 4089 fut
1754 4052 1884 4105 recu
1907 4054 1974 4089 au
1992 4036 2291 4099 ministere,

346 4117 460 4156 666
495 4106 650 4156 toute
672 4103 754 4156 ois
788 4119 915 4156 sans
959 4103 1246 4168 contredit,
1298 4102 1379 4175 s'y
1422 4111 1605 4159 estant
1648 4104 1852 4174 oppose
1899 4103 2006 4158 l'un
2052 4105 2149 4158 des
2191 4107 2288 4158 mi·

344 4170 548 4225 nisti-es
582 4171 796 4226 nomme'
832 4172 1021 4225 Pierre
1053 4172 1107 4225 16
1141 4171 1273 4242 Roy.

553 4237 1506 4308 4)QsodkicdeDivionev-sibus
1547 4242 1896 4308 ”mathee
1940 4240 2292 4307 cifos-tassia

347 4305 636 4369 oefflrdlo
668 4308 932 4364 traditum
954 4308 1086 4379 fuit.
1157 4309 1292 4364 Haut
1323 4311 1442 4366 eccl.
1479 4310 1524 4364 1.
1562 4307 1695 4364 778.-
1729 4310 1889 4364 Diiou
1923 4310 2009 4363 n’a
2043 4312 2159 4364 este
2193 4310 2291 4363 des

348 4376 633 4431 ἀοι-616666
665 4376 703 4432 a
734 4378 980 4432 recevoir
1014 4380 1070 4432 la
1102 4379 1328 4432 lumiere
1363 4378 1432 4431 de
1449 4377 1767 4448 l’Evangile.
1837 4379 1978 4432 Mais
1997 4395 2134 4433 ceux
2170 4395 2291 4432 aus·

349 4446 507 4515 quels
523 4445 664 4501 Dieu
697 4448 847 4501 avoit
878 4452 1072 4501 ouvert
1106 4448 1186 4502 les
1219 4464 1362 4515 yeux
1380 4449 1537 4501 n'ont
1567 4447 1759 4502 iamais
1787 4447 1903 4501 este
1932 4465 2057 4502 saus
2222 4447 2291 4502 de

349 4515 582 4581 oeainte,
614 4531 753 4582 pour
788 4517 941 4570 avoir
984 4515 1115 4583 este,
1163 4516 1356 4586 depuis
1389 4516 1443 4570 la
1486 4523 1632 4571 mort
1678 4517 1747 4570 de
1792 4516 2018 4571 l’amiral
2065 4465 2293 4584 (ἕξεσι,

344 4583 652 4654 gouvernes
684 4600 811 4639 sous
842 4585 898 4638 la
931 4586 1138 4641 maison
1172 4585 1243 4638 de
1276 4585 1361 4640 Gu
1491 4590 1549 4639 et
1592 4593 1756 4654 ayant
1800 4602 1865 4640 eu
1902 4602 1970 4640 66
2017 4602 2078 4639 66
2111 4592 2293 4656 temps

348 4668 491 4722 pour
525 4652 828 4707 lientenaut
861 4654 934 4707 du
969 4654 1088 4722 Roy
1120 4654 1172 4707 le
1210 4654 1295 4708 Sr.
1377 4670 1408 4707 e
1442 4654 1743 4716 Taranues,
1790 4654 2007 4709 homme
2051 4654 2293 4710 d'autant

348 4721 474 4803 plus
492 4720 818 4804 ‚dangereux
854 4721 982 4792 qu'il
1016 4723 1166 4776 avoit
1198 4739 1265 4776 eu
1279 4723 1573 4805 ‘autrefois'
1604 4724 1661 4777 la
1701 4724 2080 4794 cognoissance
2124 4725 2194 4779 de
2239 4724 2293 4778 la

347 4790 597 4914 ‘em
631 4790 1016 4929 dmm
1030 4794 1706 4927 ἴῗωὲἳᾶἒὲᾱῗῖἐξὲ
1778 4793 2076 4926 {wal}
2100 4793 2294 4931 3332}

348 4933 1154 5067 «ἵζ’ῗέἰέιῗςεῖῗῗὲἕέῗῶῗθέἔ
1184 4929 1462 5068 23.ἑὶἿὲ
1494 4928 1842 5053 331133322
1867 4931 2233 5068 {existite-012⁶
2160 4946 2300 5051 ⁰⁶3

349 5065 636 5122 tellement
669 5081 777 5134 que
812 5081 1034 5121 encores
1082 5081 1189 5136 que
1235 5066 1432 5121 l’Edict
1475 5068 1545 5120 de
1591 5067 1774 5122 luillet
1807 5068 2054 5122 defendit
2095 5069 2164 5122 de
2212 5083 2297 5121 re·

350 5135 577 5190 eei-eber
608 5134 691 5188 les
724 5150 1023 5205 personnes
1056 5151 1125 5189 en
1161 5135 1309 5189 leurs
1342 5136 1579 5190 maisons
1613 5153 1754 5207 pour
1778 5138 1832 5192 le
1852 5137 1985 5192 faict
2019 5136 2089 5190 de
2121 5137 2178 5191 la
2212 5152 2296 5189 re-

350 5204 536 5275 ligion,
570 5218 633 5257 66
668 5205 1010 5259 neantmoins
1059 5221 1128 5259 66
1171 5203 1335 5258 laissa
1380 5204 1450 5259 de
1492 5206 1777 5260 recercher
1819 5215 1877 5260 et
1922 5206 2297 5277 emprisonner

349 5273 596 5328 hommes
631 5277 691 5326 et
720 5272 942 5327 femmes
977 5280 1036 5328 et
1067 5272 1294 5327 s'oublia
1326 5273 1548 5343 iusques
1591 5276 1626 5328 a
1671 5276 1979 5331 esmouvoir
2021 5276 2118 5329 des
2164 5291 2296 5344 gens

351 5358 453 5412 par
485 5348 713 5412 troupes
744 5357 885 5411 pour
915 5357 1170 5413 ssccsger
1200 5343 1469 5397 cei-taines
1502 5344 1740 5398 maisons
1775 5354 1875 5399 etc.

2038 412 2198 480 1561
2247 411 2664 481 NOVEMB.

4220 423 4340 490 102

2401 599 2694 668 Gondano
2747 602 2955 669 literis
3009 605 3546 684 commendarem,
3608 607 3724 675 sed
3767 609 4138 677 existimavi
4182 612 4343 680 satis

2396 707 2540 754 esse
2598 688 2657 753 si
2711 696 2777 753 te
2828 708 3130 774 rogarem
3187 699 3264 757 ut
3306 691 3477 775 apud
3519 713 3632 760 eos
3674 695 3742 760 id
3796 697 4062 778 facem,
4104 698 4341 780 quibus

2396 773 2599 840 etiam
2642 795 2758 841 oro
2801 783 2880 839 ut
2932 797 3076 841 meo
3119 777 3383 843 nomine
3425 778 3775 863 plurimam
3818 783 4098 849 salutem
4142 782 4343 851 dicas.

2397 896 2990 910 —————
3037 866 3093 927 6.
3140 862 3533 930 Novembris
3564 869 3617 944 ⁸)
3659 868 3878 935 'Presis
3928 873 4111 934 1561.

3145 1157 3553 1171 ———

3259 1425 3464 1498 3663.

2527 1562 2960 1645 L’Eemsn
3003 1577 3132 1644 DE
3180 1579 3597 1649 022stssss
3632 1588 3682 1662 ι)
3725 1587 3789 1651 A
3839 1584 4211 1653 estvm.

2571 1748 2902 1816 Romanae
2942 1748 3092 1815 d’un
3133 1752 3352 1817 second
3380 1757 3670 1833 pasteur.

2398 1920 2783 1990 (Autographe
2819 1922 2891 1976 66
2917 1920 2974 1973 la
2998 1920 3381 1992 Bibliotheque
3409 1923 3478 1977 de
3502 1923 3741 1979 Geneve.
3779 1926 3906 1981 Vol.
3926 1926 4042 1995 196,
4080 1928 4173 1987 rol.
4199 1927 4344 1998 219.)

2572 2095 2636 2159 A
2678 2093 3024 2160 Monsieur
3063 2093 3406 2160 Monsieur
3447 2094 3685 2162 Oalvin

3795 2203 3835 2248 a
3878 2182 4168 2250 Geneve.

2818 2350 3035 2417 Gracc
3078 2358 3145 2417 et
3185 2353 3342 2434 paix
3384 2374 3504 2437 par
3542 2354 3933 2421 Jesuohrist.
3997 2373 4008 2382 ·

2571 2519 2932 2598 Monsieur,
2990 2520 3286 2587 eombien
3341 2543 3466 2606 que
3523 2544 3631 2589 ees
3674 2525 3858 2606 jours
3909 2544 4133 2608 passez
4177 2545 4344 2594 vous

2400 2606 2587 2672 aions
2642 2605 2763 2670 fait
2802 2605 3120 2672 entendre
3160 2627 3283 2690 par
3325 2629 3421 2673 un
3465 2607 3545 2674 de
3585 2629 3707 2675 noz
3763 2610 3971 2675 freres
4012 2610 4076 2678 le
4117 2611 4344 2678 besoin

2400 2711 2528 2774 que
2572 2699 2748 2756 ceste
2781 2691 3006 2775 Eglise
3050 2693 3139 2758 ha
3173 2693 3331 2758 d'un
3374 2702 3563 2760 autre
3605 2703 3870 2778 pasteur
3910 2700 4185 2782 n’ayant
4216 2719 4344 2781 que

2399 2777 2651 2843 Monsr.
2700 2775 2922 2843 Floris
2974 2786 3117 2843 tout
3157 2778 3317 2861 seul,
3377 2781 3714 2847 toutesfois
3770 2789 3992 2849 estana
4047 2804 4348 2852 asseurea

2402 2861 2483 2927 de
2534 2862 2603 2927 la
2656 2862 2873 2928 bonne
2927 2864 3228 2931 affection
3284 2865 3364 2931 de
3419 2866 3702 2950 laquelle
3753 2888 3921 2933 nous
3962 2889 4122 2935 avez
4162 2881 4343 2937 tous-

2390 2950 2582 3033 jours
2640 2947 2875 3029 cheriz,
2934 2971 3141 3017 avons
3196 2952 3332 3035 pris
3389 2952 3723 3019 hardiesse
3761 2975 3926 3020 vous
3981 2955 4224 3023 escrire
4265 2976 4342 3024 ce

2398 3042 2541 3100 mot
2593 3054 2713 3118 par
2767 3035 2831 3100 le
2891 3035 3062 3103 frere
3115 3046 3383 3120 present
3431 3047 3719 3123 portem,
3778 3047 3927 3106 tant
3967 3061 4134 3123 pour
4176 3062 4343 3109 vous

2397 3121 2750 3187 remercier
2806 3120 2920 3187 des
2971 3121 3292 3191 benefices
3346 3144 3640 3208 quavons
3692 3145 3917 3192 receus
3959 3147 4082 3210 par
4123 3137 4346 3196 vostre

2396 3207 3494 3379 32⁰issnfflzwz¹zxssss⁸p2¹zaess³t‘
3528 3210 4053 3381 3333ὲὲᾱὶἐᾷ
4072 3214 4343 3385 mss

2392 3400 2436 3444 a
2477 3386 2655 3446 ceste
2696 3379 2923 3463 Eglise
2963 3400 3128 3447 vous
3169 3382 3374 3464 plaise
3416 3402 3585 3448 nous
3617 3404 3701 3449 en
3745 3385 4060 3468 pourvoir
4090 3405 4341 3453 comme

2392 3486 2559 3533 nous
2602 3485 2809 3532 avons
2852 3465 2973 3532 fait
3018 3466 3115 3532 les
3156 3467 3419 3552 Eglises
3461 3469 3985 3549 cimonvoisines,
4032 3472 4212 3538 aiant
4254 3493 4338 3538 ea

2391 3561 2530 3618 cest
2562 3550 2822 3618 endroit
2853 3551 3001 3634 plus
3024 3552 3301 3638 desgard
3336 3575 3377 3619 a
3408 3553 3869 3623 lavancemeut
3902 3558 3984 3623 de
4017 3557 4341 3624 lhonneur

2390 3649 2460 3704 et
2513 3637 2718 3722 gloire
2777 3636 2857 3704 de
2902 3637 3066 3704 Dieu
3110 3644 3261 3723 qu'a
3313 3648 3534 3706 nostre
3578 3643 3996 3725 particuliere
4053 3662 4336 3708 commo-

2390 3722 2544 3790 dite.
2617 3724 2801 3789 Nous
2837 3724 3059 3807 prions
3095 3724 3260 3791 donc
3301 3726 3362 3792 le
3399 3724 3731 3811 Seigneur
3764 3749 3888 3811 que
3931 3749 4178 3794 comme
4215 3748 4338 3811 par

2390 3817 2609 3876 vostre
2653 3810 2867 3874 moien
2926 3822 3099 3876 ceste
3139 3811 3367 3896 Eglise
3411 3834 3451 3878 a
3492 3813 3680 3898 prins
3723 3835 3817 3879 un
3868 3814 4000 3879 fort
4041 3813 4339 3880 heureux

2597 4098 2660 4169 ὃ)
2690 4100 2747 4156 d.
2780 4099 2866 4155 21.
2908 4102 3052 4158 Non.
3088 4102 3264 4157 redux
3295 4103 3408 4170 fuit
3453 4103 3654 4157 strici.

2389 4168 2662 4230 8008.ss
2703 4169 2815 4225 Sur
2848 4177 2980 4227 cotto
3011 4170 3043 4227 ὁ
3079 4175 3176 4227 lieo
3209 4188 3282 4226 on
3317 4172 3382 4227 lit
3412 4172 3557 4226 dm
3590 4171 3750 4225 Plist-
3798 4172 3920 4226 eccl.
3957 4171 3999 4225 1.
4041 4168 4135 4225 12:
4178 4169 4341 4240 Quol-

2433 4255 2528 4292 ues
2563 4239 2762 4293 666666
2795 4256 2956 4311 apres
3010 4242 3026 4292 1
3176 4242 3295 4295 vint
3329 4259 3402 4295 un
3448 4240 3713 4295 cordelier
3759 4239 3971 4293 nomme
4005 4238 4199 4296 Marcii
4246 4243 4343 4312 qui

2391 4256 2493 4362 {sit
2527 4309 2836 4364 merveilles
2870 4311 2939 4364 de
2974 4310 3233 4381 prescher
3269 4312 3303 4365 a
3330 4309 3550 4363 Oastres
3567 4309 3901 4378 d’Albigeois
3938 4314 3997 4363 et
4031 4326 4099 4364 eu
4133 4310 4343 4366 Reuer-

2391 4394 2498 4448 gue
2534 4384 2593 4431 et
2624 4378 2816 4501 depuis
2850 4380 2934 4435 fut
2969 4380 3125 4434 mene
3159 4378 3465 4449 prisounier
3500 4381 3534 4433 a
3575 4377 3809 4432 Tholose
3851 4380 3924 4433 ou
3969 4378 4012 4432 il
4065 4380 4231 4435 scella
4272 4381 4343 4435 de

2393 4463 2494 4501 son
2529 4462 2623 4500 san
2728 4462 2763 4502 a
2797 4448 3043 4504 doctrine
3088 4449 3157 4502 de
3207 4446 3395 4501 verite'.
3483 4445 3628 4501 Ibid.
3666 4443 3800 4499 874.-
3846 4451 3891 4501 Δ
3939 4447 4158 4504 Castres
4205 4465 4344 4505 ceux

2392 4516 2463 4570 de
2496 4516 2552 4569 la
2585 4532 2646 4569 re
2671 4518 2684 4530 ”
2729 4518 2816 4572 ’66
2845 4519 3092 4573 eombien
3129 4516 3284 4586 qu’ils
3316 4516 3527 4568 fussent
3560 4531 3626 4568 66
3737 4516 3809 4569 tit
3840 4517 4087 4581 nombre,
4139 4533 4202 4572 66
4248 4533 4344 4571 ne·

2394 4585 2668 4640 antinoius
2704 4603 2772 4641 66
2809 4586 2948 4641 1560
2981 4588 3204 4641 environ
3238 4583 3289 4638 16
3322 4584 3461 4637 mois
3496 4583 3710 4638 d’Avnl
3744 4585 3813 4639 ils
3847 4592 4043 4640 eurent
4075 4602 4214 4656 pour
4245 4588 4345 4643 mi·

2393 4655 2569 4708 nistre
2604 4653 2859 4726 Geoffroy
2895 4658 2948 4711 le
2986 4656 3162 4719 Brun,
3201 4669 3303 4723 par
3347 4653 3399 4706 le
3443 4653 3725 4707 ministere
3768 4655 3973 4723 duquel
4017 4654 4070 4708 le
4115 4657 4346 4711 nombre

2393 4727 2580 4778 aecrut
2612 4726 2894 4780 tellement
2938 4724 3064 4795 qu'y
3113 4729 3356 4791 pouvant
3400 4721 3522 4790 plus
3568 4721 3754 4776 suffire
3799 4723 3839 4776 il
3886 4723 3970 4775 fut
4017 4738 4157 4779 euvo
4197 4723 4228 4779 6
4276 4742 4344 4780 66

2394 4791 2633 4848 Octobre
2668 4793 2702 4847 ὁ,
2733 4792 2952 4848 Geneve
2993 4808 3133 4862 pour
3176 4809 3212 4861 y
3263 4805 3552 4845 recouvrer
3596 4790 3695 4845 des
3740 4790 4100 4846 coadiuteurs.
4260 4794 4347 4849 fut

2394 4877 2513 4916 rem
2553 4860 2672 4934 1666
2716 4862 2960 4930 pendant
3004 4860 3240 4979 quelque
3284 4866 3460 4929 temps
3506 4875 3609 4928 par
3652 4860 3734 4914 La
3789 4860 3974 4914 Valles
4021 4862 4233 4932 envoye
4271 4863 4345 4917 de

2393 4929 2474 4984 To
2534 4945 2678 4983 ouse.
2752 4930 2838 4984 En
2875 4929 3103 4984 Femer
3180 4926 3282 4982 561
3329 4928 3519 4982 Pierre
3563 4928 3634 4982 66
3668 4927 3912 4984 l’Hostau
3952 4930 4164 4999 envoye
4209 4946 4343 4987 avec

2394 4998 2563 5052 letres
2599 4997 2668 5051 de
2700 4998 2754 5051 16
2788 5000 2940 5052 Brun
2987 5014 3357 5068 recommean
3401 4997 3470 5051 de
3514 4998 3773 5067 ιιι-6661161·
3816 5015 3917 5067 par
3963 5000 4043 5053 les
4087 5000 4342 5056 maisons.

2396 5067 2483 5120 En
2518 5066 2676 5119 Avril
2711 5066 2957 5136 Baymon
2994 5066 3197 5122 Bertbe
3241 5072 3300 5121 et
3340 5066 3393 5120 le
3439 5066 3604 5132 Brun,
3648 5068 3720 5122 de
3761 5076 3948 5123 retour
3996 5068 4068 5122 66
4103 5067 4342 5152 Geneve²

2435 5133 2751 5189 reeoherent
2782 5136 3211 5206 publiquement,
3257 5151 3318 5189 ce
3354 5135 3487 5188 dont
3522 5151 3593 5189 on
3637 5136 3720 5190 fut
3754 5136 3824 5190 de
3870 5152 4116 5190 nouveau
4160 5140 4232 5192 ob
4258 5139 4270 5151 ⁹

2395 5152 2469 5258 ge
2501 5219 2561 5257 se
2595 5202 2830 5258 desistet
2860 5206 3107 5276 iusqu'en
3142 5206 3264 5260 Iuin
3298 5202 3368 5258 οιὶ
3400 5202 3586 5257 Fleuri
3620 5205 3690 5259 de
3723 5206 3779 5259 la
3795 5205 4019 5260 Rivoire
4052 5205 4274 5272 (Florio

2397 5278 2557 5397 υἷι-ἔ
2588 5272 2840 5328 ministre
2883 5274 3092 5344 euvoye
3132 5275 3203 5329 66
3248 5272 3509 5328 surcroist
3553 5289 3927 5343 recommeuca
3968 5275 4039 5328 de
4082 5276 4343 5344 prescber

2396 5359 2472 5412 pu
2535 5342 2826 5413 'quemeut

3861 5425 3939 5479 7*
