4850 6117
259 445 371 511 513

257 630 374 698 His
431 627 605 696 enim
665 625 865 694 simul
925 626 1227 695 omnibus
1290 648 1335 712 p
1447 625 1463 642 ⁶
1556 627 1869 695 miserum
1913 626 2172 695 Galliae

258 735 517 801 regnum
561 735 603 780 a
643 714 928 781 Domino
969 733 1104 779 non
1147 720 1284 779 tam
1324 715 1398 780 vi
1443 720 1592 779 etur
1629 715 1933 799 castigari
1975 735 2173 799 quam

259 801 334 869 ad
370 801 877 867 internecionem
918 796 1141 867 deleri.
1220 797 1357 866 Sed
1398 805 1622 866 tamen
1663 801 1830 868 vivit
1847 799 2175 866 Dominus

260 896 319 954 et
352 886 573 970 procul
613 885 814 952 dubio
871 905 1024 952 suos
1079 885 1400 969 respiciet,
1465 892 1535 952 et
1587 888 1852 952 omnino
1906 885 2175 966 confido,

259 975 309 1041 si
349 971 449 1037 vel
486 992 618 1038 una
654 970 844 1038 nobis
895 972 1181 1054 supersit
1232 970 1522 1052 Aurelia,
1586 981 1838 1039 certum
1880 970 2175 1038 hostibus

258 1058 514 1126 exitium
555 1057 917 1123 imminere.
982 1056 1131 1122 Iam
1171 1058 1348 1123 euim
1390 1066 1639 1123 certum
1682 1065 1782 1124 est
1803 1057 2176 1142 Anglorum

257 1141 598 1211 subsidium
642 1141 1077 1228 quadraginta
1117 1142 1399 1210 navibus
1440 1142 1512 1207 in
1541 1143 2018 1209 Normanniam
2059 1161 2175 1225 ap-

256 1230 479 1314 pulisse
504 1232 590 1305 ¹¹)
632 1237 701 1293 et
760 1227 844 1294 ad
900 1227 1072 1294 diem
1129 1250 1243 1295 xv.
1293 1227 1493 1294 huius
1546 1228 1791 1295 mensis
1831 1227 2178 1294 Andelotus

257 1314 612 1382 Admiraldi
653 1315 858 1379 frater
900 1334 1048 1380 cum
1085 1314 1341 1381 selectis
1364 1313 1846 1381 Germanorum
1881 1313 2176 1397 equitum

257 1401 450 1467 tribus
491 1410 557 1465 et
598 1398 891 1484 peditum
933 1400 1220 1484 quinque
1252 1399 1543 1466 millibus
1572 1398 1970 1484 Campaniae
2012 1400 2177 1465 fines

256 1483 625 1571 ingreditur.

408 1573 625 1655 Atque
668 1570 925 1639 utinam
968 1593 1084 1638 vos
1126 1591 1377 1655 quoque
1418 1567 1684 1636 tandem
1726 1570 2216 1657 expergefiatis„

257 1666 318 1722 et
368 1656 848 1723 Germanorum
902 1658 1288 1742 Principum
1360 1656 1733 1741 exemplum
1808 1655 2176 1723 imitemini.

258 1742 416 1809 'Nam
457 1743 511 1809 si
566 1741 661 1807 ita
718 1750 890 1808 esset
944 1764 1102 1809 mox
1144 1742 1510 1809 mirabilem
1551 1763 1772 1808 rerum
1814 1741 2182 1809 conversio-

258 1850 395 1893 nem
430 1836 625 1911 atque
667 1826 828 1894 adeo
869 1837 1184 1913 papatum
1244 1849 1511 1913 prorsus
1553 1848 1856 1894 eversum
1894 1827 2180 1912 profecto

257 1913 780 1997 conspiceremus.
863 1914 1121 1980 Verum
1162 1936 1248 1980 ne
1289 1915 1347 1979 si
1388 1914 1579 1980 aliter
1630 1912 1891 1998 quidem
1933 1911 2183 1979 accidat

258 1998 751 2083 desperabimus,
796 2000 1102 2085 quoniam
1145 2020 1294 2083 spes
1335 2009 1562 2065 nostra
1602 1997 1674 2064 in
1712 1998 1907 2065 coelis
1940 1996 2182 2064 residet

258 2105 370 2168 quo
408 2085 783 2169 pertingere
847 2105 977 2150 non
1032 2092 1309 2169 possunt
1361 2084 1651 2151 hostium
1706 2105 1959 2150 manus.
2050 2086 2181 2150 Ar-

257 2171 544 2255 gentinae
608 2169 843 2254 reliqui
906 2171 1219 2255 principis
1289 2170 1627 2237 Gondeneis
1688 2189 1963 2249 socrum,
2029 2190 2180 2236 cum

257 2257 527 2341 quinque
561 2256 740 2323 illius
775 2255 1017 2336 liberis,
1054 2254 1124 2321 id
1158 2262 1263 2322 est
1296 2256 1571 2321 sexenni
1599 2255 1756 2334 filia,
1793 2253 2180 2339 quadrienni

257 2341 395 2420 filio,
456 2341 668 2408 altera
708 2342 954 2408 trienni
994 2342 1134 2407 filia
1187 2349 1254 2408 et
1310 2341 1562 2409 duobus
1604 2342 2022 2407 semestribus
2065 2361 2181 2425 ge·

257 2428 467 2494 mellis.
491 2427 578 2512 12)
666 2428 897 2512 Neque
940 2429 1115 2493 enim
1171 2428 1334 2494 haec
1389 2426 1583 2493 turba
1633 2427 1740 2493 vel
1784 2427 1960 2493 domi
2020 2427 2179 2493 satis

259 2519 390 2578 tuta
438 2533 580 2580 esse
648 2513 965 2580 adversus
1020 2513 1410 2599 populorum
1483 2511 1731 2579 rabiem
1784 2533 1901 2596 per
1954 2532 2180 2579 omnes

260 2619 433 2682 agros
454 2600 731 2666 effusam
754 2609 870 2666 aut
878 2598 1376 2666 Aurelianensis
1397 2596 1750 2673 obsidionis
1771 2596 2183 2665 incommoda

260 2685 561 2751 sustinere
628 2686 964 2769 potuisset.
1052 2685 1344 2752 Uxorem
1396 2692 1619 2750 tamen
1664 2683 1970 2765 Princeps
2030 2702 2180 2749 cum

259 2768 383 2835 filio
440 2778 607 2837 natu
670 2772 960 2837 maximo
1014 2791 1236 2837 secum
1313 2771 1601 2835 retinuit.
1688 2768 2075 2836 Amiraldus
2095 2772 2180 2846 ¹⁸)

260 2874 494 2939 quoque
535 2864 606 2923 et
647 2857 760 2923 alii
800 2856 1066 2940 plurimi
1107 2858 1359 2942 primae
1401 2854 1756 2920 nobilitatis
1801 2875 1951 2920 suas
1993 2855 2180 2920 fami·-

259 2934 369 3007 lias
407 2942 495 3007 ibi
537 2963 765 3009 secum
807 2943 1069 3021 habent,
1110 2942 1284 3025 quod
1327 2942 1512 3007 triste
1554 2940 1989 3024 spectaculum
2049 2940 2180 3004 uti-

259 3047 398 3091 nam
430 3028 697 3094 tandem
732 3049 957 3094 omnes
993 3028 1420 3094 christianam
1442 3028 1778 3093 caritatem
1799 3027 2180 3110 profitentes

260 3124 666 3180 commoveat.

410 3199 763 3265 Caeterum
821 3198 991 3282 quod
1047 3198 1130 3263 ad
1186 3219 1294 3265 me
1346 3199 1657 3283 privatim
1697 3199 1947 3278 attinet,
2013 3218 2182 3264 uxor

260 3281 373 3348 Dei
433 3283 745 3351 beneficio
804 3285 1151 3350 incolumis
1193 3284 1634 3369 Argentinam
1683 3286 1993 3368 pervenit,
2065 3283 2182 3351 ubi

259 3378 499 3437 coactus
540 3391 694 3437 sum
753 3369 1073 3437 defessam
1128 3367 1211 3435 ad
1264 3378 1524 3454 tempus
1565 3368 1949 3452 relinquere.
2034 3371 2182 3453 Ego

260 3453 334 3518 ad
373 3475 590 3522 meum
633 3464 896 3539 portum
926 3456 1006 3541 ¹⁴)
1051 3463 1359 3536 revertor,
1426 3456 1537 3521 ubi
1582 3475 1663 3520 an
1710 3456 1868 3520 satis
1912 3456 2037 3519 tuti
2079 3455 2181 3520 fu-

261 3540 378 3604 turi
437 3542 662 3622 simus,
727 3543 863 3608 imo
928 3542 1130 3607 etiam
1192 3563 1280 3608 an
1343 3540 1589 3608 diutius
1650 3542 1774 3606 sim
1840 3539 2181 3620 haesurus,

259 3627 477 3692 nescio.
565 3627 763 3710 Quod
822 3627 996 3693 enim
1054 3628 1335 3693 suaserit
1389 3626 1677 3706 ecclesia,
1741 3625 1865 3692 hoc
1921 3625 2182 3691 demum

260 3712 584 3778 consilium
630 3734 884 3797 sequar.
948 3714 1193 3794 Habes,
1239 3714 1331 3778 mi
1364 3721 1566 3797 pater,
1610 3711 1877 3796 longam
1920 3720 1989 3777 et
2029 3712 2183 3777 tris-

260 3802 379 3861 tem
420 3799 780 3881 epistolam‚
826 3800 938 3867 sed
982 3800 1042 3866 is
1084 3806 1260 3866 certe
1301 3819 1408 3864 me
1450 3797 1886 3865 consolabitur
1927 3798 2038 3883 qui
2080 3797 2184 3863 lu-

259 3890 469 3963 gentes
510 3886 737 3953 beatos
778 3885 916 3951 fore
956 3884 1366 3969 pronunciat.
1444 3883 1805 3968 Rogandus
1841 3890 1940 3950 est
1981 3884 2185 3968 igitur

260 3974 430 4047 pater
470 3970 786 4050 coelestis,
855 3971 910 4037 si
951 3990 1241 4054 unquam
1296 3970 1475 4035 alias.
1566 3968 1759 4051 Quod
1801 3989 1842 4033 a
1881 3969 2071 4035 vobis
2117 3975 2186 4034 et

261 4050 538 4139 Reginae
587 4057 1015 4136 Navarrenae,
1082 4055 1480 4122 fortissimae
1536 4076 1613 4121 ac
1675 4077 1832 4121 vere
1885 4054 2185 4121 heroicae

260 4136 475 4208 indolis
529 4145 870 4222 foeminae,
935 4150 1003 4208 et
1064 4142 1276 4225 ipsius
1322 4141 1662 4208 Condat-<533
1703 4148 1769 4206 et
1810 4141 2183 4208 Admirazdi

262 4234 322 4286 et
357 4236 755 4295 caeterorum
812 4228 1386 4294 innumerabilium
1441 4228 1719 4292 fratrum
1762 4228 2025 4293 nomine
2069 4227 2183 4293 ob-

416 4464 510 4535 11)
545 4467 670 4522 eide
695 4466 1117 4536 praecedentem.

416 4535 509 4602 12)
544 4535 699 4592 Hine.
729 4537 850 4592 ecel.
884 4536 952 4590 11.
991 4534 1122 4589 102.-
1188 4536 1236 4590 11
1286 4536 1483 4591 manda
1529 4535 1567 4590 a
1599 4535 1743 4589 Mad.
1797 4533 1867 4588 de
1912 4534 2067 4605 Roye
2124 4550 2187 4589 sa

261 4597 558 4679 belle-mere
598 4620 737 4673 pour
780 4622 842 4660 sa
886 4604 1103 4660 scurete
1149 4604 1342 4674 qu’elle
1382 4621 1442 4658 se
1483 4606 1707 4658 retii-ast
1752 4619 1820 4656 en
1868 4602 2185 4674 Alemagne,

261 4681 323 4719 ou
362 4672 460 4726 elle
500 4674 728 4742 pouvoit
776 4676 1054 4740 beaucoup
1099 4674 1291 4740 servir,
1337 4689 1469 4727 avec
1501 4689 1589 4727 ses
1622 4671 1763 4744 petis
1798 4671 2001 4741 enfans,
2033 4672 2066 4725 ὸ
2100 4690 2184 4726 sa·

264 4737 370 4790 voir
386 4740 639 4810 Francois
673 4758 770 4796 son
804 4743 889 4796 fils
962 4741 1114 4796 uisne
1148 4741 1280 4812 uage
1307 4740 1586 4796 d'euvirou
1620 4746 1746 4811 sept
1778 4756 1875 4793 aus
1911 4740 2002 4811 [m.
2038 4740 2183 4810 Sept.

263 4802 386 4859 1558
416 4816 605 4865 numm
650 4811 787 4865 dicit
818 4810 909 4864 De
1000 4812 1133 4865 orde
1170 4827 1230 4879 p.
1266 4809 1377 4880 82],
1412 4811 1493 4864 les
1527 4811 1672 4864 deux
1717 4810 1886 4863 freres
1931 4810 2183 4863 iumeaux

263 4870 382 4929 dont
423 4878 476 4931 la
507 4879 789 4934 Prinoesse
837 4881 1004 4934 estoit
1046 4878 1342 4934 accouchee
1375 4896 1444 4932 au
1476 4880 1617 4933 mois
1650 4878 1857 4932 d’Avril
1888 4879 2183 4948 precedent

264 4948 317 4992 οἱ
345 4946 748 5017 mademoyselle
792 4948 861 5001 de
895 4947 1167 5003 Boni-bon.
1247 4947 1324 5001 Oe
1407 4946 1566 5001 u’elle
1600 4948 1664 5001 fit
1705 4952 1887 5001 estant
1930 4951 2043 5001 tres
2085 4947 2182 5001 ho-

263 5013 617 5087 norablement
645 5031 839 5070 receue
870 5024 929 5070 et
960 5018 1114 5085 loges
1150 5032 1218 5069 en
1252 5016 1307 5069 la
1437 5031 1469 5070 e
1503 5016 1572 5069 de
1608 5015 1835 5070 Strssbo
1963 5016 2181 5085 iusques

263 5080 380 5200 38712
419 5082 491 5137 fin
541 5085 609 5139 de
648 5085 705 5139 la
747 5102 961 5154 guerre.
1037 5085 1153 5153 (01.
1187 5084 1514 5150 vantome,
1551 5082 1744 5139 mon.
1791 5032 2063 5154 densium
2113 5084 2178 5138 P.

355 5148 404 5221 δ’
420 5151 732 5287 fil->lmus
772 5222 921 5289 filias
962 5228 1101 5279 nutu
1153 5222 1427 5278 maximus
1463 5221 1689 5293 Gaepar
1720 5223 1802 5279 ὧι·
1832 5237 2006 5291 nuper
2035 5226 2183 5291 pom

264 5282 788 5425 οὸσἬίιεθῙυοναι.
853 5291 1192 5362 (Delabordc
1218 5306 1277 5360 p.
1311 5290 1456 5357 124.)

598 5375 831 5416 mmm.

453 5444 669 5502 Calvina·
695 5462 881 5517 opera.
962 5447 1077 5502 Vol.
1112 5443 1283 5501 XIX.

1905 441 2068 506 1562
2107 438 2561 508 SEPTEMB.

4091 441 4229 505 514

2271 628 2433 695 nixe
2472 633 2645 713 peto,
2703 628 3027 713 simulque
3067 627 3206 709 tibi,
3258 627 3352 696 mi
3392 634 3597 714 pater,
3654 650 3732 697 ac
3774 628 3859 695 D.
3905 626 4215 714 martyri,

2269 714 2355 780 D.
2405 714 2769 794 Gualthero,
2811 716 3211 799 caeterisque
3252 715 3325 780 in
3369 717 3654 782 Domino
3697 716 4053 801 plurimum
4093 713 4214 781 ob·

2271 800 2613 885 servandis
2669 801 2982 868 fratribus
3037 802 3253 868 fausta
3295 821 3371 868 ac
3412 802 3623 870 felicia
3677 802 3898 868 omnia
3953 819 4221 889 precor,

2271 885 2575 953 Basileae
2614 886 2883 955 Galend.
2927 886 3261 971 Septemb.

3522 1026 3707 1091 Tuus
3747 1025 3944 1091 Beza.
3960 1026 4043 1103 ¹⁵)

3153 1569 3353 1643 3846.

2785 1723 3072 1791 VIRET
3115 1726 3181 1792 A
3221 1724 3702 1796 D’ANDUZE.

2455 1896 2533 1962 Il
2593 1894 2854 1962 denonce
2915 1896 2982 1962 la
3043 1896 3320 1964 conducite
3358 1899 3435 1964 de
3486 1899 3754 1965 certain-9
3799 1898 4235 1966 Tmaousains

2281 1982 2395 2065 qui
2438 1986 2542 2048 ont
2583 1980 2911 2047 kichement
2943 1981 3135 2064 quiue
3167 1982 3349 2066 Lyon
3383 1983 3428 2049 ὰ
3466 1983 3815 2069 Papproche
3854 1985 3944 2051 du
3984 1984 4223 2069 danqer

2280 2073 2340 2135 et
2378 2088 2448 2135 se
2487 2072 2625 2134 sont
2663 2067 2886 2133 retires
2925 2067 2969 2133 ἁ
3014 2067 3268 2135 (ἔθηὲυε.

2279 2237 2659 2310 (Autographe
2693 2236 2763 2291 de
2796 2237 2852 2292 la
2884 2235 3263 2310 Bibliotheque
3296 2240 3367 2295 de
3402 2238 3633 2296 Geneve.
3677 2240 3799 2297 vol.
3834 2239 3953 2313 197,
3982 2241 4075 2297 fol.
4108 2241 4229 2310 42.)

2332 2495 2346 2508 ·
2456 2409 2510 2473 A
2536 2408 2876 2475 Monsieur
2915 2408 3249 2477 d'Anduze
3291 2410 3485 2479 fidele
3503 2410 3802 2479 Ministro
3823 2412 3905 2481 de
3945 2412 4217 2481 l'Evan-

2282 2494 2432 2580 gae·
3080 2566 3085 2571 ¹
3648 2584 3714 2649 A
3755 2582 4048 2653 Geneve.

2457 2749 2529 2818 S.
2600 2752 2741 2836 I’ay
2791 2754 2931 2817 este
2986 2751 3204 2835 requis
3257 2771 3379 2834 par
3419 2753 3535 2819 Mt.
3568 2752 3859 2820 Barelles
3912 2755 4223 2822 Ministro

2285 2836 2367 2903 de
2407 2837 2683 2921 l'Eglise
2718 2837 2798 2902 de
2820 2835 3099 2903 'Pholose
3134 2841 3182 2914 ¹)
3225 2835 3529 2902 d’escrire
3564 2860 3604 2904 a
3625 2839 3965 2906 Monsieur
3995 2839 4223 2908 Calvia

2285 2921 2376 2988 du
2418 2930 2571 2988 tour
2613 2943 2737 3007 que
2779 2923 3060 2990 certains
3102 2921 3182 2988 de
3226 2921 3501 2989 Tholose
3543 2925 3659 3006 qui
3711 2930 4062 3012 s’estoyent
4109 2928 4224 3012 icy

2282 3009 2519 3074 retii-ez
2559 3029 2728 3074 nous
2767 3016 2884 3075 ont
2922 3009 3063 3073 fait.
3147 3008 3333 3074 Nous
3374 3008 3607 3075 avions
3661 3031 3855 3078 receu
3895 3011 4096 3078 letres
4136 3012 4223 3079 de

2282 3094 2547 3161 Nismes
2587 3115 2708 3178 par
2748 3116 2842 3160 un
2883 3092 3245 3161 conseillier
3277 3091 3360 3158 de
3392 3094 3673 3161 Tholose
3714 3116 3834 3180 par
3875 3096 4226 3182 lesquelles

2283 3181 2369 3246 ils
2411 3201 2578 3247 nous
2620 3186 3047 3266 asseuroyent
3088 3178 3203 3247 des
3256 3177 3466 3245 forces
3511 3180 3600 3246 du
3641 3181 4043 3267 Languedoc
4085 3183 4224 3250 ius-

2284 3286 2446 3350 ques
2489 3287 2531 3332 a
2570 3265 2733 3332 trois
2773 3286 2860 3331 ou
2900 3278 3129 3349 quatre
3168 3265 3346 3331 mille
3399 3265 3697 3332 hommes
3753 3289 3918 3351 pour
3974 3269 4227 3336 donner

2284 3371 2548 3419 secours
2589 3371 2630 3417 a
2667 3350 2941 3436 l'Eglise
2982 3349 3064 3416 de
3105 3350 3402 3431 Tholose,
3456 3352 3515 3418 si
3555 3352 3653 3417 les
3693 3352 3944 3438 fugitifs
3982 3356 4095 3439 qui
4137 3377 4226 3421 en

2282 3444 2587 3523 estoyent
2629 3438 2783 3505 hors
2825 3458 2864 3503 a
2906 3457 3099 3504 cause
3154 3436 3234 3503 de
3288 3436 3676 3522 l’Evangile,
3731 3441 3844 3522 qui
3899 3451 4016 3507 ont
4069 3441 4223 3507 bien

2281 3524 2626 3607 puissauce
2668 3523 2779 3609 d’y
2823 3523 3073 3589 donner
3127 3521 3314 3606 ayde,
3367 3544 3413 3621 y
3456 3523 3817 3610 vouloyent
3868 3526 4044 3593 aussi
4084 3547 4225 3593 em-

2281 3608 2512 3696 ployer
2563 3607 2644 3673 de
2693 3608 2868 3674 leurs
2919 3608 3125 3676 biens.
3195 3609 3329 3675 Car
3368 3608 3421 3672 11
3462 3632 3510 3694 y
3551 3631 3635 3676 en
3678 3631 3720 3676 a
3760 3611 3872 3695 qui
3914 3621 4028 3677 ont
4068 3610 4223 3678 bien

2283 3693 2364 3760 de
2407 3716 2601 3779 quoy.
2695 3694 2787 3761 Et
2840 3701 3154 3779 pom-tant
3206 3694 3340 3780 i'ay
3382 3706 3519 3761 este
3574 3695 3794 3779 requie
3850 3695 3932 3762 de
3988 3696 4083 3763 les
4137 3719 4226 3764 en

2283 3780 2618 3860 exhorter,
2661 3799 2912 3846 comme
2954 3780 3130 3847 aussi
3171 3781 3234 3845 ie
3275 3780 3406 3866 l’ay
3447 3780 3582 3848 fait.
3652 3786 3867 3865 Apres
3905 3803 4060 3848 mon
4102 3803 4225 3848 ex-

2283 3865 2616 3931 hortation
2668 3864 2751 3931 ils
2801 3872 2917 3930 ont
2970 3866 3091 3931 fait
3142 3866 3467 3932 semblant
3509 3864 3755 3932 d’avoir
3793 3867 3920 3934 bon
3963 3868 4226 3934 vouloir

2284 3972 2325 4016 a
2366 3971 2441 4017 ce
2483 3951 2664 4016 faire.
2745 3951 2838 4016 Et
2890 3958 3109 4016 estans
3165 3953 3397 4016 retirez
3451 3952 3781 4017 eusemble
3836 3961 3952 4018 ont
3993 3953 4224 4021 conclu

2285 4043 2475 4103 entre
2515 4058 2646 4102 eux
2680 4035 2871 4119 qu'ils
2904 4045 3376 4122 trouveroyent
3407 4057 3647 4122 moyen
3680 4037 3763 4102 de
3800 4038 4050 4104 fournir
4082 4040 4224 4106 ius·

2284 4143 2443 4207 ques
2487 4144 2529 4189 a
2569 4122 2832 4187 dixhuit
2881 4122 3058 4188 mille
3116 4131 3182 4187 et
3223 4123 3372 4205 cinq
3411 4142 3565 4188 cens
3608 4143 3795 4189 escus
3856 4144 4023 4207 pour
4084 4135 4229 4193 cest

2286 4209 2530 4275 affaire.
2609 4206 2698 4274 Ge
2750 4228 2998 4275 mesme
3047 4208 3196 4273 iour
3250 4207 3346 4273 les
3385 4207 3726 4275 nouvelles
3767 4208 3850 4275 de
3891 4210 3957 4275 la
3997 4212 4223 4295 prinse

2285 4292 2367 4360 de
2410 4295 2680 4362 Mascon
2735 4313 2904 4360 nous
2961 4293 3184 4360 furent
3236 4300 3579 4377 apportees
3598 4344 3615 4373 ,
3669 4294 3782 4376 qui
3834 4293 3932 4361 les
3986 4317 4225 4381 espon-

2283 4387 2632 4447 vanterent
2671 4379 3005 4445 tellement
3037 4379 3187 4462 qu'a
3227 4377 3419 4462 peine
3459 4388 3737 4462 peurent
3776 4378 3859 4444 ils
3903 4391 4073 4447 estre
4115 4404 4221 4448 re-

2285 4471 2481 4533 tenus
2523 4485 2597 4531 ce
2637 4485 2881 4531 mesme
2935 4465 3082 4529 iour
3124 4485 3205 4529 en
3248 4471 3420 4529 ceste
3461 4464 3633 4542 ville,
3688 4485 3939 4532 comme
3981 4468 4038 4532 si
4080 4476 4225 4536 tout

2285 4558 2434 4618 eust
2474 4559 2611 4618 este
2648 4550 2873 4635 perdu.
2941 4549 3034 4615 Et
3075 4569 3195 4633 par
3227 4549 3395 4613 ainsi
3437 4549 3519 4616 ils
3559 4550 3899 4635 perdirent
3939 4554 4118 4620 aussi
4157 4555 4225 4621 le

2454 4807 2547 4874 15)
2592 4805 2948 4888 Bullinum
2996 4805 3139 4861 hanc
3169 4818 3263 4886 pp.
3298 4804 3573 4885 ·Blaurero
3615 4806 3766 4888 nieft
3806 4806 3939 4863 haec
3980 4808 4192 4866 addens
4210 4832 4231 4863 .-

2280 4877 2585 4946 Epistolam
2628 4876 2766 4931 hanc
2810 4875 2933 4929 nde
2986 4890 3055 4929 ne
3091 4874 3421 4944 quibuslibet
3465 4890 3839 4941 communices,
3884 4878 4057 4947 magis
4089 4895 4228 4933 vero

2279 4961 2349 4999 ne
2392 4945 2568 4999 Besae
2625 4961 2745 4999 esse
2801 4944 3085 5015 quisquam
3139 4943 3424 5014 intelligat,
3486 4949 3715 5013 propter
3763 4947 4026 5000 Bernates
4072 4947 4239 5015 (vide

2275 5011 2481 5136 Q)
2484 5052 2546 5148 ο1)
2580 5079 2799 5136 L'Hia.
2836 5081 2957 5136 eod.
2989 5082 3092 5138 111.
3126 5082 3211 5136 11.
3256 5081 3342 5136 23.
3375 5080 3460 5136 63.
3494 5080 3737 5153 Pappelle
3769 5099 3842 5135 uu
3876 5082 4048 5162 esprit
4090 5088 4222 5152 trop

2283 5219 2564 5276 Ρεηωσὸω
2594 5218 2637 5272 il
2669 5218 2823 5299 avoit
2840 5218 3056 5288 disput&
3090 5236 3160 5300 en
3191 5151 4039 5302 pleinfflhmzmoeoalsssgeffl
4060 5149 4235 5274 (ξιξ

2276 5303 2657 5429 mhi-gns
2691 5303 2846 5343 avoir
2877 5287 3072 5358 eegard
3104 5306 3140 5342 a
3171 5304 3233 5343 ce
3268 5305 3364 5358 qm
3397 5295 3622 5358 pouvoit
3653 5289 3878 5343 advemr
3908 5286 4066 5342 d’une
4089 5288 4249 5343 telle·-

3746 5438 3817 5493 33

2279 5150 2563 5219 bouill-,ng
2608 5150 2937 5219 impetum,
2980 5156 3032 5205 a
3070 5157 3293 5206 raons-te
