4850 6117
626 394 764 457 163

634 579 921 656 vocavit,
967 589 1035 643 et
1077 576 1147 642 id
1190 576 1354 643 satis
1395 576 1771 657 honorifice,
1815 577 2014 644 misso
2058 578 2271 661 primo
2315 574 2589 661 syndico

632 675 705 734 ot
738 673 1158 749 procuratore
1192 663 1391 747 regio,
1435 682 1553 745 per
1587 683 1746 745 quos
1780 663 2043 748 rogavit
2076 671 2151 729 ut
2185 661 2268 728 ad
2302 682 2374 728 se
2409 662 2591 727 veni-

635 772 778 818 rem
813 764 881 815 et
913 749 997 815 ad
1032 768 1144 814 eos
1180 750 1292 831 qui
1326 747 1424 813 illi
1459 748 1763 814 assident.
1822 747 2016 830 Quod
2050 747 2193 816 feci.
2251 748 2347 814 Et
2377 748 2591 831 coepit

634 837 923 904 edictum
980 834 1157 919 regis
1210 854 1435 901 mense
1487 833 1660 899 Iulio
1716 834 2026 901 emissum
2082 854 2463 918 proponere,
2523 840 2590 898 et

635 923 900 1006 rogavit
934 941 1062 1003 quo
1097 929 1342 1000 autore,
1379 941 1508 1003 quo
1530 929 1807 987 vocante
1830 931 1899 986 et
1918 921 2157 1003 quibus
2190 919 2589 986 instantibus

634 1008 1055 1076 concionatus
1110 1027 1342 1084 essem,
1399 1016 1470 1070 et
1524 1004 1592 1071 id
1642 1027 1857 1091 genus
1900 1007 2045 1072 alia.
2127 1005 2462 1089 Respondi
2505 1004 2590 1071 ad

633 1093 913 1178 singula.
1003 1091 1256 1158 Audita
1308 1093 1729 1175 responsione
1782 1112 1946 1175 quae
2004 1092 2162 1158 satis
2221 1091 2388 1156 lenis
2444 1092 2587 1168 fuit,

632 1189 836 1265 prout
871 1178 986 1243 ille
1018 1185 1402 1244 reverenter
1436 1198 1544 1244 me
1578 1179 2027 1257 conveniebat,
2072 1178 2328 1256 secessi,
2361 1185 2441 1242 ut
2473 1176 2588 1242 ille

632 1284 786 1331 cum
830 1262 1269 1330 assessoribus
1313 1262 1728 1330 deliberaret:
1789 1271 1857 1329 et
1899 1263 2165 1329 tandem
2209 1273 2284 1329 ut
2322 1282 2587 1330 revoca-

634 1358 798 1417 runt
852 1359 1251 1434 rogaverunt
1304 1358 1384 1414 ut
1440 1350 1759 1433 tantisper
1817 1350 2309 1433 supersederem
2349 1369 2389 1413 a
2433 1369 2588 1415 con-

630 1434 1072 1520 61066,ᾶο666
1116 1443 1417 1501 66661616
1462 1434 2105 1519 Grannopolitanum
2148 1444 2218 1501 et
2260 1432 2585 1520 guberna—

633 1531 847 1589 torem
892 1522 1201 1587 certiores
1253 1520 1579 1587 fecissent.
1644 1520 2001 1605 Respondi,
2038 1542 2169 1587 non
2215 1541 2357 1587 esse
2401 1540 2585 1584 men-

633 1615 772 1674 tem
815 1608 992 1692 regis
1043 1615 1120 1672 ut
1160 1617 1430 1691 propter
1472 1606 1758 1674 edictum
1800 1607 2195 1691 praedicatio
2258 1604 2588 1690 evangelii

634 1692 1093 1779 prohiberetur
1152 1714 1272 1758 nec
1330 1692 1807 1776 impedirentur
1849 1693 2137 1759 ministri
2178 1699 2246 1758 et
2285 1693 2379 1775 pii
2424 1692 2587 1774 quin

632 1790 840 1865 agant
897 1778 1334 1929 praedicando
1399 1788 1467 1842 et
1530 1776 1853 1844 audiendo
1921 1778 2121 1844 verbo
2175 1775 2345 1866 quod
2400 1777 2588 1844 decet

636 1866 798 1949 pios.
937 1865 1107 1947 dque
1169 1866 1328 1930 satis
1394 1872 1701 1930 testatum
1773 1885 1915 1930 esse
1980 1885 2185 1947 quum
2250 1863 2586 1930 ministros

638 1951 898 2020 vocavit
939 1951 1022 2016 ad
1058 1950 1453 2034 colloquium
1495 1952 1605 2033 qui
1649 1949 1866 2032 palam
1909 1949 2291 2033 praedicant
2331 1951 2401 2015 in
2437 1949 2586 2014 aula

632 2046 703 2103 et
744 2038 815 2102 in
863 2036 1138 2102 urbibus
1183 2058 1391 2119 paene
1433 2036 1733 2102 omnibus
1776 2046 1999 2119 aperte
2038 2035 2420 2118 praedicant
2460 2036 2583 2099 mi·

631 2123 849 2202 nistri,
896 2132 969 2188 ut
1011 2122 1371 2200 Luduni,⁸)
1428 2130 1495 2186 et
1537 2122 1694 2188 alibi
1737 2122 2001 2206 passim,
2069 2123 2369 2204 quamvis
2421 2122 2587 2204 epis-

632 2209 779 2292 copi
845 2228 956 2274 eos
1020 2230 1156 2274 non
1213 2207 1617 2274 admiserint.
1714 2207 1806 2272 Et
1864 2217 2123 2273 tantum
2177 2207 2361 2272 abest
2425 2208 2586 2290 quin

633 2294 1125 2378 prohibeantur,
1186 2292 1357 2376 quod
1412 2294 1630 2377 potius
1675 2294 2097 2377 magistratus
2139 2293 2461 2359 incumbit
2502 2314 2585 2358 ne

632 2380 780 2464 91116
826 2400 937 2445 606
981 2377 1218 2444 turbet.
1307 2379 1401 2444 Et
1455 2378 1616 2444 satis
1670 2389 1897 2444 notum
1957 2391 2075 2457 est,
2142 2378 2301 2444 dum
2357 2378 2585 2445 concio

632 2468 729 2543 fit,
796 2465 1253 2549 magistratum
1318 2485 1470 2530 cum
1534 2463 1924 2530 satellitibus
1990 2484 2219 2531 curare
2290 2485 2375 2529 ne
2439 2464 2584 2546 quis

633 2559 854 2616 motus
888 2551 1022 2630 fiat,
1057 2549 1228 2632 quod
1264 2549 1571 2615 effectum
1605 2550 1729 2614 fuit
1764 2549 1870 2617 1116
1904 2551 1975 2615 in
2015 2549 2227 2632 prima
2255 2551 2580 2616 concione.

630 2636 896 2720 Rogavi
960 2645 1038 2700 ut
1081 2656 1228 2701 mea
1271 2644 1338 2701 et
1378 2635 1638 2719 piorum
1679 2635 1965 2701 conditio
2007 2658 2140 2701 non
2185 2645 2360 2702 esset
2401 2634 2581 2701 dete·

629 2722 768 2787 rior
822 2741 1017 2806 quam
1073 2730 1407 2804 pastorum
1448 2728 1517 2787 et
1557 2721 1814 2804 piorum
1855 2721 1966 2804 qui
2008 2721 2278 2787 Luduni
2320 2730 2475 2786 sunt
2516 2730 2583 2787 et

629 2806 808 2873 alibi.
908 2807 1076 2874 Plus
1132 2807 1294 2872 satis
1351 2808 1491 2891 pios
1545 2807 1745 2872 fuisse
1798 2806 1867 2871 in
1927 2807 2215 2873 tenebris
2269 2815 2336 2873 et
2391 2816 2582 2873 extra

629 2893 812 2960 viam
876 2892 1217 2959 abductos:
1292 2914 1426 2958 606
1487 2892 1913 2975 prohiberent
1975 2892 2188 2959 lucem
2253 2893 2579 2977 evangelii

630 2979 765 3046 illis
820 2980 1094 3063 proponi
1146 2987 1213 3044 et
1266 2979 1448 3044 viam
1492 2980 1789 3044 veritatis
1831 2978 2103 3045 ostendi.
2192 2978 2428 3044 Multis
2473 3001 2580 3045 ac-

629 3073 776 3129 16111
819 3073 918 3130 661
961 3064 1198 3147 quibus
1238 3065 1404 3131 moti
1446 3073 1602 3130 sunt
1620 3065 1747 3148 -qui
1789 3063 2081 3130 aderant.
2170 3065 2263 3130 Et
2305 3063 2428 3130 hoc
2473 3065 2582 3129 ad-

630 3149 790 3231 didi,
849 3171 958 3217 me
1015 3156 1324 3235 paratum
1379 3171 1523 3216 esse
1576 3150 1649 3215 in
1692 3151 1996 3216 omnibus
2038 3171 2288 3217 morem
2333 3170 2580 3235 gerere,

626 3236 745 3302 sed
780 3238 851 3301 in
888 3236 1011 3301 hoc
1044 3256 1179 3301 non
1214 3242 1653 3314 moverentur,
1696 3255 1819 3301 nec
1850 3244 2161 3320 putarent
2193 3257 2300 3301 me
2335 3246 2581 3302 temere

630 3321 881 3405 aliquid
925 3342 1120 3407 agere
1163 3330 1230 3387 et
1271 3320 1484 3387 studio
1519 3321 2005 3389 contradicendi
2039 3323 2097 3388 si
2136 3320 2400 3387 domino
2433 3343 2581 3388 meo

631 3415 701 3472 et
750 3407 1047 3492 ipsorum
1102 3427 1401 3490 parerem
1443 3406 1701 3473 iubenti
1742 3414 1820 3473 ut
1862 3408 2280 3493 evangelium
2323 3429 2579 3473 annun-

627 3494 819 3574 ciem,
876 3503 945 3559 et
997 3491 1313 3576 quamdiu
1353 3491 1463 3558 vel
1520 3492 1648 3557 duo
1705 3492 1952 3558 fuerint
1995 3496 2109 3578 qui
2165 3514 2272 3560 me
2315 3494 2585 3559 audiant

630 3580 850 3664 potius
912 3599 1265 3662 passurum
1328 3583 1605 3644 mortem
1671 3599 1866 3662 quam
1935 3600 2008 3645 os
2072 3580 2443 3647 contineam
2498 3601 2583 3647 ne

630 3664 1020 3749 praedicem.
1124 3661 1466 3730 Reductus
1521 3663 1603 3730 ab
1660 3663 1767 3730 his
1822 3666 1937 3748 qui
2003 3687 2108 3731 me
2173 3663 2584 3732 deduxerant

627 3753 892 3835 perrexi
946 3750 1026 3816 de
1068 3771 1266 3815 more.
1354 3748 1483 3815 Die
1525 3749 1707 3815 Iovis
1751 3750 2007 3816 oblatus
2050 3751 2176 3817 fuit
2218 3773 2380 3836 puer
2423 3752 2581 3837 bap-

632 3835 950 3915 tisandus,
1008 3834 1181 3919 quod
1225 3834 1529 3901 effectum
1571 3842 1674 3901 661
1714 3834 2069 3903 multorum
2115 3837 2582 3906 aedificatione.

630 3921 762 3987 Die
804 3921 1126 3988 dominico
1140 3923 1200 3996 ⁴)
1235 3920 1338 3987 bis
1370 3921 1790 3988 concionatus
1826 3943 1971 3987 sum
2007 3921 2122 3989 sed
2156 3922 2584 4006 frequentiori

630 4006 890 4092 populo.
978 4007 1147 4073 Heri
1162 4008 1223 4084 ὁ)
1267 4026 1427 4074 voce
1471 4004 1672 4072 tubae
1713 4007 2115 4090 proclamata
2154 4008 2341 4075 fuere
2373 4009 2585 4076 multa

630 4115 800 4178 quae
841 4094 1027 4179 prius
1070 4093 1331 4158 fuerant
1362 4092 1783 4177 proclamata,
1821 4092 2184 4176 prohibitos
2219 4102 2583 4163 conventus

632 4199 861 4247 omnes
918 4188 984 4244 et
1042 4178 1216 4262 qnod
1272 4178 1535 4244 nonnisi
1598 4177 1758 4245 locis
1801 4180 2129 4246 consuetis
2171 4180 2583 4263 praedicetur

632 4274 702 4332 et
756 4266 1262 4331 restituerentur
1294 4263 1558 4348 templa.
1647 4263 1783 4330 Nos
1826 4264 2189 4332 concionati
2231 4287 2464 4332 sumus
2507 4275 2584 4333 ut

679 4353 837 4418 rius.
939 4351 1219 4417 Peracta
1287 4351 1594 4416 concione
1645 4350 1946 4417 minister
2002 4350 2376 4418 viceballivi
2431 4374 2582 4419 cum

629 4373 841 4503 literis
903 4435 1082 4501 illius
1134 4457 1242 4501 me
1294 4436 1603 4502 convenit
1656 4435 1975 4520 iussitque
2031 4445 2108 4502 ut
2164 4438 2581 4506 restituerem

632 4523 976 4607 templum,
1053 4542 1376 4587 cessarem
1439 4543 1480 4588 a
1541 4521 1850 4590 concione
1912 4530 1982 4588 et
2044 4522 2172 4589 alia
2237 4523 2580 4606 quaedam.

633 4609 808 4675 Petii
847 4606 1185 4691 exemplar
1218 4606 1580 4676 literarum.
1631 4607 1768 4695 *Pii
1824 4629 2052 4676 omnes
2096 4609 2233 4675 fere
2277 4608 2583 4675 adierunt

632 4693 1092 4761 viceballivum
1136 4693 1562 4776 suscipientes
1605 4713 1887 4760 causam.
1969 4692 2355 4775 Queruntur
2389 4695 2470 4761 de
2504 4716 2582 4762 eo

632 4779 809 4863 quod
861 4780 1079 4864 pergit
1119 4779 1210 4843 ita
1253 4786 1331 4843 ut
1373 4779 1597 4844 omnia
1641 4778 1914 4846 tendant
1956 4780 2040 4846 ad
2082 4779 2471 4848 seditionem
2514 4790 2582 4849 61

633 4865 960 4932 1611161166
994 4863 1368 4942 movendos,
1404 4864 1516 4930 11111
1550 4865 1769 4930 0161116
1792 4873 2021 4948 pacate
2043 4868 2278 4933 fierent
2302 4888 2343 4933 a
2371 4868 2580 4949 nobis,

632 4959 778 5017 tum
820 4952 889 5016 in
934 4948 1350 5017 concionibus
1393 4958 1533 5015 tum
1576 4950 1649 5015 in
1683 4949 1848 5030 aliis,
1891 4960 1959 5017 et
1991 4973 2143 5018 enm
2177 4974 2308 5019 606
2343 4953 2579 5020 debere

833 5171 899 5376 ἐξ
929 5238 1404 5366 Ξᾶσὲοωᾶοῑώατε
1473 5307 1575 5364 1)16
1609 5310 1966 5365 antecedente
1998 5311 2037 5366 ε’.
2072 5327 2116 5367 e.
2158 5311 2434 5369 Sabbatffi

2141 383 2669 455 EPIS'POLAE
2711 386 2959 452 3645-
2969 387 3135 452 3647

4504 389 4612 456 164

2690 574 2787 640 ita
2819 574 3067 640 moveri
3105 575 3187 642 ob
3220 575 3534 643 sacellum
3569 574 3741 660 quod
3777 574 4079 642 omnibus
4112 583 4214 641 661
4247 575 4608 659 expositum,

2689 661 2888 726 etiam
2944 658 3322 728 ludionibus
3378 669 3446 726 et
3500 657 3931 728 histrionibus
3990 670 4056 726 et
4113 660 4219 727 his
4271 662 4386 746 qni
4438 682 4611 747 nego-

2689 747 2972 813 tiantur:
3020 766 3131 812 eos
3173 767 3316 813 esse
3359 745 3977 830 obsequentissimos
4016 747 4216 813 iussis
4248 746 4462 833 regiis.
4532 746 4613 814 Et

2689 832 3029 916 protestati
3092 839 3265 912 sunt,
3341 832 3400 900 si
3462 831 3619 916 quid
3681 831 3870 899 fieret
3932 840 4163 899 contra
4225 832 4610 900 voluntatem

2688 919 2863 1003 regis
2897 926 2967 982 et
2998 918 3212 985 edicta
3229 918 3456 1002 ipsius,
3490 920 3705 1003 ipsum
3754 939 3895 985 esse
3923 925 4236 998 autorem,
4271 917 4610 1002 petierunt-

2688 1024 2814 1088 que
2856 1013 2934 1070 nt
2970 1005 3193 1070 omnia
3235 1026 3404 1089 91166
3446 1025 3566 1089 per
3606 1005 3821 1089 ipsum
3865 1012 4013 1071 acta
4054 1004 4316 1071 fuerant
4357 1004 4513 1089 ipsis
4548 1004 4612 1071 in

2690 1091 2951 1173 scriptis
2993 1089 3329 1170 darentur,
3374 1098 3452 1157 ut
3492 1091 3977 1175 vicegerentem
4021 1091 4363 1157 certiorem
4405 1087 4611 1156 redde-

2688 1183 2840 1241 rent
2902 1184 2968 1241 et
3032 1176 3196 1242 alios
3261 1197 3425 1260 quos
3491 1185 3876 1261 oporteretz.
3914 1174 4152 1259 quibus
4213 1175 4327 1242 ille
4386 1176 4609 1242 annuit

2689 1260 2936 1327 Omnia
2972 1263 3174 1328 missa
3213 1262 3396 1328 fuere
3438 1261 3522 1328 ad
3558 1264 4037 1347 vicegerentem
4072 1260 4525 1346 gubernatoris
4552 1263 4612 1328 in

2687 1347 3115 1427 Montiliensi,
3136 1349 3194 1425 θ)
3275 1348 3390 1430 9111
3454 1370 3584 1414 11011
3649 1351 3872 1415 minus
3936 1368 4184 1430 aequus
4244 1347 4373 1413 fuit
4435 1367 4612 1431 quam

2685 1433 2827 1515 ipse
2868 1432 3307 1511 viceballivus,
3355 1442 3422 1500 et
3462 1435 3705 1499 iterum
3745 1441 4015 1518 rogatus
4058 1453 4210 1498 eum
4253 1453 4327 1498 se
4363 1433 4612 1516 praesti-

2687 1519 2772 1584 tit
2828 1520 2942 1602 qui
2998 1520 3201 1602 prius.
3294 1519 3433 1586 Nos
3486 1521 3740 1586 interea
3782 1520 4211 1605 pergebamus
4254 1528 4323 1584 et
4365 1517 4612 1585 scalena

2687 1606 3046 1672 crescebat:
3092 1604 3486 1672 accedebant
3528 1616 3596 1671 et
3638 1606 3865 1671 exteri.
3938 1604 4231 1670 Tandem
4274 1605 4496 1670 visum
4526 1611 4614 1670 est

2687 1688 3246 1775 supersedendum
3288 1713 3432 1758 esse
3475 1711 3516 1756 a
3555 1691 3793 1758 sacello
3829 1700 3896 1757 et
3931 1690 4282 1774 dispositae
4331 1697 4489 1755 sunt
4518 1709 4611 1754 ae·

2688 1775 2821 1856 des,
2876 1797 3044 1860 quae
3086 1776 3244 1842 olim
3296 1777 3479 1843 fuere
3524 1797 3810 1843 uxorum
3853 1777 4131 1842 fratrum
4179 1773 4522 1842 Gauchcrii
4555 1783 4613 1841 61

2690 1861 2968 1941 Claudii,
3023 1863 3278 1945 amplae
3322 1863 3480 1930 satis
3524 1872 3591 1928 61
3632 1864 3966 1946 appositae
4007 1861 4091 1928 ad
4132 1862 4475 1928 conciones
4513 1880 4642 1926 au-’

2687 1946 2978 2025 diendas,
3012 1949 3086 2013 in
3115 1949 3349 2031 quibus
3385 1947 3578 2014 hodie
3612 1947 3897 2032 puellam
3931 1949 4064 2014 mei
4082 1947 4397 2032 patruelis
4424 1945 4614 2031 bapti·

2686 2033 2979 2099 savimus
3033 2034 3456 2117 frequentiori
3508 2035 3764 2118 populo.
3852 2034 4182 2100 Existimo
4225 2033 4613 2100 adversarios

2687 2139 2807 2185 606
2851 2140 3158 2203 passuros
3202 2122 3419 2203 quiete
3462 2141 3751 2205 pergere.
3838 2119 4099 2187 Delecti
4143 2127 4299 2186 611111
4342 2119 4611 2186 seniores

2686 2203 3047 2284 duodecim,
3102 2213 3170 2272 et
3220 2208 3293 2270 in
3345 2205 3467 2273 hoc
3518 2227 3744 2273 sumus
3786 2214 3864 2271 ut
3904 2227 4024 2289 per
4062 2205 4358 2292 singulos
4401 2203 4614 2269 domus

2685 2292 3144 2357 examinentur
3209 2291 3278 2356 111
3343 2293 3468 2376 9111.
3520 2291 3603 2357 ad
3667 2311 3937 2359 coenam
4004 2300 4160 2358 sunt
4223 2287 4610 2356 admittendi.

2685 2376 2747 2441 N
2750 2398 2824 2443 ec
2881 2385 3041 2461 puto
3099 2377 3222 2444 hoc
3276 2377 3528 2444 absolvi
3582 2399 3771 2461 posse
3813 2386 3950 2443 1010
3993 2376 4116 2445 1106
4158 2397 4404 2442 166666.
4488 2373 4612 2440 Ad·

2685 2464 2944 2529 iunctus
2987 2470 3088 2528 est
3129 2464 3293 2529 mihi
3336 2464 3576 2530 Petrus
3620 2464 3989 2529 Reinardus
4029 2463 4141 2546 qui
4185 2463 4297 2528 diu
4334 2463 4472 2548 egit
4501 2461 4615 2527 Lo-

2685 2568 2959 2615 sannae:
2995 2550 3054 2614 is
3085 2550 3211 2616 61111
3245 2570 3548 2616 auroram
3585 2549 3854 2616 brevem
3885 2549 4087 2615 habet
4106 2549 4613 2615 exhortationem

2684 2634 2790 2699 cui
2850 2635 3221 2718 frequentes
3274 2635 3514 2701 adsunt
3555 2634 3862 2718 quotidie,
3910 2644 3977 2700 et
4019 2635 4361 2702 dominicis
4406 2631 4614 2698 diebus

2684 2720 3057 2787 catechesin
3112 2720 3312 2787 habet
3363 2721 3575 2786 multa
3634 2719 4096 2787 aedificatione.
4186 2719 4503 2804 Superest
4548 2722 4613 2782 ut

2683 2827 2805 2871 nos
2875 2805 3342 2873 commendetis
3408 2807 3692 2872 Domino
3757 2811 3825 2872 et
3889 2814 4096 2872 totam
4157 2805 4495 2873 ecclesiam
4554 2807 4613 2867 et

2683 2912 2909 2959 omnes
2964 2893 3075 2977 qui
3129 2894 3464 2976 suspirant
3520 2892 3604 2958 ad
3660 2893 3956 2969 verbum,
4020 2913 4297 2976 quorum
4352 2908 4612 2975 magnus

2683 2984 2787 3044 est
2827 2999 3159 3045 numerus.
3230 2979 3555 3046 Dominus
3599 2987 3891 3063 pastores
3928 2977 4061 3045 illis
4102 2978 4441 3063 largiatur.
4507 2974 4611 3039 Iu-

2681 3061 2830 3129 bete
2894 3084 3124 3130 omnes
3176 3064 3480 3132 ecclesias
3534 3064 3790 3148 precari
3845 3083 3966 3149 pro
4020 3064 4224 3131 nobis.
4327 3061 4613 3130 Salutate

2683 3150 3081 3232 praefectum
3113 3157 3180 3216 et
3212 3160 3517 3217 senatum
3550 3157 3618 3216 et
3650 3151 3792 3235 pios
3824 3170 4070 3217 omnes.
4146 3150 4269 3216 Pie
4301 3170 4425 3216 vos
4458 3145 4613 3214 salu·

2683 3243 2829 3301 tant
2868 3235 2941 3301 in
2982 3237 3286 3302 Domino.
3374 3234 3658 3321 Vapinci
3707 3239 3803 3302 13.
3851 3234 4211 3303 decembris
4259 3239 4445 3300 1561.
4592 3314 4606 3329 ι

2854 3322 3105 3403 Boni'1)
3168 3322 3505 3400 consulite,
3585 3324 3821 3389 fratres
3885 3343 4081 3408 quam
4153 3320 4492 3397 carissimi,
4560 3335 4614 3382 61

2684 3407 2848 3474 haec
2906 3408 3108 3476 variis
3169 3408 3474 3475 manibus
3533 3408 3899 3492 conscripta
3959 3409 4159 3474 fuere.
4267 3406 4615 3491 Coeperam

2685 3492 2932 3561 dictare
2987 3515 3107 3579 per
3159 3515 3314 3562 eum
3370 3515 3569 3578 quem
3610 3494 3902 3562 nancisci
3944 3503 4262 3578 poteram,
4317 3502 4390 3560 et
4431 3506 4615 3576 quum

2683 3599 2826 3646 sese
2868 3589 3217 3663 appararet
3257 3580 3341 3647 ad
3384 3582 3560 3648 viam
3593 3581 3652 3646 is
3740 3581 3812 3645 ui
3847 3579 4194 3646 Genevam
4229 3576 4613 3672 mittebatur.

2685 3665 2885 3746 volui,
2951 3687 3153 3749 quum
3216 3666 3390 3733 alius
3453 3686 3586 3732 non
3734 3673 3923 3746 esset,
3988 3686 4187 3749 opera
4250 3664 4457 3749 ipsius
4505 3666 4613 3726 611.

2682 3751 2858 3817 Nam
2924 3772 3076 3818 mox
3140 3772 3180 3818 a
3235 3750 3511 3836 prandio
3564 3750 3962 3818 studendum
4014 3758 4174 3817 erat.
4271 3749 4615 3842 Gonoiones

2728 3836 3103 3904 uotidianae
3138 3858 3475 3922 nunquam
3509 3838 3920 3905 intermissae
3944 3845 4013 3904 et
4045 3838 4421 3904 visitatores
4441 3830 4614 3900 mult!

2683 3935 2777 3990 1ta
2798 3944 2904 3988 me
2927 3933 3234 4007 premunt
3277 3931 3353 3988 ut
3394 3923 3564 4009 quod
3607 3924 3909 3993 volebam
3954 3944 4073 4008 per
4107 3943 4213 3989 me
4247 3944 4381 3989 non
4417 3918 4615 3989 value-

2684 4010 2812 4075 rim
2854 4008 3132 4077 efficere.
3222 4007 3476 4076 Valete.

3777 4146 4018 4213 Vester
4057 4146 4129 4212 in
4175 4144 4460 4211 Domino

3967 4230 4287 4298 Farellus.

2687 4438 3272 4566 6613)οέἕαῖφέ
3305 4438 3566 4593 1935?
3590 4439 3787 4565 ..aa
3848 4478 3929 4563 ..1
3942 4436 4060 4563 911
4095 4433 4608 4564 &mm

2890 4576 2951 4647 7)
2986 4577 3247 4634 Fanum
3279 4577 3479 4633 amm
3509 4591 3650 4646 apr.
