4850 6117
373 409 503 470 1⁷7

368 595 531 664 iecit
570 597 642 662 in
686 596 976 664 latrinas.
1053 599 1148 664 Et
1190 619 1563 684 quanquam
1606 599 1947 668 convictus
1991 602 2085 669 ita
2126 603 2325 688 perti·

370 682 650 784 nacitor·
670 683 952 769 negabat
993 691 1071 751 ut
1089 705 1350 785 ‚parum
1392 685 1671 752 abfuerit
1715 708 1754 752 a
1797 709 1906 752 ma
2002 690 2015 704 '
2058 688 2326 756 dedeco-

370 768 825 940 ”amm
858 770 2326 945 „Yssllzssffiffitffltfflssssssfflqffidtt

372 940 503 1007 hoc
545 942 763 1027 attigi:
808 941 924 1008 sed
967 944 1119 1026 quia
1162 942 1289 1008 alia
1332 942 1412 1008 de
1456 965 1527 1009 re
1571 944 1934 1028 scripturus
1969 967 2150 1012 eram
2193 966 2326 1012 non

370 1026 564 1178 ffitui
606 1048 879 1111 prorsus
924 1035 1158 1095 tacere.
1246 1029 1433 1095 Haec
1476 1050 1631 1095 vero
1674 1029 2000 1097 scribendi
2042 1033 2209 1098 ratio
2252 1040 2328 1098 ut

464 1132 625 1177 num
680 1113 859 1180 hunc
917 1115 1134 1180 virum
1192 1113 1311 1179 tibi
1367 1114 1835 1197 commendem,
1902 1118 2090 1183 cuius
2152 1115 2327 1201 apud

372 1217 499 1264 vos
538 1220 751 1281 nuper
790 1199 968 1266 filius
1011 1208 1112 1267 est
1153 1215 1470 1280 mortuus,
1514 1200 1572 1266 is
1616 1201 1861 1269 scilicet
1903 1205 2012 1287 qui
2062 1203 2327 1269 ultimas

372 1283 498 1350 tibi
531 1304 715 1351 meas
735 1283 1037 1351 reddidit.
1098 1285 1480 1372 Negotiator
1513 1297 1658 1352 erat
1692 1289 1925 1368 tenuis,
1951 1287 2065 1354 sed
2098 1287 2327 1356 indus-

373 1370 550 1437 trius
593 1377 661 1436 et
693 1371 891 1455 frugi.
980 1371 1212 1455 Itaque
1255 1370 1593 1457 reliquisse
1637 1371 1894 1452 dicitur,
1948 1374 2055 1441 vel
2097 1377 2168 1441 in
2212 1396 2328 1442 no-

373 1455 689 1534 minibus,
734 1457 841 1522 vel
881 1461 1179 1541 pecunia,
1224 1458 1330 1524 vel
1372 1458 1719 1540 mercibus,
1763 1459 1931 1544 quod
1976 1470 2163 1546 pater
2197 1482 2329 1528 non

375 1540 544 1607 adeo
587 1541 878 1626 locuples
920 1543 1385 1629 negligendum
1432 1565 1574 1610 esse
1616 1565 1749 1611 non
1789 1543 1996 1612 duxit.
2069 1546 2146 1614 Si
2181 1569 2330 1633 spes

373 1648 534 1694 eum
576 1648 711 1694 non
755 1626 1129 1710 frustretur,
1175 1630 1299 1695 erit
1342 1629 1465 1695 hoc
1509 1630 1765 1714 aliquod
1826 1633 2122 1700 orbitatis
2166 1635 2328 1700 sola-

373 1714 566 1780 tium.
649 1713 800 1796 Quo
843 1717 1109 1800 aequior
1147 1722 1249 1782 est
1290 1737 1503 1794 causa,
1550 1724 1617 1781 et
1658 1715 1852 1783 homo
1886 1719 1909 1782 i
1991 1740 2027 1785 e
2069 1727 2213 1785 tum
2248 1721 2330 1786 ob

373 1800 778 1884 probitatem
821 1808 965 1867 tum
1007 1802 1088 1869 ob
1132 1803 1514 1885 pauperiem
1558 1802 1893 1869 misericor
1939 1805 2002 1870 ia
2052 1803 2328 1890 dignior,

374 1905 461 1952 eo
517 1885 762 1953 maiore
815 1886 1054 1955 fiducia
1113 1887 1228 1954 abs
1282 1896 1350 1954 te
1402 1895 1575 1971 peto,
1641 1893 1718 1953 ut
1759 1896 1826 1953 et
1868 1890 2135 1957 consilio
2180 1913 2331 1958 eum

372 1991 611 2058 regere
669 1979 736 2038 et
802 1973 1026 2040 favore
1083 1972 1338 2056 iuvare,
1394 1983 1461 2039 et
1516 1974 1751 2056 quibus
1801 1976 2045 2062 poteris
2102 1977 2331 2052 officiis

375 2078 534 2124 eum
567 2058 876 2143 prosequi
916 2079 1001 2124 ne
1035 2059 1348 2145 graveris.
1421 2060 1573 2124 Erit
1610 2059 1772 2127 haec
1805 2069 1923 2126 tua
1954 2062 2332 2130 humanitas

368 2143 548 2209 mihi
587 2144 979 2229 gratissima.

554 2229 743 2311 Vale,
781 2231 1196 2298 ornatissime
1228 2231 1336 2298 vir
1370 2239 1437 2298 et
1471 2232 1636 2298 mihi
1671 2254 1756 2299 ex
1790 2234 2008 2300 animo
2043 2234 2330 2315 colende,

368 2314 710 2382 Dominus
763 2323 831 2381 te
888 2337 1147 2401 semper
1205 2317 1445 2401 spiritu
1503 2338 1620 2383 suo
1676 2318 1996 2404 gubernet
2028 2321 2333 2405 omnique

366 2400 859 2468 benedictionis
914 2423 1158 2487 genere
1214 2405 1284 2469 in
1339 2403 1479 2470 dies
1524 2411 1783 2489 augeat.
1868 2405 2183 2473 Genevae
2235 2410 2335 2481 16,

369 2485 770 2554 Decembris
820 2492 1002 2555 1561.

1519 2628 1801 2730 loannes
1846 2630 2164 2698 Calvinus

1517 2803 1525 2809 ἢ
1559 2736 1643 2780 ex
1686 2736 1908 2782 ammo
1949 2730 2120 2783 tuus.

1251 3258 1452 3332 8652.

996 3414 1238 3481 BEZA
1283 3413 1715 3485 GALVINO.

554 3580 848 3651 Breviter
867 3585 943 3651 dc
961 3584 1265 3653 Baduelh'
1283 3605 1627 3655 successore
1646 3587 2011 3670 quaerendo,
2035 3587 2110 3654 dc
2128 3593 2337 3674 straye

363 3668 924 3821 &ambianos
954 3673 1147 3754 facta,
1190 3673 1268 3739 de
1290 3671 1701 3739 Ferrariensi
1740 3674 2061 3740 cardinali
2096 3674 2331 3742 media-

362 3924 505 4049 st
544 3926 881 4052 “av-ve
928 3928 1060 4051 3230
1107 3929 1478 4055 ars-¹¹1⁷.
1523 3929 1740 4054 Ψ
1786 3929 2211 4054 &aas
2242 3929 2330 4054 rr

507 4032 520 4047 ο
867 4035 885 4051 ο
1056 4038 1070 4064 ,
1244 4039 1258 4054 ο
1349 4018 1424 4054 lm
1480 4018 1526 4058 r·
1682 4040 1696 4053 ο
1754 4028 1821 4040 ‘'-
2317 4041 2330 4055 ο

1204 4069 1351 4138 App.
1391 4066 1532 4140 145.)

557 4236 613 4299 A
656 4235 1002 4303 Monsieur
1043 4238 1380 4306 Monsieur
1424 4238 2143 4393 D’esffivivllffiefianohe

555 4491 630 4559 S.
717 4492 942 4578 Bayfii
971 4498 1027 4571 ¹)
1100 4494 1327 4562 literas
1390 4502 1536 4563 tuto
1597 4496 2021 4583 perferendas
2084 4499 2329 4566 curavi.

378 4576 846 4645 Samaverium
862 4578 918 4665 ²)
964 4587 1115 4646 tuae
1180 4584 1656 4666 exspectationi
1714 4584 2090 4651 satisfacere
2134 4583 2331 4667 plane

370 4662 659 4749 gaudeo.
747 4663 1020 4731 Utinam
1077 4667 1148 4733 in
1200 4670 1571 4752 quaerendo
1613 4669 1921 4736 Budaeus·
1962 4689 2332 4737 successore

372 4758 527 4815 tam
579 4750 740 4816 felix
781 4771 926 4817 esse
968 4752 1343 4835 potuissem.
1432 4755 1712 4822 Tentavi
1755 4754 1926 4838 quod
1970 4756 2173 4838 potui,
2218 4754 2335 4822 sed

370 4834 555 4902 nihil
627 4835 813 4902 effeci
891 4843 961 4903 et
1021 4858 1169 4902 eam
1233 4857 1456 4906 curam
1518 4842 1652 4906 iam
1717 4841 2079 4907 abieceram
2092 4891 2110 4923 ‚
2174 4862 2332 4926 quo-

370 5128 568 5184 8652.
586 5128 642 5191 1)
678 5129 805 5184 olim
840 5128 1007 5198 lcyatt'
1034 5131 1179 5196 regii
1209 5128 1273 5183 in
1313 5128 1626 5184 Germania.

588 5196 793 5268 2)8·'c.
841 5197 1681 5254 massanus-aeman
1726 5200 2334 5269 occurrissemus-

370 5271 592 5336 pem
632 5273 685 5323 ct
731 5271 994 5338 {quotum
1067 5268 1215 5323 Sane
1259 5269 1319 5321 in
1369 5266 1539 5322 Lffiro
1588 5267 1836 5324 Hectoris
1876 5268 1978 5324 hoc
2027 5268 2175 5324 inter
2204 5284 2333 5337 pro-

373 5335 619 5404 fessores
651 5352 764 5392 non
795 5342 1124 5394 recensetur.

592 5421 814 5478 Uolsini
832 5436 1021 5493 opera.
1095 5422 1211 5479 Vol.
1252 5421 1428 5479 XIX.

2082 416 2238 481 1561
2287 414 2674 484 DEGEMB

4258 426 4382 488 178

2432 607 2610 672 niam
2668 606 2800 670 iam
2858 604 3113 690 pridem
3168 607 3250 674 de
3312 627 3390 673 eo
3446 607 3710 693 negotio
3776 608 3942 675 nihil
4004 609 4386 695 scripseras.

2428 691 2622 759 Nunc
2664 699 2887 757 tamen
2929 691 3171 758 iterum
3215 693 3440 759 omnia
3480 693 3797 777 experiar.
3815 693 3872 780 ⁸)
3956 695 4131 761 Nam
4173 717 4382 779 quum

2429 775 2592 844 haec
2684 776 2767 842 ad
2854 786 2919 843 te
3010 777 3362 845 scriberem
3456 779 3580 845 iter
3672 779 4090 865 ingrediebar
4167 781 4382 848 Lute-

2429 862 2590 927 tiam
2632 883 2866 929 versus
2924 882 3056 928 una
3112 886 3259 930 cum
3319 863 3705 932 Navarrcna
3758 864 3871 932 ubi
3928 874 4086 950 puto
4128 887 4249 933 nos
4291 866 4382 948 ad

2428 945 2723 1014 triduum
2778 969 3140 1015 mansuros.
3229 951 3334 1017 De
3391 952 3588 1017 rebus
3645 951 3888 1019 nostris
3929 973 4140 1037 nuper
4183 950 4268 1019 ad
4309 962 4384 1038 te

2427 1032 2641 1099 multa
2696 1035 2945 1119 scripsi.
3035 1037 3098 1101 A
3145 1035 3234 1100 ud
3288 1035 3647 1103 Ambianos
3701 1058 3944 1121 magna
4000 1046 4390 1104 nostrorum

2431 1129 2684 1204 strages
2740 1120 2928 1185 facta.
2952 1125 3007 1190 ⁴)
3131 1130 3327 1205 taque
3384 1143 3619 1205 parum
3676 1123 3886 1189 abfuit
3934 1124 4094 1207 quin
4149 1145 4226 1190 eo
4270 1146 4381 1190 re·

2427 1216 2625 1289 pente
2701 1215 3077 1273 excurreret
3158 1205 3513 1286 Comensi-3,
3597 1208 3712 1274 sed
3790 1208 4053 1275 tandem
4129 1208 4382 1293 placuit

2434 1290 2888 1376 Snarpontium
2907 1295 2959 1369 ⁸)
3016 1292 3209 1373 mitti,
3265 1293 3377 1375 qui
3430 1314 3691 1361 severas
3750 1316 3991 1378 poenas
4045 1297 4267 1380 exigat
4308 1303 4381 1361 et

2431 1378 2675 1443 nostris
2728 1376 3028 1445 consulat
3080 1379 3151 1443 in
3202 1389 3560 1461 posterum.
3660 1378 4043 1446 Conventus
4096 1381 4378 1447 reiectus

2432 1470 2534 1528 est
2577 1463 2658 1528 ad
2701 1464 2993 1529 Ianuarii
3035 1462 3380 1544 Oalendas,
3438 1463 3624 1530 nobis
3667 1464 4091 1532 vehementer
4133 1487 4377 1552 repug-

2431 1549 2758 1614 nantibus.
2847 1547 2982 1614 Se’d
3028 1548 3456 1616 nihilominus
3499 1550 3663 1617 bene
3705 1573 3915 1634 spero.

2603 1634 2911 1700 Nostram
2953 1634 3136 1701 illam
3166 1633 3221 1720 ὅ)
3264 1636 3383 1701 tibi
3426 1636 3680 1701 affirmo
3722 1637 3959 1703 melius
3998 1637 4071 1702 in
4116 1658 4236 1703 nos
4280 1639 4378 1704 af-

2429 1721 2670 1787 fectam
2712 1741 2854 1787 esse
2897 1742 3098 1805 quam
3133 1742 3421 1805 unquam
3455 1728 3665 1787 antea.
3735 1723 3841 1788 De
3873 1721 4086 1789 tribus
4120 1744 4380 1807 quoque

2431 1805 2641 1889 ipsius
2692 1805 2913 1873 liberis
2971 1808 3224 1872 utinam
3283 1807 3404 1872 tibi
3458 1806 3793 1891 sigillatim
3846 1806 4057 1873 multa
4119 1829 4382 1891 possem

2433 1891 2715 1959 scribere
2750 1912 2919 1975 quae
2954 1892 3241 1976 quotidie
3276 1914 3360 1958 ex
3394 1894 3588 1959 certis
3609 1891 3883 1959 testibus
3905 1892 4115 1960 audio.
4179 1894 4380 1962 Certe

2434 1976 2598 2043 tales
2642 1986 2797 2044 sunt
2840 2000 2957 2062 pro
3001 2000 3120 2044 sua
3162 1986 3394 2057 aetate,
3453 1977 3674 2061 quales
3715 2001 3801 2044 ne
3845 1988 4070 2062 optare
4113 1978 4383 2062 quidem

2517 2063 2660 2128 seis.
2676 2063 2732 2148 ⁷)
2805 2063 2906 2130 De
2940 2085 3085 2129 meo
3121 2062 3367 2148 collega
3387 2065 3442 2143 Β)
3478 2085 3816 2147 nunquam
3851 2065 4039 2130 aliter
4070 2064 4382 2133 iudicavi.

2612 2156 2836 2214 tamen
2877 2156 2981 2214 est
3021 2150 3094 2215 in
3138 2148 3397 2229 delitiis,
3454 2147 3614 2214 adeo
3656 2158 3814 2215 sunt
3854 2170 4168 2233 perversa
4209 2151 4383 2217 mul-

2433 2241 2652 2300 torum
2692 2234 2955 2315 iudicia,
3011 2236 3312 2317 quamvis
3368 2236 3620 2300 interea
3676 2255 3811 2301 non
3854 2235 4067 2301 desint
4122 2236 4234 2320 qui
4276 2256 4382 2301 sa-

2434 2320 2639 2405 piant.
2727 2320 2873 2405 Ego
2929 2340 3104 2397 vero,
3151 2319 3501 2385 dummodo
3543 2341 3650 2385 res
3689 2319 4063 2404 procedant,
4128 2329 4387 2388 caetera

2436 2403 2603 2471 nihil
2646 2426 2882 2472 moror.
2968 2402 3254 2489 Singula
3296 2416 3516 2471 tamen
3561 2405 3909 2491 diligenter
3954 2407 4247 2486 observo,
4314 2415 4383 2473 et

2370 2527 2373 2532 ·
2436 2490 2775 2558 hominem
2811 2513 2852 2557 a
2893 2500 3073 2558 recta
3105 2491 3218 2557 via
3252 2512 3336 2556 ne
3373 2492 3702 2557 tantillum
3740 2490 4005 2575 quidem
4039 2492 4382 2560 deflectere

2437 2578 2664 2660 patiar.
2755 2578 3191 2644 Normndius
3232 2576 3368 2643 iam
3412 2597 3666 2643 mecum
3709 2587 3827 2644 est.
3917 2578 4126 2644 Cuius
4181 2600 4382 2678 nego-

2435 2662 2533 2728 fia
2574 2684 2769 2746 quam
2813 2662 3310 2748 diligentissime
3354 2663 3499 2729 fieri
3563 2664 3799 2747 poterit
3841 2663 4100 2744 curabo,
4159 2686 4244 2730 ne
4285 2686 4383 2748 1p-

2437 2749 2573 2815 sius
2608 2750 3046 2832 praesentiam
3082 2749 3326 2815 diutius
3358 2748 3675 2832 requiras.
3741 2748 3928 2831 Quae
3964 2747 4044 2816 de
4083 2745 4386 2817 Nemorso

2436 2834 2775 2917 scripsisti,
2793 2839 2847 2914 ⁹)
2892 2836 3133 2902 nostris
3167 2845 3548 2919 pergratum
3582 2835 3707 2901 fuit
3737 2835 4125 2919 intelligere.
4197 2834 4383 2917 Quo-

2437 2943 2587 2987 rum
2629 2920 2830 2986 etiam
2871 2942 3044 2988 unus
3069 2919 3151 3072 ’ἓ
3195 2919 3606 2999 exclamavit,
3640 2941 3857 2988 seram
3891 2942 4033 2987 esee
4067 2921 4137 2987 in
4179 2921 4384 2987 fundo

2437 3006 2924 3091 parcimoniam
3004 3006 3095 3074 Se
3179 3006 3430 3073 interea
3469 3005 3831 3074 lentissime
3873 3006 4386 3091 progrediuntur

2436 3092 2512 3157 in
2554 3092 2928 3178 peragenda
2980 3093 3187 3178 ipsius
3245 3114 3462 3171 causa,
3516 3093 3702 3160 cuius
3753 3093 4008 3159 consilii
4059 3093 4386 3160 rationem

2437 3178 2734 3329 genisiufin
2775 3179 2959 3263 potui
3000 3179 3342 3264 expiscari.
3428 3177 3713 3264 Coynctio
3737 3183 3760 3221 ²
3775 3184 3822 3257 ¹)
3858 3178 4240 3245 mandatum
4284 3185 4389 3247 est

2482 3285 2519 3330 e
2586 3286 2661 3330 oe
2708 3284 2835 3330 ere.

2606 3350 2706 3416 Le
2754 3360 2919 3428 atus,
2985 3350 3097 3416 ille
3154 3357 3312 3416 tuus
3368 3350 3781 3431 fraterculus,
3844 3358 4058 3418 mutat
4113 3372 4255 3418 sese
4311 3351 4386 3416 in

2434 3455 2662 3501 omnes
2810 3435 2904 3501 'es
2947 3445 3013 3502 et
3053 3436 3250 3503 valde
3294 3435 3760 3520 distorquetur,
3805 3444 4002 3521 atque
4034 3437 4213 3515 ade0,
4249 3436 4384 3502 nisi

2432 3521 2643 3601 fallor,
2690 3520 3009 3606 desperata
3076 3521 3305 3588 Nostri
3344 3521 3739 3588 mediatores
3780 3525 3995 3589 nescio
4037 3522 4194 3606 quid
4227 3541 4382 3588 cum

2433 3627 2510 3673 eo
2551 3606 2935 3673 moliuntur.
2963 3607 3046 3694 ¹²)
3136 3606 3271 3675 Sed
3315 3607 3440 3674 hoc
3478 3608 3647 3674 nihil
3690 3607 3775 3675 ad
3816 3631 3938 3675 nos
3981 3609 4214 3693 quibus
4269 3608 4376 3672 in-

2634 3894 2698 3964 3)
2731 3894 2999 3951 Baduelli
3029 3910 3307 3953 successor
3350 3897 3465 3963 fuit
3497 3897 3676 3952 Hem.
3712 3897 3985 3966 Seria-90¹·
4027 3912 4094 3951 σε
4129 3897 4385 3966 Dandae,

2540 3971 2702 4098 Μᾎ)
2735 4031 3003 4088 Peru-mot
3030 4031 3097 4088 dc
3120 4032 3493 4106 Chantonncy,
3520 4032 3914 4089 ambassadcm·
3930 4032 3996 4087 de
4016 4032 4167 4088 Phili
4287 4035 4386 4091 ΙΙ.

2434 4101 2548 4168 (20.
2585 4101 2776 4171 Dcc.).·
2820 4103 2873 4157 A
2912 4102 3136 4157 Amisus
3166 4101 3419 4184 j'entend'
3445 4104 3558 4173 quil
3592 4121 3631 4172 y
3665 4107 3750 4156 ast
3786 4117 3854 4156 eu
3895 4102 4116 4183 aulcuns
4186 4119 4246 4159 es
4279 4122 4384 4160 no·

2432 4172 2611 4226 tables
2652 4171 2725 4227 de
2767 4172 2824 4226 la
2857 4171 2986 4225 ville
3035 4173 3128 4241 qui
3161 4177 3262 4225 ont
3306 4178 3423 4226 este
3467 4181 3592 4224 tues
3628 4187 3697 4224 en
3738 4186 3843 4225 une
3878 4175 4115 4225 emotion
4150 4188 4291 4242 pour
4323 4176 4386 4230 la

2431 4240 2678 4363 mugio}
2729 4237 3129 4377 ἑσλξεῗοαξοπς
3164 4236 3756 4364 Oov'tdtclzct’mssmaian's.
3804 4305 3981 4374 (Hn'st.
4014 4309 4137 4365 cccl.
4171 4310 4215 4366 Ι.
4232 4310 4386 4383 453.)

2639 4309 3386 4447 63chiaamma’0rcm—
3457 4376 4386 4439 otumhoooomassmm·

2640 4514 2701 4586 7)
2740 4513 2787 4569 Ο
2839 4527 3055 4570 caccum
3117 4514 3471 4583 prophetam!
3535 4511 3632 4566 Ad
3679 4514 3982 4582 meminens
4050 4519 4386 4588 autographi

2434 4586 2732 4654 adscripsit
2762 4599 2961 4638 manus
2993 4597 3220 4638 wacca.-
3253 4582 3344 4636 Sic
3376 4586 3493 4635 tum
3521 4580 3769 4651 plerique
3801 4584 4179 4654 gallicisabant
4211 4596 4276 4642 ut
4309 4589 4380 4643 de

2434 4661 2611 4709 matre
2644 4660 2704 4709 et
2736 4653 2924 4708 liberis
2958 4668 3068 4706 non
3103 4652 3246 4704 male
3279 4657 3579 4721 sperarent.

3007 4735 3055 4786 o,
3090 4718 3298 4773 dudum
3328 4720 3535 4773 nostris
3568 4725 3827 4788 suspecto.

2638 4791 2673 4844 9
2731 4790 2920 4844 literae
2950 4801 3063 4843 non
3099 4794 3331 4843 exstant.

2607 4859 2675 4914 10
2730 4873 2831 4913 νοω
2866 4855 3181 4912 Navarra.

2606 4927 2672 4982 11
2817 4931 2909 4980 ato
2941 4940 3032 4994 ap.
3069 4924 3358 4980 Helvetios.

2604 4994 2699 5062 12)
2789 4993 3118 5050 mariensis
3160 4993 3482 5063 cardinalis,
3527 4999 3587 5049 ut
3625 4994 4017 5050 Navem-enum
4049 5002 4293 5065 captaret
4327 5005 4380 5052 et

2435 5065 2684 5122 omnibus
2711 5064 2969 5133 parabus
3000 5064 3132 5119 bene
3164 5062 3293 5116 0ch
3327 5061 3618 5128 videraut,
3653 5079 3716 5119 eo
3743 5079 3914 5134 usquc
3944 5079 4265 5147 progressus
4296 5073 4377 5120 est

2433 5139 2499 5188 ut
2529 5149 2598 5188 m.
2637 5134 2785 5189 Noc.
2809 5132 3031 5188 ineunte
3049 5132 3302 5188 concione·
3322 5133 3743 5202 protestantium
3767 5132 4094 5198 intimum,
4129 5134 4194 5188 ob

2435 5203 2604 5272 hyatu·
2637 5201 2886 5272 Hispani
2925 5207 2977 5256 ct
3019 5200 3166 5255 sedis
3204 5199 3491 5257 Romanae
3533 5216 3820 5256 censuram
3864 5203 4104 5256 incurrit
4134 5202 4160 5266 (
4336 5219 4376 5257 a

2434 5270 2477 5326 Ι.
2513 5269 2659 5342 544).
2699 5300 2758 5310 —
3087 5268 3217 5325 184:
3262 5271 3440 5326 Audio
3472 5271 3736 5340 Reginam
3769 5275 3828 5324 et
3860 5269 4250 5324 cancellarium
4282 5288 4390 5326 cu·-

2438 5356 2589 5395 rasse
2621 5341 2728 5397 sibi
2760 5337 2925 5394 scribi
2967 5339 3200 5396 formam
3232 5339 3627 5395 emendationis
3672 5339 4017 5394 ecclesiarum
4054 5354 4215 5405 quam
4249 5354 4392 5394 con-
