4850 6117
616 405 760 476 347
2135 398 2663 469 EPIS'I'OLAE
2707 401 3133 466 3858—3860
4480 415 4582 477 548

619 617 985 682 *gmssnrus
998 594 1032 659 ?
1123 594 1233 661 An
1275 600 1415 660 tum
1473 612 1632 659 vero
1684 592 1970 679 spatium
2026 587 2428 656 deliberandi
2473 587 2587 655 da-

635 682 861 751 bitur?
964 679 1161 748 Certe
1224 680 1333 745 vel
1397 680 1713 762 exiguum
1776 677 1889 744 vel
1952 676 2233 759 nullum,
2297 686 2365 742 et
2425 683 2587 742 tunc

623 766 782 835 ‘iure
825 773 1300 850 conquerentur
1341 765 1568 850 populi
1604 785 1746 832 sese
1778 762 2283 848 magistratuum
2317 762 2589 847 ignavia

631 865 711 921 et
752 852 1041 927 socordia
1083 853 1268 937 prius
1311 851 1585 936 periisse
1626 871 1826 935 quam
1878 848 2242 933 periculum
2286 848 2587 914 sensisse.

639 938 780 1006 Sed
821 939 1027 1016 nobis,
1072 940 1276 1016 aiunt,
1322 937 1549 1004 foedus
1592 944 1695 1003 est
1735 955 1885 1002 cum
1918 935 2119 1019 Rege.
2185 932 2393 1016 Quasi
2427 954 2588 1000 vero

639 1047 763 1092 nos
827 1045 960 1091 non
1024 1045 1393 1109 pugnemus
1436 1045 1556 1107 pro
1597 1023 1801 1107 Rege,
1870 1021 2027 1087 dum
2096 1020 2237 1087 eius
2301 1018 2588 1086 edictum

640 1123 927 1177 tuemur,
1003 1114 1141 1175 Aut
1184 1110 1370 1193 quasi
1411 1117 1662 1175 tutores
1707 1129 1826 1192 pro
1868 1128 1986 1173 suo
2030 1106 2296 1172 arbitrio
2331 1105 2590 1189 possint

638 1216 785 1261 rem
826 1194 1057 1280 pupilli
1093 1205 1390 1273 tractare,
1431 1202 1563 1272 aut,
1600 1196 1656 1259 si
1691 1193 1759 1259 id
1791 1193 2054 1273 faciant,
2146 1212 2220 1256 ro
2256 1191 2587 1258 tutoribus

639 1282 780 1348 sint
822 1279 1232 1366 agnoscendi.
1317 1281 1618 1364 Denique
1681 1280 1736 1346 si
1780 1279 2013 1345 nolunt
2076 1214 2157 1344 dte
2199 1297 2398 1344 causa
2440 1298 2587 1361 pro-

639 1369 975 1447 nunciare,
1050 1367 1282 1432 saltem
1348 1388 1464 1434 cur
1527 1387 1637 1432 eos
1698 1386 1834 1430 non
1898 1372 2122 1430 movet
2183 1364 2353 1429 tanti
2395 1364 2588 1448 regni

638 1453 884 1519 ruina?
969 1451 1108 1519 Gur
1146 1453 1665 1519 conflictantibus
1708 1449 1878 1516 bello
1921 1450 2100 1517 civili
2143 1450 2352 1530 sociis,
2405 1450 2585 1534 lega-

639 1552 744 1606 tos
787 1539 1018 1606 saltem
1062 1559 1197 1604 non
1239 1539 1513 1603 mittunt
1546 1538 1660 1620 qui
1698 1557 1769 1602 se
1807 1538 2236 1620 interponant
2267 1545 2335 1601 et
2368 1535 2586 1618 aliquo

638 1624 835 1691 modo
877 1626 1037 1691 istos
1080 1626 1362 1707 impetus
1403 1623 1752 1689 autoritate
1817 1643 1937 1688 sua
1979 1620 2332 1706 frangant?
2410 1622 2585 1688 Nam

637 1720 717 1776 ut
758 1710 925 1776 nihil
970 1709 1150 1775 aliud
1193 1711 1495 1789 efficiant,
1539 1709 1662 1776 hoc
1705 1720 1930 1774 tamen
1972 1718 2466 1790 consequentur,
2511 1715 2588 1771 ut

637 1818 910 1864 causam
973 1804 1178 1862 totam
1233 1795 1472 1861 melius
1527 1794 1902 1880 intelligant
1942 1803 2009 1859 et
2051 1796 2293 1861 certius
2338 1790 2587 1877 aliquid

759 1892 864 1949 tea
905 1882 1307 1949 constituant
1368 1891 1565 1964 prout
1621 1902 1742 1947 sua
1784 1881 2102 1946 interesse
2144 1881 2585 1963 cognoverint.

636 1904 787 2034 ἕξει
827 1974 926 2034 est
966 1968 1185 2052 igitur,
1241 1968 1336 2032 mi
1389 1977 1593 2050 pater,
1654 1963 1778 2033 hoc
1821 1974 1938 2045 est,
1982 1967 2073 2030 mi
2119 1964 2379 2031 domine
2423 1965 2588 2031 Buz-

636 2055 888 2139 tumere,
930 2054 1023 2119 mi
1067 2053 1327 2119 domine
1376 2053 1716 2120 Gualthere
1772 2060 1838 2117 ct
1892 2071 2014 2118 vos
2070 2051 2301 2134 reliqui
2349 2051 2587 2117 fratres

633 2141 711 2206 in
746 2161 872 2223 quo
906 2140 1095 2206 vobis
1142 2149 1208 2206 et
1250 2139 1601 2205 fortissime
1644 2148 1713 2204 et
1768 2138 2102 2204 celerrime
2151 2137 2587 2204 laborandum

633 2233 817 2310 puto,
877 2228 934 2292 si
987 2245 1138 2292 cara
1179 2226 1367 2292 vobis
1411 2237 1511 2291 est
1554 2224 1815 2292 Galliae
1869 2233 1936 2290 et
1975 2234 2342 2291 vestrorum
2385 2225 2586 2289 etiam

635 2312 817 2378 salus
860 2311 962 2376 uti
1007 2333 1149 2377 esse
1191 2333 1327 2376 non
1376 2310 1618 2376 dubito.

809 2397 991 2480 Ergo
1032 2398 1283 2461 interea
1324 2405 1501 2461 recta
1537 2396 1620 2461 ad
1653 2395 2029 2462 Andelotwm
2063 2415 2282 2480 pergo,
2328 2402 2397 2459 et
2429 2392 2585 2460 inde

637 2503 1026 2564 quocunque
1067 2482 1247 2547 volet
1288 2480 1634 2562 Dominus,
1679 2482 1785 2547 cui
1826 2503 1931 2547 me
1975 2488 2185 2547 totum
2229 2481 2582 2547 committo,

637 2567 827 2633 Haec
870 2567 952 2632 ad
999 2576 1065 2632 te
1108 2568 1355 2652 scripsi,
1415 2567 1507 2632 mi
1550 2575 1755 2651 pater,
1812 2576 1888 2632 ut
1928 2588 2268 2651 nunquam
2307 2567 2584 2632 fortasse

637 2652 1022 2736 scripturus.
1110 2653 1342 2736 Itaque
1385 2661 1536 2735 opto
1592 2653 1712 2719 has
1776 2652 1997 2719 literas
2055 2654 2174 2718 toti
2215 2652 2581 2719 carissimo·

635 2760 790 2805 rum
832 2737 1115 2805 fratrum
1157 2737 1425 2822 collegio
1467 2748 1688 2805 tecum
1732 2759 1872 2805 esse
1915 2759 2294 2805 communes
2336 2748 2402 2803 et
2436 2760 2583 2804 mu-

637 2835 794 2891 tuae
852 2832 1113 2892 nostrae
1177 2824 1261 2890 ad
1315 2833 1591 2890 mortem
1647 2845 1853 2908 usque
1895 2824 2278 2891 concordiae
2319 2830 2387 2890 et
2427 2845 2582 2891 con-

637 2910 959 2978 sensionis
1003 2911 1126 2976 hoc
1168 2910 1379 2977 veluti
1423 2910 1889 2990 testimonium,
1945 2912 2004 2977 si
2048 2909 2204 2993 quid
2246 2910 2412 2976 mihi
2456 2910 2582 2977 hu-

633 2998 928 3062 manitus
970 2996 1318 3082 contigerit
1360 3005 1636 3063 exstare.
1723 2995 2050 3062 Dominus
2112 3003 2336 3063 noster
2390 2996 2582 3063 Iesus

546 3115 554 3124 ·
637 3082 949 3148 Christus
990 3083 1179 3150 vobis
1220 3084 1431 3166 magis
1474 3103 1550 3149 ac
1591 3082 1801 3166 magis
1843 3082 2203 3161 benedicat,
2261 3081 2583 3150 carissimi

639 3175 710 3234 et
729 3168 1306 3236 observandissimi
1348 3169 1601 3248 fratres,
1643 3177 1713 3233 et
1762 3168 2069 3235 ecclesias
2111 3189 2264 3235 suas
2308 3168 2584 3236 afflictas

636 3253 963 3337 respiciat,
1029 3274 1105 3320 ac
1169 3254 1331 3320 mihi
1395 3254 1592 3320 etiam
1649 3253 1847 3320 donet
1907 3255 1981 3320 in
2041 3255 2186 3340 ipso
2248 3257 2472 3322 vivere
2515 3261 2584 3320 et

634 3339 830 3407 mori.
917 3340 1179 3428 Bernae
1223 3343 1324 3406 24.
1369 3339 1701 3425 Septemb.
1751 3344 1936 3406 1562.

1577 3475 1807 3544 Vester
1850 3484 2029 3545 totus
2064 3498 2146 3545 ex
2191 3476 2414 3544 animo

1810 3563 1933 3631 mh.
1977 3564 2170 3631 Beza.

1513 4076 1719 4148 3859.

1122 4212 1594 4283 oALVINUS
1639 4195 2099 4283 VATELLO.

807 4385 1155 4469 Respondet
1198 4386 1283 4453 ad
1327 4389 1714 4469 quaestiones
1754 4408 1953 4471 nuper
1978 4387 2359 4472 propositas.

628 4554 852 4625 (Edidit
883 4557 1027 4612 Besa
1061 4558 1199 4613 Gen.
1231 4574 1285 4629 p.
1318 4556 1438 4622 325,
1476 4559 1639 4615 Laus.
1676 4575 1733 4629 p.
1753 4557 1871 4622 634,
1891 4558 2103 4614 Hanov.
2138 4576 2191 4630 p.
2229 4558 2347 4628 714,
2367 4558 2580 4615 Chouet

1259 4643 1311 4696 p.
1346 4627 1467 4695 446,
1502 4631 1678 4684 Amst.
1714 4644 1768 4699 p.
1802 4626 1950 4694 203.)

805 4795 1116 4894 Prolixae
1188 4806 1340 4896 tuae
1384 4797 1701 4900 epistolae·
1719 4801 1769 4876 ¹)
1854 4799 2145 4899 breyiter
2184 4800 2578 4901 respondere

629 4887 2580 5053 mieffltfssitiffiiaiffigssffi’omssffssffriaissffrffilss

629 4986 781 5120 ἔζη.
870 5017 1170 5118 Duabus·
1191 5063 1340 5136 post
1396 5056 1573 5123 horis
1627 5057 1708 5122 ad
1767 5079 2141 5124 consessum
2184 5057 2578 5124 ecclesiasti-

631 5157 785 5205 cum
807 5138 1134 5223 profectus
1156 5159 1320 5204 sum.
1365 5140 1560 5208 Illinc
1582 5143 1778 5209 tertia
1796 5165 1944 5210 sum
1966 5165 2290 5230 egressus.
2334 5144 2576 5211 Adhuc

621 5324 815 5380 ³859.
836 5324 896 5393 1)
932 5324 997 5379 Ν.
1030 5323 1184 5381 3853.

2688 609 2840 656 cum
2880 589 3085 656 fratre
3126 596 3350 655 nostro
3411 587 3836 673 colloquebar,
3881 588 4037 657 dum
4080 587 4430 659 adveniunt
4464 617 4588 663 rur·

2688 696 2801 741 sus
2844 674 3148 760 collegae.
3212 676 3312 741 Er
3357 695 3396 740 o
3439 674 3748 743 brevitati
3790 696 3985 760 quam
4028 684 4367 762 extorquet
4399 702 4590 750 neces·

2688 760 2846 827 sitas
2904 762 3219 846 ignosces.
3367 760 3737 828 onsiliarios
3778 761 4165 847 Principum
4207 765 4299 829 ita
4338 770 4593 849 praecise

2686 848 3030 914 vobiscum
3051 869 3087 912 e
3133 849 3262 914 isse
3283 868 3416 914 non
3437 848 3665 914 miror:
3690 849 3842 932 quia
3863 869 4088 915 eorum
4109 870 4355 916 morem
4375 853 4594 935 pridem

2687 932 2981 1017 cognovi.
3071 869 3268 1015 {uod
3328 934 3401 997 in
3465 933 3675 1018 capite
3742 934 3824 1000 de
3886 954 4071 1002 sacra
4134 956 4331 1001 coena
4384 936 4596 1008 diserte

2688 1019 2909 1084 addita
2971 1018 3097 1084 fuit
3160 1019 3477 1104 exceptio,
3563 1027 3741 1087 recte
3818 1027 3887 1086 et
3945 1019 4304 1105 prudenter
4363 1023 4594 1091 factum.

2690 1104 3066 1186 Quamlibet
3105 1106 3280 1171 enim
3323 1106 3564 1171 morosi
3607 1106 3759 1186 sint,
3827 1105 4000 1190 apud
4057 1128 4166 1174 eos
4208 1107 4600 1191 periculosior

2688 1198 2787 1257 est
2822 1191 3152 1258 simulatio
3186 1213 3384 1276 quam
3416 1192 3703 1276 ingenua
3734 1191 4024 1259 libertas.
4079 1194 4376 1260 Articnlo
4408 1207 4600 1262 autem

2689 1277 2771 1343 de
2813 1276 3174 1361 disciplina,
3219 1299 3383 1361 quae
3418 1278 3591 1360 apud
3626 1298 3744 1344 vos
3778 1278 3963 1344 nulla
3994 1288 4112 1357 est,
4159 1282 4317 1364 quin
4350 1282 4601 1349 subscri·

2688 1364 2842 1430 bere
2886 1364 3163 1443 licuerit,
3228 1385 3362 1427 non
3418 1362 3624 1429 video.
3710 1364 3794 1429 In
3850 1363 4174 1447 baptismo
4218 1387 4498 1433 crassum
4514 1369 4602 1454 ¹il·

2686 1449 2827 1514 lum
2873 1450 3166 1527 abusum,
3233 1450 3349 1534 qui
3388 1451 3649 1515 nonnisi
3706 1472 3794 1516 ex
3836 1449 4033 1516 bruta
4079 1451 4448 1536 ignorantia
4484 1476 4602 1519 ma-

2687 1535 2877 1603 navit
2940 1545 3006 1600 et
3070 1536 3356 1619 obrepsit
3417 1536 3588 1601 inter
3652 1537 3896 1603 multas
3953 1558 4250 1603 errorum
4308 1540 4602 1620 tenebras,

2686 1622 3045 1704 improbari
3087 1622 3350 1687 omnino
3393 1643 3658 1688 necesse
3700 1622 3840 1688 fuit.
3930 1621 4008 1688 Si
4047 1625 4464 1707 acquievistis
4499 1627 4605 1691 im·

2686 1709 2887 1791 perio,
2931 1709 3216 1791 pessimo
3258 1708 3490 1791 laqueo
3535 1729 3650 1774 vos
3690 1706 4017 1774 induistis.
4095 1710 4396 1775 Primum
4439 1723 4606 1796 turpe

2688 1794 2819 1859 fuit
2861 1801 3111 1859 tacere:
3179 1793 3414 1859 deinde
3477 1794 3536 1858 si
3597 1794 3802 1860 libere
3866 1804 3944 1859 ut
4006 1803 4261 1878 oportet
4323 1798 4391 1862 in
4447 1798 4607 1863 illam

2688 1880 2995 1964 baptismi
3036 1880 3556 1964 profanationem
3598 1880 3841 1947 invecti
3884 1880 4118 1946 deinde
4159 1882 4435 1962 fueritis,
4512 1905 4608 1950 vos

2688 1967 2960 2032 crimine
3025 1965 3312 2033 levitatis
3354 1966 3643 2049 adeoque
3684 1965 3996 2049 perfidiae
4037 1967 4422 2034 onerabunt.
4504 1973 4609 2036 At-

2689 2052 2801 2134 qui
2866 2061 3081 2118 tacere
3139 2053 3325 2118 nefas
3381 2052 3527 2129 erit,
3594 2052 3828 2135 quibus
3882 2053 4252 2136 baptizandi
4311 2075 4542 2121 munus
4576 2075 4609 2120 a

2689 2137 2954 2204 Christo
2999 2140 3086 2204 sit
3126 2139 3510 2204 iniunctum.
3577 2136 3771 2203 Dixit
3788 2138 3952 2203 mihi
3977 2138 4196 2217 frater,
4243 2162 4363 2206 vos
4396 2141 4611 2208 iterum

2689 2225 3014 2307 professos
3057 2245 3218 2300 esse,
3261 2224 3444 2289 illam
3479 2224 3915 2308 corruptelam
3957 2246 4089 2290 non
4132 2246 4327 2309 posse
4369 2247 4409 2291 a
4449 2228 4610 2293 vobis

2688 2311 2864 2375 ferri.
2924 2309 3121 2376 Certe
3158 2309 3418 2376 silentio
3453 2319 3674 2376 vestro
3709 2332 3856 2376 eam
3878 2311 4096 2377 fovere
4118 2321 4611 2379 consentaneum

2689 2416 2824 2460 non
2869 2404 3000 2462 ost:
3046 2418 3256 2479 neque
3290 2405 3516 2460 tamen
3551 2404 3781 2478 sponte
3818 2397 4087 2464 ecclesia
4123 2395 4479 2465 deserenda
4509 2407 4608 2476 est,

2690 2482 2821 2546 nisi
2876 2481 2974 2546 illi
3024 2502 3142 2547 vos
3188 2480 3510 2548 abdicent.
3578 2482 3850 2567 Pergite
3904 2482 3976 2547 in
4022 2504 4220 2550 cursu
4270 2485 4611 2551 vocationis

2689 2575 2966 2633 vestrae.
3056 2567 3130 2634 Si
3177 2568 3512 2633 tantillum
3556 2569 3692 2642 suis
3751 2569 4113 2652 tyrannicis
4157 2570 4389 2636 edictis
4432 2569 4611 2637 abdu-

2687 2674 2835 2720 cere
2876 2674 2998 2720 vos
3062 2663 3396 2731 conentur,
3460 2653 3788 2737 intrepide
3830 2655 4153 2721 ostendite
4196 2657 4386 2723 vobis
4426 2657 4612 2740 pluris

2686 2761 2828 2805 esse
2892 2739 3021 2805 Dei
3085 2741 3522 2806 autoritatem.
3632 2740 3711 2806 Si
3776 2738 4011 2806 deinde
4077 2763 4193 2809 vos
4257 2742 4611 2821 exturbent,

2685 2823 3049 2892 cedendum
3092 2826 3221 2891 erit
3255 2826 3614 2892 violentiae.
3702 2824 3948 2893 Danda
3987 2826 4252 2893 interim
4299 2849 4511 2912 opera,
4549 2837 4613 2894 ut

2683 2920 2995 2977 testatum
3058 2911 3191 2977 illis
3255 2913 3358 2990 sit,
3423 2934 3541 2979 vos
3594 2913 3826 2995 iugum
3889 2912 4059 2997 quod
4101 2912 4358 2980 Christi
4423 2916 4610 2981 servis

2686 3018 2821 3063 non
2857 3006 2957 3063 est
2998 2996 3355 3078 tolerabile,
3412 3019 3825 3083 nequaquam
3879 2998 4229 3066 subituros.
4320 3002 4610 3074 Pastores

2686 3085 2798 3168 qui
2838 3083 2972 3149 iam
3015 3084 3213 3150 certis
3252 3084 3540 3151 ecclesiis
3604 3082 3850 3150 addicti
3891 3093 4051 3150 sunt
4092 3084 4175 3152 ad
4218 3085 4383 3154 alias
4424 3107 4612 3152 novas

2686 3168 2942 3235 traduci
2984 3177 3235 3237 rectum
3278 3192 3412 3235 non
3452 3178 3641 3250 esset,
3686 3169 3819 3236 nisi
3861 3170 4091 3238 ordine
4129 3171 4199 3237 id
4240 3170 4378 3239 fiat.
4466 3171 4613 3239 Cae-

2686 3264 2923 3334 terum,
2988 3257 3045 3321 si
3106 3255 3178 3321 id
3242 3256 3403 3321 utile
3463 3258 3837 3324 censuerint
3899 3257 4157 3334 fratres,
4209 3258 4518 3336 seniores,
4556 3268 4615 3323 et

2685 3341 3079 3426 Principum
3118 3342 3489 3420 consiliarii,
3544 3342 3729 3408 nulla
3769 3342 3956 3421 ratio,
4022 3365 4165 3410 meo
4205 3344 4466 3424 iudicio,
4506 3344 4615 3408 im·

2687 3427 2885 3512 pedit,
2929 3428 3282 3510 quominus
3315 3429 3507 3496 novis
3542 3428 3898 3496 ditionibus
3920 3428 4190 3496 Christo
4212 3428 4614 3514 acquirendis

2685 3532 2951 3596 operam
2994 3535 3181 3580 suam
3223 3513 3609 3598 impendant
3649 3516 3761 3599 qui
3803 3516 4020 3580 vocati
4057 3515 4318 3582 fuerint.
4409 3517 4615 3599 Expo-

2685 3600 2820 3665 suit
2860 3598 3028 3665 mihi
3079 3601 3303 3679 frater,
3365 3600 3735 3667 timendum
3791 3622 3934 3667 esse
3977 3623 4063 3668 ne
4103 3609 4456 3686 respuatur
4497 3601 4616 3668 illic

2689 3684 3000 3766 doctrina,
3065 3687 3217 3770 quia
3269 3686 3338 3752 id
3394 3708 3523 3753 uno
3576 3688 3648 3752 in
3703 3686 3845 3754 loco
3895 3688 4030 3753 iam
4070 3688 4363 3773 contigit.
4453 3689 4617 3773 Ergo

2685 3771 2810 3839 hac
2873 3780 3132 3837 tantum
3173 3772 3320 3857 lege
3383 3774 3832 3857 experiamini.
3919 3774 4217 3841 Reiicere
4260 3774 4458 3853 enim,
4519 3773 4617 3858 qui

2685 3857 2945 3924 nullum
2987 3856 3202 3925 adhuc
3244 3860 3685 3926 contumaciae
3740 3881 3817 3927 ac
3872 3858 4324 3927 obstinationis
4367 3862 4616 3946 signum

2685 3944 3022 4022 dederunt,
3066 3965 3201 4010 non
3243 3946 3401 4012 satis
3442 3944 3809 4011 humanum
3850 3946 4035 4012 foret.
4110 3944 4417 4030 Denique
4459 3946 4616 4010 eius-

2682 4029 2858 4096 modi
2903 4030 3135 4096 electio
3178 4051 3501 4115 peraeque
3541 4031 3840 4116 legitima
3890 4039 4009 4111 est,
4074 4052 4150 4098 ac
4193 4032 4249 4097 si
4292 4054 4412 4115 pro
4454 4051 4615 4099 com-

2683 4115 2870 4181 muni
2912 4115 3197 4182 utilitate
3255 4117 3367 4200 qui
3427 4116 3500 4181 in
3541 4138 3710 4203 pago
3751 4118 4049 4183 minister
4105 4118 4229 4184 fuit
4282 4120 4355 4183 in
4398 4118 4615 4184 urbem

2682 4202 3132 4268 transferatur.
3190 4201 3305 4269 Sic
3339 4203 3516 4268 enim
3552 4223 3670 4269 sua
3702 4205 3934 4287 cuique
3969 4204 4257 4270 tenenda
4289 4211 4394 4269 est
4414 4204 4613 4276 statio,

2681 4308 2766 4353 ne
2800 4286 3005 4352 simus
3037 4287 3177 4355 loco
3213 4289 3413 4366 affixi,
3450 4287 3566 4353 ubi
3601 4289 3793 4355 aliter
3827 4288 3906 4354 de
3939 4290 4128 4357 nobis
4163 4291 4398 4356 statuit
4430 4287 4616 4355 eccle-

2682 4372 2782 4439 sia
2815 4374 3001 4440 cuius
3037 4374 3374 4440 autoritati
3410 4374 3774 4458 parendum
3809 4382 3928 4441 est.
3984 4375 4195 4441 Nemo
4230 4374 4507 4459 cupidus
4537 4372 4613 4440 sit

2681 4459 3092 4543 migrationis
3134 4481 3347 4545 neque
3388 4461 3637 4527 ambiat
3673 4481 3916 4527 novam
3949 4462 4378 4544 provinciam,
4412 4478 4613 4543 neque

2679 4551 2912 4627 sponte
2953 4544 3168 4611 locum
3209 4552 3439 4626 mutet,
3482 4567 3694 4631 neque
3732 4547 3929 4613 etiam
3964 4548 4363 4614 assentiatur
4395 4565 4612 4612 eorum

2679 4629 2937 4696 libidini
3044 4632 3112 4697 ui
3178 4632 3485 4699 ecclesiae
3548 4632 3848 4698 ordinem
3908 4634 4176 4700 turbare
4241 4632 4607 4698 moliuntur.

2678 4715 2932 4781 Verum
2976 4739 3020 4783 u
3063 4719 3086 4782 i
3122 4717 3274 4785 finis
3307 4718 3419 4782 ille
3452 4719 3826 4803 propositus
3862 4727 3964 4785 est
3993 4717 4400 4803 propagandi
4435 4715 4610 4802 regni

2679 4801 2952 4882 Christi,
3018 4813 3277 4885 praesto
3321 4804 3458 4869 sint
3498 4824 3724 4871 omnes
3767 4804 3853 4870 ad
3895 4804 4293 4888 obsequium.
4381 4803 4607 4870 Preca-

2678 4888 2874 4955 tionis
2916 4888 3212 4968 formula,
3258 4897 3337 4954 ut
3379 4891 3563 4955 Deus
3605 4891 3844 4957 bonam
3887 4899 3954 4956 et
3997 4890 4252 4957 felicem
4294 4908 4606 4956 resurree-

2677 4973 2919 5040 tionem
2964 4973 3074 5039 det
3115 4976 3414 5054 mortuis,
3457 4976 3610 5060 quia
3651 4975 3736 5041 ad
3772 4976 4072 5061 regulam
4114 4978 4280 5042 bene
4312 4971 4604 5059 precandi

2674 5079 2811 5125 non
2854 5060 3148 5143 quadrat,
3192 5060 3591 5145 repudietur.
3680 5062 3842 5128 'Pale
3883 5061 4146 5148 quidem
4186 5072 4411 5128 votum
4453 5060 4602 5144 quin

2675 5148 3014 5230 concipere
3061 5145 3272 5227 liceat,
3330 5167 3460 5214 non
3513 5146 3849 5215 contendo.
3940 5147 4019 5215 Si
4062 5148 4310 5215 amicus
4350 5145 4602 5231 sepelia-

2677 5238 2803 5311 tur,
2847 5232 2958 5299 vel
2993 5232 3075 5298 de
3110 5232 3251 5298 eius
3293 5241 3502 5300 morte
3536 5234 3775 5301 allatus
3810 5234 3900 5301 sit
3932 5235 4231 5313 nuncius,
4275 5233 4502 5317 optabo
4532 5236 4602 5295 ut

2675 5317 2908 5385 ultimo
2973 5318 3078 5385 die
3142 5319 3438 5387 coelestis
3501 5320 3746 5405 gloriae
3808 5341 4067 5388 mecum
4123 5321 4210 5388 sit
4272 5319 4595 5405 particeps.
