4850 6117
241 414 348 480 481

241 600 312 667 de
348 617 545 667 coena
582 596 901 664 nimirum
943 602 1011 664 et
1067 597 1147 665 de
1190 597 1801 683 praedestinatione,
1859 617 1946 663 ne
1986 603 2167 681 post-

240 686 349 752 hac
395 684 566 749 inter
618 704 741 750 nos
798 684 923 751 hac
983 682 1063 749 de
1118 703 1315 752 causa
1371 683 1766 751 exsisterent
1827 683 2169 769 graviores

241 770 688 848 contentiones,
734 768 1167 836 constitutum
1211 790 1356 837 esse
1400 790 1439 835 a
1472 776 1805 837 conventu
1846 776 1927 834 ut
1967 769 2169 836 absti-

240 877 526 923 neremus
568 855 651 922 ab
695 856 809 921 illo
864 875 1189 934 consessu,
1251 856 1457 923 donec
1511 854 1959 923 controversia
2002 875 2170 939 quae

238 945 396 1010 inter
437 940 881 1009 Mar-bachium
923 949 991 1009 et
1034 941 1358 1008 Zanehum
1398 941 1656 1025 pendet,
1679 946 1735 1019 ²)
1794 961 2014 1007 coram
2068 962 2168 1007 se-

239 1039 384 1095 natu
417 1027 687 1094 definita
727 1037 913 1106 esset,
960 1035 1037 1093 ut
1078 1036 1238 1094 tunc
1280 1028 1475 1094 sciret
1514 1037 1791 1112 utraque
1825 1047 1981 1111 pars
2015 1024 2172 1111 quid

241 1115 352 1181 sibi
422 1112 750 1198 agendum
814 1120 883 1180 et
950 1112 1105 1197 quid
1183 1115 1438 1180 consilii
1515 1134 1590 1181 ca
1634 1113 1903 1180 iendum
1978 1119 2169 1179 esset.

239 1198 448 1280 Vides,
477 1197 882 1266 observande
917 1208 1121 1283 pater,
1159 1208 1234 1265 ut
1266 1198 1758 1281 ἄποσυναγωγους
1795 1220 1913 1265 nos
1954 1198 2171 1266 facere

239 1295 555 1352 conentur.
626 1286 804 1351 Ante
837 1293 1135 1371 peractas
1174 1285 1503 1352 nundinas
1535 1295 1802 1371 propter
1841 1285 2171 1351 iustitium

238 1371 582 1437 remedium
627 1371 802 1436 malo
856 1371 1155 1438 adhiberi
1199 1392 1333 1438 non
1376 1380 1606 1455 potest.
1695 1371 1963 1439 Interea
2007 1380 2172 1437 tem-

238 1458 401 1541 poris
474 1456 833 1523 ineundum
914 1469 1014 1523 est
1087 1457 1448 1524 consilium.
1547 1457 1698 1523 Non
1775 1456 1969 1525 video
2048 1477 2174 1541 quo

238 1549 471 1628 spectet
510 1551 884 1627 postremus
919 1543 1027 1609 hic
1072 1544 1445 1628 tragoediae
1489 1551 1695 1622 actus,
1741 1544 1871 1608 nisi
1915 1541 1997 1609 ad
2042 1543 2173 1607 mei

238 1630 821 1696 exauctorationem
880 1636 948 1694 et
1011 1629 1215 1695 totius
1271 1630 1471 1695 huius
1528 1629 1842 1697 ecelesiae
1900 1629 2173 1711 dissipa-

237 1715 484 1796 tionem,
528 1715 658 1782 nisi
698 1716 879 1781 huno
912 1715 1267 1782 barbarum
1309 1717 1598 1782 furorem
1634 1724 2001 1798 compescat
2034 1713 2174 1778 Do-

236 1801 456 1866 minus.
536 1801 743 1867 Putat
805 1802 983 1867 enim
1049 1810 1274 1868 noster
1338 1802 1954 1879 excommunicator,
2022 1797 2175 1865 sub·

236 1906 413 1952 versa
462 1887 737 1953 ecclesia
781 1887 1105 1954 Zanchum
1154 1909 1273 1954 sua
1327 1897 1557 1971 sponte
1611 1888 1768 1955 hinc
1823 1888 2175 1964 abiturum,

237 1993 416 2056 quem
471 1994 608 2039 non
664 1980 879 2056 potest
935 1973 1121 2040 facile
1180 1995 1258 2040 ea
1321 1982 1537 2040 stante
1596 1972 1942 2057 expellere.
2037 1971 2175 2037 Nos

235 2078 471 2142 quoque
514 2059 626 2124 hio
669 2067 927 2126 nostros
965 2061 1252 2142 patimur
1294 2081 1541 2126 manes.
1600 2060 1792 2145 Roga
1814 2057 2177 2124 Dominum

234 2164 342 2226 pro
380 2145 572 2211 nobis
614 2154 681 2210 et
736 2166 854 2229 pro
904 2145 1029 2213 hac
1072 2146 1362 2213 ecclesia.
1450 2145 1626 2225 Vale,
1670 2149 1779 2211 vir
1818 2146 2064 2228 optime
2108 2149 2178 2209 et

236 2237 408 2312 pater
446 2230 517 2296 in
566 2232 853 2297 Domino
895 2230 1317 2298 observande.
1398 2231 1840 2317 Argentorati.
1916 2234 1974 2296 6.
2019 2228 2176 2296 Iulii

1003 2453 1374 2521 Gulielmus
1417 2453 1792 2522 Holbraous
1835 2460 2006 2521 tuus.

1097 3001 1303 3073 3823.

633 3156 1304 3225 BULLINGERUS
1352 3156 1787 3225 OALVINO.

404 3328 615 3411 Usque
649 3334 1039 3410 exspectabam
1069 3334 1139 3395 ut
1176 3327 1514 3395 Gondensis
1546 3330 1798 3395 tandem
1831 3331 2175 3413 aliquando

234 3414 540 3482 Helvetios
579 3415 879 3497 requirat.
947 3415 1397 3499 Landyravius
1430 3416 1507 3483 de
1546 3417 1792 3483 concilii
1821 3412 2177 3484 Tridentini

232 3502 605 3567 recusatione
658 3499 889 3566 scribit.
968 3499 1240 3567 Bremae
1294 3501 1528 3582 duplex
1569 3522 1788 3568 rerum
1841 3503 2172 3570 conversio.

229 3670 330 3738 (Ex
371 3672 715 3742 autographo
750 3671 916 3725 Arch.
954 3672 1134 3726 Turio.
1169 3672 1314 3727 Plut.
1349 3673 1438 3728 VI.
1472 3672 1592 3729 Vol.
1628 3671 1777 3737 1171»,
1823 3674 1955 3728 olim
1998 3674 2173 3730 Son-in.

444 3740 505 3796 Ο.
543 3741 684 3810 Epp.
723 3739 877 3795 Tom.
911 3740 979 3796 Π.
1017 3741 1108 3795 fol.
1143 3739 1264 3797 475.
1305 3769 1365 3781 -·
1401 3741 1614 3797 Simler.
1649 3739 1771 3798 vol.
1808 3741 1949 3811 105.)

234 3908 605 3979 Clarissimo
660 3911 805 3978 viro
850 3913 934 3979 D.
979 3910 1216 3978 Ioanni
1271 3911 1550 3978 Calvino
1604 3911 2014 3981 Genevensis
2069 3932 2173 3978 eo-

234 3994 453 4063 olesiae
508 4000 760 4082 pastori
808 3996 1189 4099 fidelissimo
1233 3997 1493 4064 domino
1535 3998 1807 4066 colendo
1864 4005 1933 4064 et
1988 3999 2175 4065 fratri

301 4122 306 4129 ·
947 4105 1282 4151 oanss1mo
1324 4105 1460 4151 suo.

389 4256 461 4326 S.
496 4257 589 4324 D.
657 4257 831 4324 Puto
870 4265 935 4323 te
979 4255 1302 4340 accepisse
1339 4277 1518 4322 meas
1561 4255 1788 4322 literas
1822 4276 1988 4339 quas
2022 4264 2175 4322 ante

233 4340 466 4427 aliquot
527 4345 663 4410 dies
717 4343 950 4426 scripsi
982 4347 1032 4417 ¹)
1077 4363 1152 4409 ac
1194 4341 1489 4408 Bernam
1540 4343 1709 4423 misi,
1761 4341 1918 4408 inde
1973 4342 2058 4407 ad
2110 4350 2175 4409 te

231 4446 341 4508 per
391 4429 728 4497 Hallerum
781 4429 1153 4496 mittendae.
1184 4514 1196 4527 ·
1233 4426 1633 4526 'significavi
1697 4429 1770 4494 in
1833 4427 1964 4493 illis
1990 4428 2175 4527 „quid

233 4518 520 4598 responsi
564 4517 924 4598 acceperim
967 4537 1006 4581 a
1049 4513 1253 4614 nobih
1287 4516 1428 4580 viro
1471 4514 1549 4581 ab
1586 4513 1883 4598 Hallwyl,
1927 4521 1997 4579 et
2034 4535 2173 4581 mo-

233 4601 564 4752 3310&ssss
619 4598 1435 4754 ‘ioniossflssltssfflffiaffi‘
1470 4600 2176 4754 eiiiissfflioissffiff

234 4771 577 4854 vetiorum‚
597 4709 818 4858 pquasi
860 4710 991 4840 illlis
1034 4738 1131 4839 uli
1149 4707 1336 4838 pvellit
1375 4709 1493 4858 pit-’o
1537 4772 1830 4841 custodia
1882 4773 1988 4838 sui
2032 4794 2174 4839 cor-

235 4858 402 4938 poris
445 4868 514 4924 et
555 4860 754 4926 sellae
795 4880 1123 4926 romanae.
1192 4857 1543 4926 Caeterum
1586 4859 1908 4926 ducentur
1948 4866 2016 4924 et
2057 4859 2175 4935 illi,

237 4942 418 5009 sicuti
486 4945 943 5029 prudentiores
1007 4946 1413 5025 ominantur,
1478 4947 1550 5011 in
1595 4945 1885 5011 Galliam
1949 4954 2177 5010 contra

237 5038 506 5097 nostros.
577 5029 656 5098 Si
700 5030 878 5099 Galli
923 5033 1198 5115 pecunia
1239 5032 1441 5097 missa
1495 5031 1693 5098 duces
1750 5031 1876 5097 sibi
1932 5029 2174 5115 delige-

438 5272 501 5339 2)
540 5271 793 5329 Schmidt.
830 5272 961 5329 aaa.
998 5271 1101 5326 658
1154 5270 1238 5339 or.
1272 5270 1338 5324 N.
1373 5269 1528 5325 3678.

240 5338 417 5394 essa.
438 5339 495 5406 1)
534 5342 610 5397 N.
646 5341 785 5397 3819
819 5357 899 5413 sq.

436 5425 657 5485 Oalvini
681 5444 867 5499 opera.
943 5427 1066 5486 Vol.
1090 5425 1267 5482 XIX.

2022 411 2187 475 1562
2230 408 2415 477 IU‘L.

4097 414 4229 479 482

2268 604 2438 676 rent,
2483 602 2554 663 et
2593 602 2868 679 mature,
2914 595 3185 663 dubium
3227 615 3363 663 non
3405 602 3506 663 est
3548 596 3710 682 quin
3752 598 3963 665 multo
4006 598 4233 685 plures

2268 703 2465 767 quam
2520 684 2632 749 isti
2687 684 2824 750 sint
2885 683 3177 749 habituri
3233 681 3497 749 milites.
3584 684 3898 750 Proxima
3960 686 4235 769 expedi·

2269 771 2447 835 tione
2492 771 2779 854 quinque
2799 769 3201 853 Pagicorum
3236 768 3428 852 pauci
3465 791 3549 836 ex
3572 768 3917 855 Durgavia
3960 781 4029 837 et
4060 771 4235 838 nuni

2270 876 2356 921 ex
2420 855 2661 922 nostris
2724 856 2997 939 profecti
3060 861 3219 920 sunt
3284 876 3433 921 cum
3498 854 3648 922 illis.
3743 854 3997 923 Omnes
4050 858 4233 923 enim

2276 938 2583 1010 Gor-densi
2625 948 2694 1007 et
2737 941 2874 1007 suis
2916 940 3162 1007 favent.
3241 941 3577 1007 Mirantur
3619 941 3885 1025 plurimi
3930 964 4050 1008 cur
4092 964 4233 1009 non

2269 1034 2452 1110 petat
2485 1036 2552 1093 et
2578 1025 2923 1094 condensis
2942 1026 3208 1092 milites.
3230 1028 3289 1104 2)
3360 1025 3496 1092 Sed
3532 1025 3986 1094 destituuntur
4018 1028 4232 1094 nostri

2269 1112 2440 1178 forte
2504 1114 2795 1195 pecunia.
2901 1112 3108 1178 Forte
3172 1111 3429 1176 malunt
3492 1112 3778 1178 militare
3843 1134 3964 1179 suo
4029 1134 4233 1197 quam

2270 1199 2620 1282 peregrino
2663 1198 2889 1264 milite.
2962 1196 3157 1279 Quod
3209 1207 3280 1262 et
3332 1198 3889 1264 consultissimum
3941 1220 4087 1267 esse
4130 1200 4233 1268 vi·

2274 1285 2483 1349 detur.
2541 1284 2867 1349 Dominus
2889 1283 3060 1348 adsit
3079 1284 3323 1349 nostris
3359 1291 3429 1349 et
3463 1286 3808 1349 confirmet
3841 1304 3972 1351 eos.
4020 1285 4235 1352 Andi-

2275 1391 2421 1436 mus
2459 1370 2694 1436 vicisse
2738 1376 3002 1435 nostros
3045 1378 3113 1434 et
3154 1369 3337 1436 fusos
3378 1390 3524 1435 esse
3560 1369 3958 1454 Guysianos.
4023 1371 4235 1438 Varie

2273 1455 2342 1520 id
2405 1463 2717 1521 narratur
2779 1454 3059 1520 necdum
3125 1452 3372 1536 aliquid
3436 1455 3597 1520 certi
3660 1456 4045 1540 accepimus.
4147 1457 4234 1522 In

2274 1542 2474 1607 horas
2519 1549 2671 1607 tuas
2713 1549 3169 1624 exspectamus
3225 1540 3452 1606 literas
3497 1541 3733 1624 quibus
3777 1542 3967 1624 plene
4021 1542 4234 1626 expli-

2276 1638 2509 1694 centur
2551 1627 2790 1692 omnia.
2884 1626 2990 1692 De
3030 1625 3360 1693 Helvetiis
3404 1627 3707 1709 profectis
3749 1628 3872 1693 sub
3917 1626 4238 1696 Frb‘lichio

2275 1714 2443 1779 nihil
2489 1713 2755 1779 auditur
2797 1712 3082 1778 omnino,

2449 1798 2881 1883 Lantyravius
2921 1798 3102 1864 hisce
3146 1796 3375 1864 diebus
3416 1799 3597 1863 misit
3649 1797 3733 1863 ad
3776 1820 3885 1865 me
3937 1799 4241 1866 tabellio·

2276 1906 2426 1951 nem
2472 1906 2624 1951 cum
2665 1883 2906 1949 literis:
2974 1885 3301 1966 significat
3344 1884 3529 1950 brevi
3568 1885 3821 1950 coitura
3863 1885 4238 1970 principum

2274 1972 2557 2048 eomitia,
2621 1971 2695 2035 in
2757 1969 2988 2052 quibus
3051 1981 3286 2054 agatur
3353 1969 3435 2034 de
3499 1969 3915 2036 recusatione
3979 1971 4243 2037 concilii

2276 2057 2663 2123 Tridentini.
2688 2056 2742 2141 θ)
2830 2057 3010 2121 Petit
3066 2076 3221 2140 ergo
3278 2076 3320 2120 a
3375 2076 3482 2120 me
3542 2055 3773 2121 audire
3829 2056 3985 2139 quid
4041 2058 4242 2123 urbes

2273 2142 2661 2209 Helveticae
2714 2141 3129 2226 evangelium
3187 2140 3575 2224 profitentes
3618 2163 3694 2207 ea
3752 2144 3823 2207 in
3867 2162 3941 2207 re
3992 2142 4242 2210 consti·

2277 2231 2525 2294 tuerint
2556 2236 2624 2293 et
2658 2226 3137 2311 responderint.
3207 2227 3568 2292 Existimat
3599 2228 3761 2292 item
3796 2228 4240 2294 necessarium

2277 2335 2450 2394 esse,
2512 2324 2588 2379 ut
2640 2313 2935 2378 Helvetii
2992 2333 3157 2380 evan
3206 2312 3410 2377 elium
3464 2315 3846 2394 profitentes
3903 2314 4241 2397 suppetias

2275 2401 2546 2465 mittant
2588 2398 2909 2478 CondenSi,
2969 2399 3140 2482 siqui
3188 2420 3294 2463 em
3353 2399 3653 2480 papistici
3707 2400 3927 2482 copias
3970 2400 4242 2465 mittant

2283 2486 2543 2569 θυμία.
2622 2485 2789 2550 Inde
2828 2484 3237 2551 oooasionem
3291 2484 3534 2568 accipio
3579 2484 3887 2550 hortandi
3931 2485 4119 2551 illum
4163 2495 4244 2551 ut

2279 2581 2348 2638 et
2399 2574 2543 2657 ipse
2599 2592 2731 2636 una
2783 2591 2935 2637 cum
2991 2569 3394 2655 principibus
3452 2571 3848 2654 evangelicis
3906 2571 4242 2656 suppetias

2279 2658 2499 2723 ferant
2517 2655 2552 2688 ⁴*
2594 2655 2918 2735 Condensi,
2964 2677 3171 2756 quum
3228 2654 3502 2720 videant
3555 2655 3808 2740 equites
3866 2663 3934 2723 et
3985 2657 4244 2742 pedites

2280 2764 2366 2808 ex
2407 2744 2650 2810 vicinia
2688 2743 3013 2827 proficisci
3056 2742 3139 2808 ad
3179 2740 3512 2825 Gay-sium.

2453 2828 2601 2896 Scis
2644 2829 3038 2895 Bremenses
3095 2828 3166 2892 in
3223 2848 3482 2893 summo
3536 2828 3789 2894 versari
3843 2826 4239 2894 discrimine.

2280 2914 2549 2981 Eiectus
2590 2921 2694 2981 est
2728 2914 3028 2980 Albertus
3062 2920 3304 2979 noster.
3328 2917 3386 2991 ⁴)
3455 2913 3618 2979 Mox
3651 2920 3797 2979 orta
3839 2922 3941 2980 est
3981 2913 4238 2981 seditio.

2280 3001 2385 3066 Ea
2427 3000 2780 3084 composita
2821 3000 3032 3065 nostri
3076 3005 3433 3081 coeperunt
3475 3019 3617 3065 esse
3660 3000 4045 3083 superiores.
4119 2998 4245 3065 Mi-

2278 3097 2557 3171 grarunt
2612 3107 2768 3170 ergo
2823 3085 2979 3152 inde
3035 3086 3325 3151 ministri
3385 3085 3777 3151 Lutherani.
3849 3085 4013 3152 Mox
4070 3086 4247 3153 bona

2277 3192 2431 3257 pars
2474 3180 2744 3239 senatus
2789 3177 3065 3256 sequuta
3107 3178 3225 3237 est.
3303 3170 3575 3236 Insidiis
3613 3171 3845 3237 urbem
3888 3170 4136 3238 adoriri
4176 3180 4247 3239 et

2481 3481 2542 3551 2)
2583 3480 2736 3550 Quae
2849 3479 3000 3534 aebet
3045 3477 3259 3532 Soldan
3295 3478 3368 3532 ΙΙ.
3416 3477 3487 3533 52
3531 3494 3644 3533 non
3691 3483 3829 3534 satie
3862 3494 3990 3535 vero
4022 3494 4245 3535 wacen-

2275 3558 2442 3607 ianea
2485 3557 2629 3606 sum.
2780 3590 2794 3602 .
2846 3550 3008 3603 etiam
3048 3546 3204 3601 3789.
3238 3543 3397 3600 3802.
3484 3547 3813 3603 ΚΖιιοΙοΙιοῙιη
3857 3549 3899 3602 Ι.
3934 3547 4039 3602 317
4074 3564 4152 3619 eq.
4186 3552 4243 3603 et

2276 3626 2387 3676 not.
2451 3619 2529 3674 ad
2568 3636 2623 3689 p.
2764 3657 2778 3673 .
2852 3618 2997 3672 Hier.
3038 3618 3162 3671 ecel.
3196 3616 3271 3670 11.
3316 3614 3411 3671 88:
3480 3615 3562 3670 Le
3596 3617 3908 3670 triumvir-at
3943 3625 4110 3687 ayant
4143 3633 4238 3670 en·

2274 3689 2411 3759 voye·
2459 3706 2529 3743 en
2563 3689 2876 3752 Allemagne
2911 3685 3264 3755 quuendolf
3300 3690 3357 3739 et
3411 3686 3464 3739 le
3509 3691 3688 3740 comte
3733 3686 4045 3777 Rhingrave
4096 3702 4241 3755 ponr

2274 3758 2551 3812 recueillir
2590 3757 2688 3811 des
2723 3757 2975 3810 Rheitres
3019 3763 3078 3809 et
3130 3755 3226 3809 des
3263 3753 3657 3825 Lansquenets,
3703 3771 3766 3809 oe
3812 3770 3885 3823 qu
3901 3758 4083 3808 estant
4117 3755 4245 3808 des-

2275 3833 2504 3882 convert
2591 3843 2653 3880 ar
2686 3825 2915 3895 l’argent
2964 3824 3038 3877 du
3090 3824 3286 3877 Prince
3341 3824 3435 3890 (de
3485 3820 3693 3890 Condi)
3758 3828 3940 3876 estant
3997 3839 4067 3875 en
4113 3823 4244 3878 Ale-

2273 3912 2484 3965 magne,
2535 3843 2588 3949 il1
2627 3910 2938 3963 commoneo
2971 3893 3040 3947 de
3073 3909 3136 3946 sa
3168 3897 3296 3963 part
3329 3891 3363 3945 a
3395 3908 3658 3962 preparet
3708 3908 3771 3945 oe
3806 3891 3901 3960 qni
3952 3891 4117 3944 estoit
4150 3907 4239 3946 re·

2276 3967 2405 4088 ⁰¹33
2433 3963 2948 4102 1'1‘535.¹?3⁶f›.12‘22⁸¹
2982 3960 3983 4096 0⁰32⁰5500b31¹3e¹21231of⁰0fflni¹302¹233
3986 3960 4132 4098 ⁸252
4153 3960 4240 4083 12:

2274 4051 2502 4156 grinosa
2536 4101 2892 4170 d’Alemagne
2916 4075 3274 4153 ’fonrnissent
3319 4114 3424 4151 eux
3467 4111 3698 4150 mesmes
3742 4113 3874 4165 gens
3920 4101 3980 4149 et
4025 4102 4239 4167 argent.

2277 4172 2356 4226 Le
2392 4171 2713 4240 Landgrave
2758 4173 3076 4223 esmouvant
3121 4174 3244 4219 tons
3289 4165 3370 4218 les
3414 4170 3600 4218 autres
3634 4165 3702 4218 ils
3738 4165 4132 4219 s'acoorderent
4163 4166 4239 4221 de

2316 4246 2495 4294 rester
2536 4240 2690 4292 voire
2733 4239 2802 4291 de
2850 4238 3058 4291 donner
3106 4232 3329 4298 100,000
3370 4233 3423 4285 fl.
3480 4232 3596 4286 d'or
3648 4248 3781 4287 avec
3832 4235 4129 4303 capitaines
4177 4241 4238 4289 et

2314 4325 2520 4363 ommes
2556 4346 2569 4360 .
2611 4347 2624 4360 .
2662 4346 2676 4359 .
2713 4342 2726 4356 .
2803 4305 2962 4374 Quod
2994 4304 3073 4359 ad
3122 4310 3330 4371 tempus
3375 4301 3741 4367 definiendum
3776 4304 3969 4357 attinet
4000 4318 4067 4357 σε
4102 4303 4239 4359 locis

2275 4379 2523 4433 laudatis
2584 4376 2799 4444 colliqes
2854 4374 3278 4429 Instructiouem
3335 4388 3373 4425 a
3430 4369 3683 4427 Gondaeo
3741 4369 3978 4426 Dohnae
4045 4372 4239 4429 duan

2271 4446 2468 4517 (Mem.
2527 4445 2594 4500 de
2645 4440 2829 4498 Gonde'
2873 4443 2966 4497 ΙΙΙ.
3013 4439 3143 4506 498)
3189 4440 3266 4496 ad
3306 4438 3459 4508 prid.
3498 4439 3592 4495 Ia.
3641 4439 3834 4493 Maias
3888 4440 4238 4506 referendam

2275 4532 2406 4581 esse,
2446 4514 2765 4569 Palatinum
2804 4511 2919 4566 Gal.
2956 4510 3144 4565 Iuniis
3192 4508 3556 4577 reapondisse,
3613 4507 3726 4562 Gal.
3765 4508 3878 4563 luz.
3919 4508 4235 4566 Condacum

2278 4585 2425 4640 Lud.
2462 4584 2528 4638 de
2561 4583 2686 4637 Bar
2730 4584 2791 4635 in
2842 4579 3194 4635 Germaniam
3240 4578 3477 4643 misisse,
3521 4593 3575 4630 a.
3611 4576 3666 4631 d.
3707 4575 3892 4632 XIII.
3933 4577 4049 4634 Gal.
4086 4579 4232 4650 Auo.

2272 4653 2600 4709 Andelotwm
2634 4649 2923 4704 Heidelber
2959 4665 3047 4702 am
3083 4648 3293 4704 venisse
3325 4652 3418 4700 ete.

2480 4720 2542 4788 3)
2593 4719 2678 4781 C't'.
2721 4718 2801 4774 N.
2845 4717 2914 4771 37
2988 4759 3000 4772 .
3083 4717 3206 4770 Iam
3252 4715 3568 4782 Numburoi
3602 4713 3896 4780 Principes
3957 4716 4148 4781 (initio
4197 4733 4238 4771 a

2276 4790 2439 4858 1561)
2471 4789 2689 4844 concilii
2728 4788 3075 4841 autoritatem
3121 4800 3178 4839 ee
3220 4782 3510 4854 agnituros
3552 4788 3842 4849 amarunt.
3916 4784 4040 4839 Hoc
4085 4800 4235 4841 anno

2273 4876 2345 4913 m.
2381 4859 2573 4926 Aprili
2611 4860 2806 4911 iterum
2856 4857 2999 4910 itaer
3042 4869 3131 4908 eos
3178 4853 3245 4907 de
3289 4869 3355 4908 ea
3396 4868 3458 4906 re
3492 4851 3845 4907 deliberatum
3880 4859 3975 4920 est,
4021 4860 4072 4908 et
4105 4868 4235 4908 con-

2274 4932 2467 4982 ventus
2506 4926 2748 4994 primum
2783 4940 2854 4977 m.
2889 4924 3058 4978 Iunio
3097 4921 3313 4976 Melae
3347 4921 3629 4976 habendus
3661 4925 3724 4976 in
3762 4920 4119 4990 Septembrem
4151 4938 4237 4977 re-

2271 4998 2474 5050 missus
2507 5000 2586 5050 est
2619 4993 2853 5062 (Heppe,
2890 4992 3058 5046 ἀκοὴ.
3096 4990 3250 5046 Prot.
3285 4991 3327 5045 1.
3361 4988 3514 5055 477).

2480 5063 2542 5129 4)
2582 5062 3031 5130 Hardenberaiuc
3082 5060 3137 5115 d.
3187 5058 3273 5113 18.
3317 5059 3483 5114 Febr.
3528 5057 3663 5112 1561
3701 5057 3957 5112 Bremam
4011 5062 4235 5113 coaetus

2272 5133 2582 5202 reliquerat.
2654 5130 2850 5184 Novus
2893 5129 3346 5197 superintendens
3382 5127 3512 5182 Sim.
3552 5128 3821 5181 Musaeus
3850 5127 4239 5196 questo-luthe-

2274 5217 2453 5257 ranus
2484 5200 2777 5257 hierarcha
2811 5205 2922 5253 tam
2955 5200 3085 5255 bene
3119 5201 3226 5267 eqit
3260 5204 3320 5253 ut
3354 5197 3543 5251 consul
3577 5195 3653 5249 D.
3690 5211 3742 5249 a.
3767 5196 3958 5249 Barea
3991 5210 4113 5249 eum
4146 5197 4235 5250 di·

2276 5272 2508 5327 mitteret
2539 5276 2591 5325 et
2624 5268 2906 5324 ministros
2947 5273 3150 5322 vetaret
3190 5268 3254 5322 in
3290 5264 3763 5335 Hardenberaium
3796 5279 3827 5318 e
3859 5269 4112 5333 mycen
4146 5265 4249 5320 in-

2274 5340 2412 5397 vehi.
2484 5338 2739 5410 (Spieyel,
2777 5337 2991 5394 Hardb.
3022 5335 3127 5391 329
3161 5335 3263 5403 ee.)
