4850 6117
516 425 635 487 ⁷11

517 610 963 695 Martinmyus
993 608 1045 695 θ)
1080 609 1310 676 scribit
1344 606 1743 675 cardinalem
1766 606 2218 691 Lotharinqum
2248 628 2462 673 moes-

517 705 660 763 tum
724 703 791 762 et
853 696 1038 780 cquis
1102 696 1249 761 citis
1311 717 1431 779 per
1489 692 1989 761 Pedemontinm
2055 692 2328 758 rediisse
2389 693 2462 758 in

518 782 827 850 Galliam.
848 785 905 857 ⁷)
960 782 1253 847 Venetos
1288 781 1717 848 vehementer
1750 781 1831 847 ob
1865 779 2199 845 interitum
2230 778 2466 862 Guysii

515 867 761 952 lugere.
843 868 1246 934 Mercatores
1289 868 1499 934 nostri
1542 865 1979 932 Franckforto
2022 862 2317 930 nondum
2360 885 2466 930 re·

518 953 715 1021 diere.
774 950 1058 1036 Quidam
1096 952 1356 1038 quidem
1402 953 1673 1030 rediere,
1718 950 1831 1018 sed
1876 951 1990 1035 qui
2033 950 2199 1016 nihil
2244 950 2467 1017 obser-

515 1047 778 1106 varunt.
838 1039 1330 1105 Frosohoverwn
1352 1040 1455 1104 his
1479 1038 1704 1104 diebus
1727 1045 2198 1121 exspectamus.
2246 1035 2466 1119 Quam

515 1146 675 1194 vero
734 1146 1036 1208 cuperem
1105 1124 1509 1191 occasionem
1569 1122 1712 1189 dari
1777 1124 1963 1189 nobis
2026 1122 2466 1207 consequendi

516 1212 708 1278 istius
752 1212 1010 1295 antiqui
1052 1209 1274 1277 calicis
1318 1209 1787 1293 Oenipontani,
1848 1209 1960 1292 qui
2016 1210 2310 1275 carmina
2352 1208 2467 1273 illa

516 1298 629 1382 pia
671 1297 959 1377 exhibet,
1022 1296 1104 1362 de
1160 1297 1396 1380 quibus
1441 1296 1605 1361 mihi
1660 1294 2014 1362 ineundam
2057 1295 2464 1360 historiolam

514 1387 589 1449 in
653 1385 785 1450 tuis
848 1383 1053 1448 refers
1116 1382 1344 1448 literis.
1372 1387 1422 1461 ¹³)
1503 1381 1740 1447 Poloni
1803 1379 2110 1447 dicuntur
2174 1381 2468 1466 graviter

517 1490 601 1535 ur
646 1470 744 1534 eri
787 1490 829 1534 a
869 1470 1128 1535 Moseis.
1146 1472 1206 1548 ¹³)
1279 1467 1608 1534 Dominus
1651 1467 1889 1533 liberet
1939 1488 2067 1547 eos,
2126 1475 2195 1531 et
2248 1467 2467 1550 potius

518 1553 780 1639 quidem
826 1554 908 1621 ab
934 1554 1430 1641 Lysmanninis,
1467 1551 1947 1620 Blandradistis
1991 1561 2060 1618 et
2103 1552 2247 1619 aliis
2289 1552 2471 1617 Itali-

519 1641 613 1708 cis
658 1641 992 1707 monstris.
1064 1640 1244 1708 Satis
1287 1641 1496 1705 multa
1536 1661 1765 1706 rursus
1810 1637 1891 1704 ad
1938 1646 2004 1704 tc
2039 1637 2120 1705 de
2156 1639 2263 1704 his
2306 1640 2467 1706 scri-

516 1728 617 1795 bit
674 1727 1009 1811 piissimus
1067 1727 1173 1792 vir
1221 1726 1490 1792 Trebius.
1562 1724 1638 1793 Si
1697 1724 1856 1809 quid
1913 1747 2068 1810 ergo
2122 1733 2307 1810 potes
2361 1724 2469 1791 fac

519 1811 627 1879 vel
692 1814 765 1878 in
838 1813 1119 1897 gratiam
1184 1818 1284 1878 tot
1357 1812 1613 1897 piorum
1679 1811 1749 1876 in
1816 1811 2092 1878 Polonia
2157 1811 2466 1877 virorum.

522 1896 810 1982 Operam
870 1906 933 1963 et
992 1899 1353 1983 impensam
1411 1919 1543 1963 non
1586 1897 1835 1981 perdes.
1907 1895 2235 1962 Dominus
2276 1897 2470 1963 bene-

521 1983 694 2049 dicat
737 1983 876 2061 tibi,
934 1993 999 2049 et
1054 1991 1277 2050 servet
1333 1993 1398 2048 te
1442 1983 1627 2050 nobis
1673 1981 1785 2048 diu
1828 1983 2244 2049 incolumem.
2309 1983 2472 2048 Filii

517 2069 669 2148 mei,
714 2070 964 2154 generi,
1009 2072 1259 2148 affines,
1299 2070 1536 2136 fratres
1579 2077 1649 2135 et
1688 2079 2093 2154 symmystae
2137 2090 2363 2135 omnes
2405 2077 2472 2134 et

517 2156 835 2221 universa
895 2154 1123 2222 domus
1175 2176 1324 2221 mea
1368 2163 1432 2220 te
1490 2155 1731 2221 salutat
1787 2162 2182 2220 reverenter.
2254 2155 2469 2221 Recu-

520 2238 711 2306 detur
755 2262 909 2306 mox
952 2263 1099 2308 mea
1155 2242 1490 2325 responsio
1535 2242 1686 2307 data
1729 2241 1982 2320 ultima,
2029 2240 2309 2307 Brentio.
2392 2239 2470 2307 Si

517 2327 676 2410 quid
736 2327 1128 2392 mutandum
1189 2327 1463 2406 videtur,
1524 2347 1761 2410 quaeso
1817 2328 2146 2411 significes
2187 2328 2258 2392 in
2304 2335 2466 2391 tem-

562 2433 693 2479 ore.
765 2412 895 2478 Ubi
940 2415 1114 2479 enim
1172 2412 1415 2478 librum
1470 2422 1534 2477 te
1594 2414 1918 2497 accepisse
1963 2434 2046 2479 ex
2090 2415 2222 2479 tuis
2279 2412 2466 2478 intel-

514 2434 669 2578 fexi,
731 2519 918 2582 spero
973 2507 1039 2564 te
1094 2500 1304 2565 obiter
1354 2499 1733 2582 inspexisse.
1816 2497 2085 2582 Optime
2130 2499 2292 2579 vale,
2354 2496 2467 2564 do-

514 2584 698 2649 mine
742 2585 835 2649 mi
894 2592 960 2649 et
1012 2585 1232 2649 frater.
1304 2583 1536 2651 Saluta
1591 2583 1831 2650 fratres
1889 2593 1956 2649 et
2008 2586 2265 2666 amieos,
2313 2584 2463 2652 Ion-

513 2671 773 2736 villeum
815 2671 1155 2755 imprimis.
1228 2670 1463 2755 Tiguri
1515 2675 1606 2735 17.
1656 2669 1907 2755 Aprilis
1957 2674 2137 2737 1563.

1633 2807 2065 2892 Bullingerus
2111 2816 2279 2873 tuus.

1269 3102 1675 3111 ——-——.

1392 3351 1590 3425 8936.

1022 3508 1455 3578 zANOHUS
1501 3508 1938 3577 OALVINO.

685 3681 1012 3747 Summam
1054 3687 1111 3747 et
1151 3684 1387 3749 exitum
1429 3681 1619 3746 totius
1655 3703 1808 3749 suae
1854 3683 2221 3766 tragoediae,
2268 3702 2459 3766 quam

504 3773 696 3847 vocat,
737 3768 884 3849 fuse
915 3768 1119 3849 refert.

785 3939 896 4004 (Ex
931 3938 1103 3995 Tomo
1140 3940 1300 3995 VIII.
1337 3939 1473 4011 Opp.
1515 3941 1718 3996 Zanchi
1754 3941 1813 3995 P.
1849 3939 1917 3994 11.
1952 3957 2009 4010 p.
2047 3939 2192 4010 135.)

678 4111 750 4177 S.
825 4116 1036 4177 Actus
1079 4121 1344 4178 nostrae
1391 4114 1776 4197 tragoediae,
1825 4135 1993 4197 quae
2038 4112 2376 4179 biennium
2411 4118 2460 4192 ι)

511 4195 792 4276 duravit,
838 4217 1177 4280 nunquam
1214 4198 1392 4265 volui
1433 4201 1515 4264 ad
1560 4208 1642 4281 te,
1690 4200 2064 4268 doctissime
2102 4209 2291 4286 pater
2316 4198 2462 4267 Gaz-

507 4284 668 4362 vine,
714 4284 911 4349 certis
971 4282 1051 4348 de
1107 4286 1317 4351 causis
1371 4287 1684 4353 scribere:
1708 4288 1764 4364 2)
1811 4306 2090 4370 quarum
2136 4307 2267 4351 non
2311 4305 2461 4369 pos-

509 4373 722 4433 trema
762 4369 909 4449 fuit,
962 4369 1136 4453 quod
1179 4370 1348 4436 nihil
1390 4373 1602 4456 magis
1647 4374 1969 4455 potuisset
2009 4380 2236 4451 totam,
2282 4392 2461 4437 eam-

560 4724 570 4739 ·
717 4656 776 4725 6)
818 4656 1038 4729 Ulysses
1111 4659 1258 4715 Celsi
1299 4677 1352 4743 ᾳ.
1409 4658 1551 4741 1557.
1599 4659 1850 4743 βακυαε
1895 4662 2098 4715 mortuo·
2139 4661 2344 4744 affinis,
2358 4732 2370 4744 ·
2397 4668 2464 4719 ut

509 4723 742 4808 udatus,
800 4739 975 4781 comes
1009 4702 1361 4812 ᾐανοήεηριε,
1402 4736 1674 4797 pommus
1717 4729 1964 4812 Venetus,
2002 4729 2214 4785 Zancht
2254 4746 2465 4785 amnone

510 4809 609 4863 qut
659 4809 712 4874 ᾳ
744 4810 796 4848 a.
846 4794 982 4850 1585
1029 4798 1417 4865 confesszoncm
1463 4815 1618 4854 suam
1664 4799 1886 4853 ducaret.
1962 4798 2133 4868 (Opp.
2181 4799 2313 4855 VII.
2356 4798 2463 4854 463

508 4861 685 5056 ζωῷ·
718 4929 774 4998 7)
865 4863 1086 4988 tgmdl
1092 4866 1346 4991 1⁸)Rediit
1389 4936 1532 4991 enim
1577 4934 1786 4991 &mum
1832 4952 1904 4993 m.
1952 4934 2088 4991 Dec.
2133 4935 2290 5003 finito
2335 4953 2465 4993 ccm-

715 5066 778 5137 s)
808 5067 873 5122 Ν.
908 5068 1062 5123 3929.

509 5205 696 5260 aeae.
714 5136 772 5271 i1³3
805 5137 889 5259 [137
904 5136 1113 5290 εξῗέῗιῗ,

504 5341 619 5410 Μ
657 5272 1024 5400 Νῖῶῧὸῑέἳέηια
1060 5291 1180 5332 etus
1214 5277 1296 5332 ad
1313 5276 1602 5335 Calvinum
1631 5296 1796 5351 quam
1830 5294 1933 5336 nos
1963 5280 2177 5350 quiden
2205 5280 2460 5338 habemus

2018 415 2546 485 EPISTOLAE
2589 417 3012 482 3935-3936

4371 422 4502 484 ¹712

2560 628 2686 691 que
2721 604 2980 686 bonam,
3016 605 3310 671 funditus
3332 614 3624 673 nostram
3660 614 3953 675 evertere
3985 628 4244 676 causam
4283 609 4507 691 (tanta

2562 700 2665 758 est
2704 691 2903 758 huius
2946 690 3190 758 saeculi
3230 692 3302 756 in
3334 693 3506 759 viros
3550 692 3631 759 de
3674 693 3944 761 ecclesia
3965 694 4215 761 Christi
4258 697 4506 780 optime

2564 779 2831 844 meritos
2865 777 3296 861 ingratitudo)
3335 799 3531 861 quam
3566 780 3623 844 si
3657 801 3696 844 a
3731 781 3973 847 nostris
4007 783 4322 849 rescitum
4364 782 4508 847 ulla

2564 865 2818 930 ratione
2873 863 3125 943 fuisset,
3168 885 3273 930 me
3333 863 3416 929 ad
3481 862 3812 934 Calvinum
3866 866 3948 931 de
4004 887 4200 933 causa
4254 876 4504 948 nostra,

2565 950 2755 1035 quasi
2797 949 3047 1015 consilii
3084 948 3167 1016 ab
3210 970 3285 1015 eo
3327 950 3623 1034 capiendi
3665 972 3866 1018 causa
3901 954 4249 1039 scripsisse.
4322 955 4507 1039 Ergo

2566 1035 2739 1120 quod
2793 1055 2911 1119 per
2964 1035 3087 1101 hoo
3143 1043 3404 1119 tempus
3455 1036 3659 1121 piger,
3712 1039 3844 1103 imo
3887 1039 4112 1105 nullus
4152 1040 4388 1106 fuerim
4432 1042 4504 1106 in

2564 1121 2906 1189 scribendo
2960 1121 3043 1186 ad
3100 1131 3185 1202 te,
3244 1142 3402 1206 rogo
3456 1123 3529 1187 in
3584 1143 3728 1189 eam
3770 1125 4048 1209 accipias
4105 1135 4375 1209 partem,
4431 1128 4508 1192 in

2566 1229 2763 1293 quam
2808 1214 2884 1274 ut
2917 1209 3197 1293 accipias
3231 1207 3374 1291 ipsa
3408 1209 3701 1293 aequitas
3735 1217 3802 1275 et
3835 1212 4045 1294 pietas
4078 1221 4273 1296 atque
4306 1212 4510 1278 etiam

2563 1315 2711 1359 mea
2752 1295 2822 1359 in
2867 1302 2933 1360 te
2976 1295 3397 1361 observantia
3435 1294 3744 1379 postulat.
3815 1298 3968 1363 Huc
4012 1298 4280 1378 aceedit,
4335 1298 4510 1383 quod

2566 1380 2878 1464 quamdiu
2941 1382 3110 1446 vixit
3172 1401 3358 1445 meus
3436 1402 3589 1448 vere
3665 1383 4115 1450 observandus
4192 1396 4378 1467 pater
4439 1392 4513 1451 et

2565 1473 2949 1549 praeceptor
3005 1467 3381 1532 carissimus
3429 1466 3657 1532 Petrus
3700 1468 3973 1553 Martyr,
3993 1468 4051 1555 ⁸)
4106 1469 4284 1536 illius
4337 1491 4507 1535 sem-

2567 1572 2703 1635 per,
2749 1561 2823 1616 ut
2867 1551 3198 1631 debebam,
3257 1552 3354 1617 ita
3395 1574 3556 1619 usus
3601 1574 3745 1619 sum
3790 1556 4094 1635 consiliis,
4140 1563 4217 1621 ut
4260 1555 4508 1623 iudica-

2566 1638 2712 1716 rim,
2780 1637 2941 1705 alios
2999 1659 3271 1724 magnos
3323 1639 3500 1706 viros
3568 1647 3633 1706 et
3696 1641 3769 1705 in
3833 1641 4028 1707 rebus
4094 1643 4511 1725 gravioribus

2568 1736 2911 1807 occupatos
2945 1725 3121 1790 haud
3168 1746 3308 1791 esse
3352 1747 3391 1790 a
3424 1746 3530 1791 me
3565 1725 4019 1793 molestandos.
4091 1728 4286 1794 Nunc
4327 1750 4510 1795 sum-

2568 1829 2762 1888 mam,
2799 1812 3180 1894 praesertim
3205 1830 3362 1877 vero
3397 1811 3666 1890 exitum,
3704 1814 3904 1879 totius
3943 1814 4335 1899 tragoediae,
4358 1816 4513 1898 quia

2568 1895 2738 1975 licet,
2782 1896 2863 1961 ad
2909 1904 2975 1961 te
3019 1896 3244 1963 scribo.
3317 1897 3545 1980 Neque
3579 1898 3702 1966 hoc
3747 1909 4009 1978 temere,
4052 1901 4166 1966 sed
4211 1909 4285 1965 ut
4326 1906 4510 1965 tuam

2569 1981 2650 2048 de
2685 2001 2763 2046 ea
2796 1983 3192 2048 sententiam
3228 1983 3509 2064 audim,
3546 1984 4035 2071 consiliumque,
4072 1986 4130 2052 si
4151 1987 4308 2069 quid
4344 1986 4514 2053 facto

2569 2088 2735 2152 opus
2779 2069 2880 2147 sit,
2924 2090 3042 2152 pro
3085 2068 3294 2153 gloria
3338 2070 3463 2134 Dei
3509 2071 3836 2154 accipiam.

2738 2153 3011 2219 Initium
3047 2155 3243 2221 huius
3280 2158 3758 2222 controversiae
3780 2157 3950 2241 quod
3986 2167 4052 2224 et
4084 2158 4279 2242 quale
4315 2158 4514 2223 fuerit

2568 2238 2758 2306 credo
2799 2249 2864 2305 te
2901 2263 2983 2307 ex
3024 2241 3251 2306 multis
3292 2241 3713 2321 intellexisse,
3751 2244 4056 2309 affectum
4094 2245 4337 2311 scilieet
4371 2245 4514 2309 vin·

2567 2324 2777 2392 dictae
2822 2327 2890 2389 in
2937 2325 3308 2393 Marbachio
3350 2336 3577 2392 contra
3619 2349 3743 2407 me,
3802 2330 3973 2413 quod
4030 2330 4375 2410 effecerim,
4436 2338 4515 2396 ut

2567 2432 2644 2477 su
2693 2412 3088 2495 primeretur
3130 2412 3439 2479 Heshusii
3491 2412 3672 2494 liber,
3691 2414 3749 2500 ⁴)
3806 2437 3999 2499 quem
4055 2416 4187 2496 ille,
4245 2417 4369 2481 hoo
4410 2425 4515 2482 est

2644 2497 2996 2578 arbachius,
3034 2500 3438 2583 Argentinae
3482 2502 3796 2567 ementito
3832 2502 4116 2568 civitatis
4160 2504 4511 2582 nomine,⁵)

2566 2591 2633 2647 et
2696 2583 2862 2649 clam
2929 2585 3320 2668 magistratu
3386 2594 3740 2670 contraque
3814 2588 4022 2673 legem
4087 2590 4513 2672 magistratus

2565 2669 3079 2753 imprimendum
3103 2680 3468 2738 curaverat.
3526 2673 3684 2738 Fuit
3720 2694 3874 2758 ergo
3910 2673 4058 2740 leve
4081 2674 4510 2759 principium:

2566 2761 2633 2818 at
2675 2775 3061 2840 progressus
3104 2756 3250 2837 fuit,
3308 2766 3382 2822 ut
3424 2759 3617 2822 etiam
3663 2759 3854 2825 credo
3899 2767 3963 2824 te
4007 2782 4140 2825 non
4184 2762 4511 2844 ignorare,

2566 2841 2859 2925 gravior:
2907 2842 3121 2909 exitus
3158 2865 3313 2909 vero
3358 2843 3535 2909 haud
3577 2845 3919 2911 iucundus.
3990 2846 4160 2911 Nam
4207 2846 4380 2929 quod
4424 2845 4510 2911 ad

2564 2947 2980 3011 progressum
3034 2931 3286 3010 attinet,
3347 2939 3685 2996 accusatus
3737 2932 3829 2997 fui
3874 2951 4026 2996 mox
4072 2932 4152 2997 de
4197 2932 4511 3017 gravissi-

2563 3013 2690 3077 mis
2732 3014 3132 3095 criminibus,
3188 3037 3321 3081 non
3379 3015 3635 3100 quidem
3691 3018 3759 3083 in
3808 3021 3956 3098 vita,
4003 3018 4130 3083 Dei
4175 3018 4508 3098 beneficiO,

2563 3098 2678 3164 sed
2711 3097 2781 3163 in
2821 3099 3199 3182 doctrina.⁶)
3262 3100 3488 3183 Quum
3513 3111 3780 3169 ventum
3816 3113 3915 3169 est
3951 3103 4031 3169 ad
4066 3105 4507 3187 probationes,

2562 3193 2971 3252 accusatores
3029 3187 3194 3251 nihil
3254 3196 3604 3270 potuerunt
3660 3209 3778 3272 per
3834 3190 4168 3255 biennium
4213 3190 4505 3275 probare.

2561 3269 2638 3335 Si
2694 3271 2869 3335 enim
2929 3272 3052 3338 hoc
3107 3274 3494 3357 potuissent,
3560 3276 3703 3358 quis
3768 3273 4024 3341 dubitat
4088 3298 4173 3341 an
4239 3277 4508 3342 fuissem

2560 3377 2713 3421 mox
2760 3358 3273 3425 condemnatus?
3344 3361 3489 3444 Ego
3515 3382 3667 3428 vero
3698 3370 3923 3427 contra
3956 3363 4277 3447 principio
4311 3383 4510 3447 quas-

2560 3441 2712 3508 dam
2748 3442 2968 3528 depuli
3014 3447 3458 3512 accusationes
3503 3454 3812 3530 tanquam
3850 3448 4303 3527 calumniosas,
4351 3449 4508 3514 sim-

2558 3528 2712 3611 plici
2755 3530 3134 3614 negatione:
3180 3532 3492 3615 quasdam
3539 3531 3805 3600 admisi:
3868 3532 3981 3600 sed
4025 3556 4104 3600 ea
4148 3533 4228 3600 de
4272 3536 4507 3619 quibus

2559 3617 2928 3696 accusabar,
2989 3639 3196 3701 neque
3240 3619 3307 3683 in
3354 3618 3477 3685 hac
3532 3618 3756 3684 schola
3801 3621 4269 3705 Argentinensi
4316 3641 4506 3701 nova,

2558 3723 2769 3785 neque
2832 3704 2901 3766 in
2956 3723 3027 3767 se
3080 3704 3429 3784 haeretica,
3497 3704 3615 3771 sed
3679 3707 3947 3790 antiqua
4010 3715 4077 3770 et
4141 3706 4508 3773 orthodoxa

2558 3807 2702 3852 esse
2767 3788 3100 3872 contendi..
3183 3792 3352 3856 Rem
3418 3792 3510 3857 ita
3572 3812 3642 3857 se
3701 3791 3944 3858 habere
3997 3792 4210 3874 recepi
4264 3813 4390 3872 me,
4445 3792 4507 3857 si

2558 3874 2975 3956 permitterer
3016 3876 3084 3940 in
3129 3875 3514 3941 lectionibus
3556 3876 3720 3943 meis
3760 3898 4051 3963 pergere,
4098 3876 4507 3943 demonstra-

2558 3969 2800 4023 turum.
2869 3959 3303 4029 Interdictum
3348 3963 3522 4027 enim
3567 3962 3730 4028 mihi
3773 3965 3996 4030 statim
4039 3963 4253 4029 fuerat
4296 3964 4510 4030 conti-

2559 4045 2869 4109 nuatione
2913 4067 3096 4112 meae
3152 4049 3560 4114 tractationis
3615 4046 3695 4113 de
3750 4051 4274 4132 perseveratione
4318 4072 4507 4116 sanc-

2562 4145 2794 4196 torum.
2892 4132 3294 4198 Adversario
3360 4142 3579 4200 autem
3667 4134 3981 4218 quidquid
4044 4134 4238 4201 libuit
4301 4136 4507 4202 licuit.

2559 4216 2707 4282 Hac
2765 4216 2846 4282 de
2901 4237 3097 4284 causa
3152 4219 3394 4286 factum
3435 4227 3538 4286 est
3581 4228 3656 4286 ut
3717 4222 3787 4285 in
3843 4220 4151 4301 scholam,
4216 4220 4394 4305 quod
4435 4222 4510 4285 in

2561 4322 2640 4366 ea
2697 4302 2863 4367 mihi
2919 4325 3051 4369 non
3116 4304 3346 4372 liceret
3399 4305 3651 4372 Christi
3708 4305 4071 4373 doctrinam
4137 4307 4508 4386 defendere,

2559 4387 2774 4454 redire
2839 4389 3181 4470 noluerim,
3249 4390 3598 4472 rediturus,
3666 4413 3866 4476 quum
3931 4394 4215 4476 primum
4281 4401 4509 4476 erepta

2560 4473 3008 4541 defendendae
3070 4478 3368 4544 veritatis
3445 4477 3713 4544 libertas
3788 4478 3958 4544 mihi
4030 4479 4504 4546 restitueretur.

2562 4557 2697 4625 Sed
2759 4560 3096 4644 impetrari
3162 4563 3286 4630 hoc
3351 4585 3689 4648 nunquam
3754 4566 3987 4647 potuit.
4086 4563 4366 4631 Interim
4429 4565 4512 4630 fit

2560 4645 2920 4712 coniuratio
2963 4655 3189 4714 contra
3232 4670 3337 4715 me
3382 4657 3697 4735 tanquam
3732 4651 4156 4730 haereticum,
4197 4659 4271 4716 ut
4315 4671 4509 4716 nemo

2761 4937 2824 5007 3)
2862 4937 3012 4995 Obiit
3040 4939 3191 5008 prid.
3230 4939 3323 4994 Id.
3361 4940 3509 4997 Nou.
3549 4939 3698 4997 1562.

2762 5006 2824 5073 4)
2857 5007 2939 5062 De
2973 5009 3286 5076 praesentia
3330 5011 3573 5081 corporis
3619 5009 3825 5065 Ohristi
3870 5011 3927 5064 in
3976 5025 4147 5065 coena
4179 5009 4369 5064 D-ctra
4411 5009 4504 5065 Sa-

2556 5077 2961 5130 cramentarios.
3032 5077 3071 5131 J
3072 5094 3154 5131 en.
3195 5076 3346 5132 1560.

2762 5143 2821 5214 5)
2855 5147 2970 5200 scil.
3007 5145 3319 5214 Maadobur
3369 5149 3380 5160 '
3444 5147 3658 5202 Addita
3683 5153 3804 5202 erat
3837 5146 4106 5201 Heshusii
4205 5146 4410 5211 assatio
4442 5146 4504 5199 ἀι

2728 5216 2961 5269 maxime
3029 5221 3222 5270 contra
3363 5217 3606 5273 lectorem
3668 5216 3986 5271 Palatinum
4056 5215 4123 5269 de
4361 5219 4499 5270 mr.

2558 5279 2833 5406 (Schmigt
2857 5282 2930 5408 ᾗ
2964 5281 3105 5408 ἓὲξὶ
3152 5281 3399 5408 ,ξξὸιῖωή
3432 5284 3529 5340 111.
3565 5283 3683 5340 107.
3758 5283 3819 5338 Ν.
3856 5282 4010 5338 3247.
4048 5281 4203 5339 3254.
4239 5282 4422 5352 3268.)
