4850 6117
260 418 361 478 405

260 622 364 670 vox
444 598 654 666 ublice
696 608 898 666 sonet.
928 602 976 680 ¹)
1045 599 1123 666 Si
1166 597 1425 685 quidem
1470 596 1868 683 Eyenozphus
1908 596 2168 665 Electo-

257 707 372 755 rem
460 684 772 752 datiuum
815 694 882 751 et
922 706 1219 753 socerum
1262 684 1341 752 ab
1361 682 1656 752 Erdback
1688 682 2166 783 Heidelbergae

255 773 612 841 conveniens
691 771 771 836 de
843 772 1206 838 mutatione
1292 770 1635 838 consuluit.
1744 768 2167 836 Erdbaoensw
2240 833 2248 840 .

255 879 378 925 cum
420 855 711 923 Palatini
751 858 1129 940 proceribus
1174 857 1303 925 huc
1349 855 1608 922 venturi
1650 862 1822 921 sunt.
1888 855 2160 922 Utinam

251 942 439 1013 omnia
480 942 832 1010 succedant
873 966 1000 1026 quo
1044 944 1253 1029 gloria
1274 941 1403 1009 Dei
1436 949 1833 1026 propagetur
1875 952 1943 1007 et
1985 941 2164 1008 salus

251 1032 609 1108 animarum,
655 1039 773 1095 etc.
847 1029 1173 1115 Voylerum
1216 1028 1582 1103 admoneto,
1625 1038 1702 1093 ut
1740 1034 1873 1094 stet
1913 1026 2165 1111 pollici-

250 1118 332 1182 tis.
410 1115 881 1199 Exspectatur:
969 1116 1078 1199 qui
1143 1117 1200 1182 si
1266 1115 1520 1182 venerit
1575 1112 1858 1178 multum
1924 1113 2166 1196 poterit

249 1201 627 1269 commodare
649 1210 717 1267 et
738 1201 1045 1268 ecclesiae
1067 1210 1134 1268 et
1155 1201 1563 1285 reipublicae.
1631 1197 2077 1283 Ubiquittores
2104 1201 2161 1276 ²)

248 1296 302 1354 et
317 1285 863 1370 Quadruplatores
883 1286 1512 1354 Richenvillensium
1537 1304 1655 1351 sua
1674 1286 2021 1369 tyrannice
2049 1283 2161 1350 ob-

246 1373 514 1439 trudunt.
581 1373 819 1439 Plures
862 1375 1039 1439 cives
1083 1374 1415 1458 resignato
1450 1371 1801 1454 municipio
1837 1369 2163 1437 excedunt

244 1460 571 1525 civitatem.
662 1457 801 1525 Sed
843 1458 1023 1525 dabit
1063 1459 1251 1525 Deus
1297 1459 1397 1524 his
1451 1478 1704 1542 quoquo
1747 1457 1964 1522 finem.
2053 1455 2160 1521 Ia-

242 1546 416 1613 cobus
459 1543 852 1630 Myliayvius
880 1547 937 1630 ³)
1002 1544 1249 1629 aliquot
1316 1543 1454 1610 dies
1510 1544 1647 1628 egit
1705 1542 2160 1609 Richenvillae

239 1639 481 1715 propter
537 1631 870 1697 frumenta
926 1653 1092 1715 quae
1146 1631 1244 1697 illi
1299 1630 1718 1697 debebantur.
1806 1627 2162 1695 Solverunt

239 1720 567 1784 oeconomi.
656 1717 819 1784 Post
862 1718 1108 1783 abitum
1151 1719 1502 1801 pessimam
1557 1715 1637 1781 de
1681 1714 1792 1780 illo
1844 1713 2162 1798 dissipant

239 1804 478 1882 famam,
567 1803 740 1886 quod
898 1805 1025 1869 tior
1098 1804 1268 1869 ratio
1349 1803 1489 1869 eius
1554 1799 1878 1866 adventus
1942 1799 2158 1880 fuerit,

237 1888 385 1972 quod
427 1889 684 1974 rogarit
725 1910 800 1956 co
849 1888 1016 1954 'cillo
1060 1890 1190 1955 reci
1236 1889 1260 1954 i
1298 1890 1365 1953 in
1411 1888 1714 1973 gratiam,
1759 1906 1953 1970 seque
1992 1886 2161 1953 velle

237 1982 467 2041 mutata
490 1975 800 2058 recipere.
866 1974 1013 2041 Hoc
1037 1996 1165 2059 quo
1233 1996 1362 2040 non
1386 1972 1598 2053 credo,
1644 1991 1767 2037 nec
1789 1992 2049 2055 possum
2085 1979 2162 2036 ut

234 2060 408 2127 fidem
449 2061 634 2127 hisce
677 2060 872 2146 nugis
915 2060 1206 2127 habeam.
1278 2059 1493 2126 Aliter
1536 2078 1791 2124 mecum
1836 2077 2159 2123 convene-

235 2156 339 2224 rat,
382 2155 678 2225 testatus,
724 2146 1106 2231 priusquam
1166 2146 1345 2225 abiit,
1401 2166 1472 2212 se
1526 2165 1646 2211 nec
1691 2164 1894 2209 unum
1938 2164 2084 2209 rece

235 2246 454 2298 turum.
538 2232 985 2317 scripsissem,
1030 2232 1144 2299 sed
1186 2253 1321 2298 non
1367 2230 1640 2299 vacabat
1682 2230 1761 2295 ob
1805 2229 2060 2315 aegritu
2110 2230 2160 2279 '-

233 2339 383 2384 nem.
473 2319 578 2384 'I'u
637 2319 931 2385 monebis
984 2318 1173 2384 illum
1234 2339 1315 2383 ex
1360 2338 1506 2383 meo
1549 2317 1808 2399 scripto,
1876 2322 1950 2380 ut
1989 2315 2158 2381 hanc

232 2404 610 2471 calumniam
651 2404 874 2471 diluat.
945 2405 1046 2471 De
1067 2402 1326 2470 foedere
1348 2403 1518 2487 quod
1539 2403 1856 2484 Princeps
1879 2423 1923 2466 a
1951 2398 2159 2467 Gonde

230 2510 360 2557 cum
401 2490 732 2558 nobilibus
773 2490 1025 2576 gallicis
1088 2491 1278 2557 icerit
1322 2488 1651 2575 intelliges
1694 2509 1778 2554 ex
1820 2487 2027 2553 literis
2068 2487 2153 2552 D.

228 2574 512 2644 Bao-onis.
600 2577 860 2662 Rogavi
903 2587 981 2642 ut
1022 2577 1142 2643 tibi
1185 2576 1491 2642 mitteret.
1584 2573 1768 2652 Vale,
1815 2573 2154 2639 carissime

227 2661 412 2728 stater
456 2672 527 2728 et
570 2662 851 2743 domine,
897 2663 968 2728 in
1014 2663 1141 2729 Dei
1195 2662 1329 2727 filio
1372 2670 1438 2728 et
1481 2680 1594 2727 ora
1637 2660 1993 2726 Dominum
2037 2679 2155 2742 pro

226 2769 331 2814 me.
419 2747 758 2816 Salutabis
801 2749 1104 2833 inprimis
1147 2749 1396 2815 fratres.
1464 2748 1553 2812 ix.
1591 2745 1758 2812 Maii
1798 2747 1978 2811 1562.

1407 2902 1593 2967 Tuus
1635 2922 1717 2966 ex
1762 2902 1982 2965 animo

1380 2987 1699 3053 Matthias
1742 2985 2006 3051 Erbius.

1083 3638 1284 3709 3788.

686 3810 1166 3880 SULZERUS
1212 3809 1674 3878 MUSOULO.

375 3984 773 4051 Commendat
833 3982 1196 4068 sylvestrem
1256 3981 1513 4061 Italum,
1572 3980 1829 4049 Calvino
1899 3982 2149 4065 quidem

214 4077 570 4153 stapedum,
607 4089 824 4135 verum
857 4069 1023 4135 alias
1057 4070 1340 4136 doctrina
1372 4078 1431 4133 et
1461 4069 1697 4153 pietate
1732 4070 2146 4149 conspicuum

311 4242 420 4308 (Ex
458 4242 798 4312 autographo
832 4240 958 4296 Cod.
1008 4242 1343 4311 Zofingensis
1379 4240 1527 4295 XIV.
1564 4240 1711 4294 Tom.
1749 4239 1789 4293 1.
1827 4238 1893 4292 N.
1930 4237 2047 4305 58.)

213 4513 464 4584 fflffl-I)
502 4515 717 4572 Erbiuc
760 4531 812 4569 a.
863 4514 997 4569 1560
1029 4516 1334 4570 ministerio
1379 4529 1477 4569 rao
1525 4512 1954 4569 Rich-avalena·
1993 4511 2146 4568 abdo·-

209 4589 356 4640 catus
389 4601 508 4642 cnm
547 4583 692 4638 laad
720 4581 990 4654 Koeniqio
1025 4584 1225 4652 colleqa
1244 4582 1313 4637 H
1313 4582 1646 4639 ammireo-⁸2·
1665 4580 2145 4651 Rappoltoun'llam

212 4654 576 4708 umbrat
610 4661 660 4709 ci
692 4653 773 4708 cbo·
801 4668 1197 4721 nonnunquam
1214 4667 1397 4708 coram
1416 4650 1699 4722 qunolsso
1730 4653 1920 4705 comite
1952 4656 2003 4706 et
2028 4652 2148 4705 eius

213 4732 378 4778 matre
424 4725 596 4778 Anna
629 4722 959 4777 Alexandra
1004 4723 1429 4778 concionabatur
1465 4720 1784 4786 (Roelm'ch,
1834 4719 2044 4775 Mimo.-
2068 4719 2143 4774 11.

215 4789 322 4847 107.
355 4791 454 4846 111.
487 4789 636 4855 290).
704 4788 1028 4860 Eyenolfius
1058 4790 1122 4844 in
1157 4806 1259 4846 aua
1293 4792 1501 4846 ditione
1534 4788 1974 4855 reformationem
2014 4803 2144 4855 pro·

211 4874 415 4937 pavere
448 4860 696 4916 studebat
729 4860 826 4915 aed
858 4860 928 4914 ab
959 4859 1254 4915 Aucti-iaco
1278 4859 1541 4929 gubernio
1558 4858 1901 4913 Ensiskemii
1931 4856 2146 4913 cedente

212 4928 494 4998 amitus
527 4929 741 4984 demum
773 4945 827 4983 a.
863 4927 1002 4983 1563
1034 4930 1321 4985 conatuum
1354 4944 1511 4984 saum
1544 4928 1773 5051 mm
1791 4927 1986 4995 potuit.

406 5000 468 5135 ἐξ
500 4999 595 5122 θέο.
668 4997 719 5052 L
791 4999 941 5052 uitur
975 4997 1042 5052 dc
1076 4997 1415 5054 Lntheranis
1458 4997 1601 5052 Wirt
1771 4996 1927 5065 picis.

210 5132 463 5190 dinanuo
491 5137 691 5201 fuerat.
742 5133 951 5192 &stat
982 5136 1210 5205 epistola
1243 5135 1443 5190 Barth.
1496 5133 1871 5195 Waetheimeri,
1905 5132 2147 5189 minatio-i

212 5201 610 5273 Horta-ram
643 5210 694 5260 et
726 5205 900 5260 amici
932 5204 1253 5261 Mai-bachio·
1283 5202 1361 5259 ad
1399 5201 1562 5258 Gonr.
1596 5203 1902 5259 Haben-tana
1933 5203 1997 5256 in
2029 5217 2144 5271 qna

211 5272 621 5408 &mmmm
683 5274 941 5328 ecclesiae
997 5277 1215 5328 nostrae
1278 5271 1534 5342 appellat.
1626 5269 1946 5339 (Romala,
2004 5269 2038 5324 1.
2091 5288 2134 5326 c.

2023 410 2183 474 1562
2228 410 2422 478 MAI.

845 5106 860 5122 .
949 5066 1140 5122 Etiam
1190 5067 1282 5124 hic
1335 5081 1402 5120 ea·
1455 5065 1662 5121 ditione
1720 5062 2172 5119 Richcnm'llenei-

4083 422 4211 485 406

2269 597 2659 666 Clarissimo
2702 600 2847 668 viro
2892 599 2979 667 D.
3025 601 3421 689 wolfgango
3464 604 3763 672 Musculo
3805 603 4081 672 Dusano
4122 627 4209 675 ss.

2268 683 2333 750 ll.
2372 685 2547 768 apud
2567 685 2890 754 Bernates
2925 688 3271 773 professori
3305 690 3561 768 eximio,
3606 690 3868 757 domino
3911 700 3978 757 et
4018 690 4210 760 fratri

2677 772 3130 840 colendissimo
3174 788 3243 840 et
3284 776 3621 846 carissimo
3661 797 3798 843 suo.

2437 942 2508 1008 S.
2546 943 2778 1028 Pergit
2819 945 2985 1011 istuc
3020 947 3464 1029 praesentium
3498 945 3670 1011 lator
3692 947 3776 1012 D.
3804 947 4126 1031 Sylva-ster,
4157 954 4208 1029 ¹)

2264 1030 2376 1112 qui
2433 1049 2635 1113 quum
2693 1035 2845 1095 ante
2910 1051 3117 1098 annos
3180 1032 3431 1116 aliquot
3482 1052 3566 1097 ex
3610 1031 3885 1100 Geneva
3938 1031 4022 1098 ad
4086 1055 4207 1102 nos

2262 1115 2685 1181 concessisset
2704 1115 3020 1181 Italorum
3058 1116 3470 1200 quorundam
3505 1116 3893 1185 testimoniis
3924 1121 4209 1186 instruc-

2263 1207 2393 1280 tus,
2458 1200 2538 1266 ab
2603 1200 2934 1267 academia
2987 1210 3285 1286 receptus
3340 1211 3442 1269 est
3496 1222 3572 1270 ac
3626 1225 3696 1270 se
3754 1225 3903 1272 cum
3958 1205 4207 1272 familia

2265 1307 2402 1366 sua,
2451 1293 2525 1351 ut
2566 1287 2794 1369 potuit,
2859 1286 3182 1354 hactenus
3223 1289 3555 1368 sustinuit,
3602 1310 3936 1356 sacrarum
3978 1291 4205 1358 lectio-

2264 1393 2420 1438 num
2476 1373 2740 1437 interim
2799 1374 3105 1456 frequens
3170 1374 3583 1441 auscultator.
3671 1374 4017 1442 Caeterum
4080 1376 4205 1444 loci

2263 1478 2469 1541 quum
2502 1459 2932 1524 mutationem
2968 1457 3237 1525 suadeat
3271 1461 3642 1539 necessitas,
3679 1461 3865 1546 petiit
3885 1470 3959 1528 ut
3989 1463 4207 1547 ipsum

2264 1542 2387 1608 tibi
2421 1543 2967 1624 commendarem,
3004 1552 3197 1628 atque
3240 1545 3531 1627 Hallero,
3588 1568 3714 1630 quo
3757 1554 3980 1614 vestra
4013 1567 4052 1614 o
4135 1569 4211 1614 ra

2264 1629 2701 1696 conditionem
2749 1629 3164 1706 Lausannae‚
3248 1630 3360 1697 ubi
3417 1631 3851 1715 professiones
3917 1632 4048 1717 pub
4078 1633 4209 1701 ‘cas

2263 1735 2500 1782 vacare
2541 1716 2883 1793 intellexit,
2929 1717 3216 1783 nancisci
3260 1725 3471 1800 queat.
3543 1716 3739 1801 Apud
3773 1739 3892 1785 nos
3926 1728 4102 1786 certe
4137 1741 4209 1786 se

2262 1801 2598 1867 moderate
2664 1802 2883 1885 gessit,
2943 1823 3153 1886 neque
3209 1802 3418 1867 ullum
3476 1802 3582 1867 vel
3646 1803 3899 1869 sinistri
3940 1804 4023 1870 do

2261 1888 2350 1951 tis
2413 1886 2523 1952 vel
2584 1888 3021 1971 improbitatis
3085 1890 3436 1973 specimen,
3501 1888 3674 1973 quod
3718 1891 3939 1969 sciam,
4052 1889 4205 1956 edit.

2266 1972 2523 2039 Calvino
2587 1981 2810 2040 tamen
2873 1993 2950 2039 ac
3012 1975 3149 2039 suis
3214 1974 3407 2039 audio
3473 1973 3771 2040 nonnihil
3834 1986 4208 2059 suspectum

2262 2057 2487 2125 haberi
2531 2079 2659 2143 quo
2716 2059 2964 2125 factum
3018 2068 3094 2125 ut
3154 2067 3340 2126 tanto
3406 2059 3761 2126 studiosius
3825 2059 4208 2127 observatus

2261 2143 2368 2212 bic
2408 2145 2633 2210 fuerit:
2691 2143 2806 2211 sed
2858 2167 3059 2230 quum
3104 2145 3270 2211 nihil
3325 2147 3398 2211 in
3451 2166 3527 2211 eo
3571 2146 3715 2210 vitii
3758 2145 4207 2229 deprehende·

2258 2230 2485 2309 rimus,
2529 2230 2709 2296 nolui
2753 2231 3017 2315 petenti,
3061 2230 3230 2297 bono
3270 2231 3526 2315 qualem
3569 2230 3783 2297 iudico
3816 2232 3980 2312 πάι-ο,
4022 2233 4204 2298 testi·

2260 2317 2556 2381 monium
2598 2316 2946 2400 probitatis
2988 2315 3330 2401 denegare,
3396 2323 3465 2382 et
3498 2318 3652 2401 quia
3694 2317 4010 2402 singulari
4055 2317 4205 2385 doc-

2260 2402 2438 2467 trina
2478 2403 2553 2467 in
2595 2402 2840 2487 linguis
2906 2402 3277 2486 praeditum
3321 2423 3467 2470 esse
3508 2402 3718 2480 video,
3771 2403 3968 2469 velim
4012 2402 4079 2468 id
4121 2403 4204 2468 ab

2258 2488 2401 2572 ipso
2444 2487 2761 2555 talentum
2807 2490 2876 2553 in
2921 2491 3164 2555 bonum
3206 2487 3540 2573 publicum
3589 2489 3884 2556 conferri.
3970 2490 4204 2574 Agetis

2262 2594 2419 2659 ergo
2465 2574 2588 2641 bac
2628 2575 2699 2639 in
2742 2596 2832 2653 re,
2894 2574 3066 2659 quod
3111 2595 3227 2658 pro
3271 2583 3489 2642 vestra
3526 2575 3768 2658 pietate
3811 2580 4004 2658 atque
4047 2595 4203 2658 pru-

2261 2659 2484 2726 dentia
2525 2659 2833 2744 expedire
2897 2660 3206 2727 ecclesiae
3262 2666 3455 2744 atque
3511 2659 3769 2727 scholae
3813 2661 4201 2727 censebitiis.

2432 2831 2682 2915 Scripsi
2723 2831 2927 2898 Basil.
2980 2837 3073 2898 10.
3123 2832 3285 2898 Maii
3328 2851 3502 2897 anno
3556 2835 3735 2897 1562.

3571 2969 3644 3034 Τ.
3696 2967 4025 3035 Sulccrus.

3044 3262 3441 3273 -————-—-——-—

3140 3512 3334 3584 8784.

2646 3669 3318 3737 BULLINGERUS
3362 3668 3799 3736 OALVINO.

2426 3842 2733 3909 Eiusdem
2771 3843 2903 3926 fere
2944 3843 3295 3926 arynmenti
3333 3862 3410 3908 ac
3442 3841 3818 3923 praecedens
3858 3840 4147 3907 effusam.

2255 4016 2367 4078 (Ex
2413 4013 2751 4084 autographo
2788 4013 2953 4067 Arch.
2992 4013 3171 4066 Turio.
3207 4012 3352 4065 Plut.
3400 4010 3493 4064 VI.
3532 4010 3649 4064 Vol.
3692 4008 3804 4077 129,
3857 4011 3988 4064 olim
4022 4010 4195 4066 Sci-iu.

2492 4085 2554 4138 B.
2593 4084 2734 4152 Epp.
2771 4082 2922 4136 Tom.
2956 4080 3043 4137 30.
3077 4082 3170 4135 fol.
3204 4078 3329 4137 429.
3365 4108 3431 4118 —
3465 4078 3676 4133 Simlcr.
3713 4080 3779 4134 V.
3817 4077 3961 4147 104.)

2424 4254 2805 4323 Clarissimo
2871 4254 3014 4318 viro
3058 4251 3143 4317 D.
3182 4251 3416 4317 Ioanni
3458 4248 3739 4317 Calvino
3784 4249 4196 4318 Genevcnsis

2249 4340 2560 4408 ecclesiae
2602 4341 2847 4425 pastori
2890 4337 3267 4405 fidelissimo
3301 4336 3565 4401 domino
3600 4334 3866 4401 colendo
3901 4345 3970 4401 et
4001 4337 4195 4403 fiatri

2249 4428 2586 4494 carissimo
2622 4447 2761 4493 suo.
3799 4506 3904 4574 Ge
3951 4508 4018 4575 ff

3904 4530 3950 4573 n

2417 4685 2488 4751 S.
2516 4684 2591 4749 D.
2639 4683 2883 4766 Accepi
2916 4681 3141 4746 literas
3175 4678 3256 4744 de
3277 4684 3591 4763 occupato
3613 4678 3942 4763 Lugduno
3963 4684 4015 4759 ¹)
4051 4700 4193 4745 ma-

2245 4774 2424 4837 ximo
2480 4791 2626 4836 cum
2684 4767 2936 4853 gaudio.
3027 4765 3312 4831 Domino
3365 4764 3453 4831 sit
3516 4764 3724 4850 gloria
3768 4776 3833 4828 et
3874 4765 4035 4831 laus.
4120 4766 4191 4831 Is

2241 4992 2474 5049 8783.1
2541 4992 2609 5046 Si
2638 4989 2776 5061 qnid
2808 4988 3051 5045 viamus
3092 4994 3172 5044 est
3215 4988 3305 5043 hic
3341 4985 3398 5041 S.
3445 4984 3660 5058 Teqlius
3690 4986 3789 5058 qui
3820 5002 3941 5043 cum
3981 4985 4185 5042 stanc-

2243 5062 2428 5118 Bcttio
2517 5060 2739 5116 anacam
2774 5072 2832 5114 sc
2862 5058 3066 5127 recepit
3104 5063 3157 5113 et
3200 5057 3280 5112 ibn·
3319 5057 3519 5112 obiisse
3549 5055 3780 5111 oidewr.
3867 5056 3931 5110 P.
3970 5054 4187 5110 Rau-ua

2241 5131 2303 5185 in
2344 5130 2499 5186 Orat.
2550 5130 2613 5185 in
2667 5127 2883 5184 laudm
2928 5126 3105 5182 Basa.
3151 5142 3272 5181 cnm
3323 5131 3561 5182 recenset
3601 5126 3746 5180 inter
3788 5123 3955 5178 Italos
4001 5122 4181 5176 candi-

2241 5200 2495 5255 dissimos
2542 5206 2600 5253 et
2643 5214 2805 5252 verae
2847 5197 3068 5265 pietatis
3112 5195 3520 5251 amantissimos.
3605 5193 3858 5260 (Gerae-s,
3906 5191 4035 5246 Ital.
4078 5191 4180 5257 ref.

2416 5378 2431 5393 .
2484 5337 2505 5405 )
2541 5334 2692 5407 pud.
2730 5333 2846 5393 cal.
2897 5335 3040 5391 Μαι.
3088 5340 3252 5392 noctu
3294 5329 3827 5469 protestantesffiutbe
3858 5333 4019 5398 pona
4051 5331 4184 5385 cunt
