4850 6117
610 418 745 481 435
2111 410 2636 482 EPIS'POLAE
2678 414 3099 479 3802—3805
4463 416 4564 481 436

605 622 767 670 suas
825 601 1188 667 eduxerint.
1291 600 1555 666 Interea
1609 619 1878 667 necesse
1933 609 2035 666 eet
2087 599 2182 664 ita
2239 619 2357 667 nos
2420 621 2565 667 esse

613 693 875 773 paratus
919 695 996 752 ιιι
1038 685 1316 770 singulis
1358 687 1707 752 momentis
1766 684 2011 752 auxilia
2068 694 2294 752 nostra
2336 684 2564 752 subse-

793 780 920 851 tur,
989 792 1267 855 quorum
1332 771 1572 856 duplex
1637 773 1764 836 erit
1828 793 2004 838 usus.
2094 771 2308 849 Prior,
2340 774 2423 854 ¹⁸)
2492 780 2569 838 ut

614 858 753 926 soh
793 858 970 923 fama
1010 857 1406 943 adversariis
1449 865 1767 923 terrorem
1808 857 2099 924 incutiat.
2172 855 2457 940 Oportet
2490 866 2567 922 ut

613 943 933 1030 Lugduni
973 952 1041 1010 et
1070 944 1140 1008 in
1163 943 1401 1010 vicinia
1443 963 1586 1010 sese
1609 951 1940 1027 opponant
1960 943 2271 1021 hostibus,
2308 944 2366 1008 si
2401 943 2566 1009 forte

616 1030 824 1096 nostri
903 1028 1152 1097 viribus
1228 1048 1419 1112 pares
1485 1050 1615 1096 non
1689 1038 1924 1095 essent.
2028 1027 2343 1095 'Pentabit
2406 1048 2565 1095 vero

614 1115 980 1182 Bernatum
1044 1113 1297 1181 animos
1363 1117 1659 1192 nuncius,
1725 1123 1801 1180 ut
1863 1113 2150 1180 militum
2206 1114 2564 1181 transitum

612 1202 918 1285 impetret
977 1220 1096 1283 per
1156 1201 1658 1267 conniventiam.
1747 1199 1842 1267 Ut
1883 1202 2058 1267 enim
2103 1199 2322 1285 palam
2367 1198 2563 1267 scribi

613 1286 949 1370 permittat
991 1291 1259 1352 senatus
1304 1286 1417 1353 vix
1456 1286 1849 1370 sperandum
1897 1294 2011 1353 est.
2095 1289 2157 1352 A
2200 1285 2384 1352 vobis
2429 1306 2562 1351 non

615 1371 793 1438 aliud
858 1373 1157 1455 cupimus
1221 1371 1349 1439 nisi
1415 1380 1490 1437 ιιι
1544 1372 1906 1438 voluntarii
1971 1393 2054 1438 ex
2120 1393 2277 1458 agro
2342 1379 2563 1438 vestro

614 1478 758 1525 sese
800 1457 947 1524 aliis
1003 1457 1072 1522 in
1131 1457 1323 1524 turba
1378 1456 1805 1525 admisceant:
1875 1459 2057 1544 Ager
2099 1458 2563 1527 Neocomensis

611 1543 807 1611 facile
871 1544 1161 1609 conferet
1222 1544 1633 1627 quingentos.
1757 1544 1959 1610 Nobis
2038 1545 2366 1611 sufficient
2433 1545 2563 1608 tria

614 1629 823 1694 millia
888 1636 954 1694 et
1017 1628 1217 1713 aliqui
1281 1650 1316 1695 e
1364 1629 1753 1696 Valesianis.
1781 1633 1868 1707 ¹⁴)
1952 1630 2239 1696 Polliciti
2296 1629 2560 1712 quidem

613 1723 773 1781 sunt
816 1720 971 1780 ante
1012 1716 1520 1798 sesquimensem
1588 1715 1716 1782 duo
1782 1717 2107 1799 capitanei
2164 1737 2234 1781 se
2275 1715 2560 1800 comple-

612 1808 793 1868 turos
851 1800 1134 1884 quinque
1198 1813 1313 1866 aut
1377 1822 1495 1867 sex
1539 1801 1820 1885 vexilla„
1903 1801 2271 1868 Consilium
2335 1809 2558 1867 tamen

611 1886 777 1952 mihi
820 1906 957 1952 non
997 1887 1261 1969 placuit,
1321 1887 1474 1970 quia
1517 1894 1583 1952 et
1625 1907 1731 1953 res
1776 1896 1918 1953 erat
1962 1887 2241 1954 difficilis
2277 1895 2343 1953 et
2375 1886 2559 1953 nole-

609 1971 758 2038 bam
823 1970 1168 2037 barbaram
1235 1979 1502 2057 gentem
1565 1973 1852 2039 invitari.
1957 1973 2047 2040 Ut
2112 1982 2333 2040 vestra
2397 1972 2558 2038 ditio

607 2058 796 2124 nobis
838 2057 1213 2141 suppeditet
1246 2057 1725 2141 aliquantulum
1773 2060 2008 2127 auxilii
2053 2059 2221 2124 velis
2256 2067 2323 2125 et
2355 2058 2556 2125 remis

609 2151 675 2209 te
718 2142 1113 2209 contendere
1155 2145 1364 2227 cupio.
1450 2142 1630 2211 Satis
1685 2147 1812 2211 erit
1869 2146 1928 2213 si
1984 2153 2243 2230 praesto
2285 2145 2551 2211 fuerint.

611 2229 943 2296 Viaticum
985 2237 1288 2313 paratum
1333 2230 1461 2295 erit
1524 2251 1651 2314 quo
1707 2253 1914 2315 usque
1957 2230 2365 2316 Lugdunum
2406 2250 2556 2314 per-

608 2316 897 2393 veniant,
962 2324 1031 2380 et
1081 2315 1257 2382 iusto
1302 2315 1623 2400 stipendio
1667 2337 1800 2383 non
1844 2317 2339 2383 fraudabuntur.
2418 2316 2554 2381 Ve-

608 2421 758 2466 rum
801 2401 858 2465 si
901 2421 1079 2467 nunc
1122 2422 1474 2486 generosus
1496 2401 1583 2467 D.
1630 2402 1709 2467 ab
1751 2403 2020 2470 Artewil
2039 2407 2124 2480 ¹³)
2170 2403 2358 2468 nobis
2400 2422 2554 2468 cen-

610 2494 750 2552 tum
791 2485 899 2551 vel
941 2485 1260 2553 ducentos
1301 2488 1551 2571 equites
1592 2488 1982 2571 suppeditat,
2027 2487 2198 2554 nihil
2242 2496 2554 2572 opportu-

607 2572 778 2650 nius,
824 2581 892 2638 et
935 2572 1063 2637 erit
1103 2572 1357 2640 facinus
1399 2572 1594 2656 plane
1636 2574 1779 2658 ipso
1813 2572 2103 2659 dignum.
2172 2574 2406 2657 Itaque
2441 2573 2553 2639 ob-

608 2658 765 2723 nixe
807 2663 875 2723 te
916 2678 1076 2743 rogo
1119 2667 1185 2724 et
1238 2656 1523 2724 obtestor
1565 2667 1644 2724 ut
1685 2660 1857 2726 serio
1899 2658 1982 2724 ad
2030 2660 2240 2726 virum
2286 2659 2555 2725 hortan-

610 2741 765 2809 dum
832 2744 1129 2809 animum
1194 2743 1478 2811 adiicias.
1566 2744 1990 2812 Conditiones
2043 2745 2214 2812 ferre
2278 2765 2410 2812 non
2454 2754 2557 2810 est

609 2836 928 2908 nostrum,
993 2828 1108 2895 sed
1153 2829 1266 2895 ubi
1331 2830 1471 2897 eius
1512 2830 1840 2914 postulata
1881 2831 2288 2911 intellexero,
2355 2829 2552 2897 fidem

607 2913 728 2979 tibi
805 2913 969 2981 dabo
1047 2935 1242 2998 quam
1308 2918 1684 3001 experietur
1749 2917 2022 3001 minime
2085 2938 2325 2985 vanam
2391 2938 2550 2983 esse.

606 2999 795 3080 Vale,
840 2999 1203 3068 clarissime
1243 3002 1349 3069 vir
1391 3010 1458 3068 et
1501 3003 1667 3068 mihi
1710 3002 2117 3070 observande
2159 3004 2378 3083 frater,
2421 3023 2555 3068 una

610 3105 758 3152 cum
802 3083 887 3152 D.
924 3084 1232 3170 Man-tyre,
1282 3087 1619 3155 Gualtherc
1662 3097 1730 3155 et
1771 3091 2042 3157 caeteris
2086 3089 2329 3156 amicis.
2415 3087 2555 3155 Do-

608 3171 828 3236 minus
886 3192 1003 3238 vos
1059 3171 1418 3239 incolumes
1476 3183 1711 3253 servet,
1772 3183 2118 3255 sustentet,
2183 3197 2302 3242 sua
2344 3174 2557 3258 gratia

609 3266 691 3407 te5
696 3263 808 3407 6312
870 3255 1060 3324 bonis
1123 3258 1422 3326 omnibus
1485 3258 1780 3345 locuplet.
1872 3261 2183 3327 Genevae
2248 3265 2306 3325 9.
2374 3260 2556 3326 Iunii

1743 3484 1799 3549 1.
1847 3483 2161 3551 Calvinus
2206 3492 2377 3561 tuus.

780 3686 884 3751 De
926 3687 1107 3752 exitu
1151 3687 1212 3753 le
1299 3690 1492 3755 tionis
1534 3710 1666 3755 non
1706 3698 1808 3757 est
1845 3690 2015 3774 quod
2060 3691 2150 3756 sis
2192 3689 2327 3755 ullo
2361 3687 2553 3754 modo

610 3772 934 3838 sollicitus.
1023 3772 1170 3841 Hac
1222 3797 1293 3841 in
1351 3797 1420 3842 re
1487 3797 1644 3843 usus
1710 3797 1856 3842 sum
1922 3774 2238 3842 nonnulla
2293 3776 2549 3841 astutia.

611 3856 912 3927 Sciebam
957 3857 1038 3923 ab
1081 3859 1269 3928 initio
1312 3861 1565 3928 nullam
1598 3862 1736 3927 fore
1770 3864 2090 3929 rationem
2128 3860 2552 3945 transigendi.

610 3943 836 4027 Neque
877 3944 1052 4010 enim
1108 3947 1216 4013 vel
1269 3948 1547 4031 principi
1606 3946 1885 4013 liberum
1942 3956 2134 4014 esset.
2228 3946 2554 4031 Satagant

604 4037 680 4093 ut
719 4029 947 4096 volent
981 4031 1324 4113 Luteraui,
1368 4054 1626 4119 semper
1669 4034 2122 4119 repudiabitur
2157 4035 2553 4118 Augustana

605 4115 941 4182 confessio.
1050 4118 1193 4202 Ego
1266 4125 1483 4184 autem
1549 4119 1726 4186 aliud
1791 4121 2049 4204 speravi
2113 4121 2185 4185 in
2250 4139 2379 4202 quo
2445 4139 2550 4184 me

604 4202 947 4284 profecisse
1002 4203 1298 4283 arbitror,
1356 4212 1453 4285 ιιι,
1508 4206 1566 4271 si
1625 4227 1664 4270 a
1732 4204 1917 4272 vobis
1974 4215 2044 4271 et
2098 4227 2139 4271 a
2195 4202 2550 4271 Germanis

603 4288 1022 4353 mitterentur
1076 4287 1277 4373 legati
1335 4288 1416 4354 ad
1474 4291 1942 4373 pacificandam
1984 4290 2344 4368 ecclesiam,
2410 4308 2550 4354 ma-

604 4380 838 4437 nerent
880 4371 1058 4438 domi
1115 4373 1381 4441 milites:
1443 4378 1599 4460 quia
1655 4376 1915 4442 efficere
1957 4396 2091 4440 non
2136 4385 2433 4459 poteram
2476 4383 2551 4440 ut

603 4458 923 4523 maturius
967 4460 1177 4524 nostri
1234 4470 1603 4547 pergerent,
1670 4462 1791 4528 has
1836 4460 2127 4528 inducias
2171 4460 2403 4528 saltem
2446 4461 2549 4525 in·

605 4544 915 4625 terposui.
1002 4542 1336 4628 Quidquid
1382 4595 1745 4626 ........
1809 4549 1985 4614 omni
2030 4566 2188 4613 cura
2230 4554 2298 4611 te
2346 4545 2550 4611 libero

606 4627 818 4710 quoad
879 4630 1335 4713 Augustanam
1391 4634 1877 4700 confessionem.
1989 4634 2079 4699 Et
2134 4631 2304 4716 quod
2370 4629 2550 4696 Besa

606 4713 675 4777 in
740 4713 876 4778 suis
938 4712 1148 4781 literis
1205 4718 1454 4803 recipit,
1522 4720 1651 4786 nisi
1706 4720 2000 4785 animum
2055 4720 2263 4785 nostri
2312 4767 2546 4782 .....

605 4799 940 4877 mutarint,
1009 4801 1365 4869 doctrinam
1407 4806 1680 4872 minime
1724 4805 2008 4890 attingit,
2076 4825 2272 4889 quam
2317 4802 2551 4869 adver·
2628 4798 2639 4829 ³

778 5053 994 5179 Ιὸἐῶὶσ
1037 5058 1141 5113 hac
1173 5072 1300 5113 voce
1348 5059 1675 5145 dubitamus,
1712 5078 1875 5132 qum
1911 5064 2184 5146 posterior
2219 5076 2329 5116 non
2365 5075 2555 5143 sequa·

605 5129 708 5178 tar.
779 5125 870 5261 fi)
905 5194 969 5248 N
987 5141 1219 5249 egam
1247 5142 1491 5196 pesenae
1522 5131 1809 5186 laternum
1859 5131 2046 5188 elucere
2077 5148 2189 5187 non
2220 5136 2512 5200 potamus.

612 5328 678 5382 19
731 5262 873 5385 ἐξ»)
913 5234 1084 5333 ἀρε.-
1119 5236 1358 5336 H'auwyl
1394 5265 1538 5335 quoa
1568 5269 1834 5335 probatur
1869 5283 1934 5321 ex
1971 5284 2050 5339 ep.
2069 5262 2382 5336 Rama-aen·
2411 5265 2464 5319 α.
2501 5264 2553 5318 α.

2667 600 2821 666 sarii
2862 599 2934 665 in
2978 600 3114 667 suis
3156 599 3567 684 pactionibus
3609 600 3935 684 integram
3978 598 4164 666 nobis
4216 599 4566 683 relinquunt

2669 685 2861 751 Aliud
2952 685 3269 752 ericulum
3312 684 3677 752 timendum
3721 692 3863 750 erat
3899 706 3983 751 ne
4017 706 4243 751 rursus
4276 706 4391 752 nos
4424 686 4569 751 iner-

2666 791 2813 924 ἑῑιιιίει
2853 772 3281 924 0⁶¹prirentur.
3364 771 3618 838 Verum
3680 771 3834 838 huic
3873 790 4129 855 quoque
4172 772 4340 837 malo
4378 792 4570 838 oecur-

3540 1369 3744 1441 38⁰8.

3165 1523 3636 1592 CALVINUS
3683 1523 3993 1592 COLON
3998 1524 4115 1593 10.

2837 1695 3109 1763 Pertinet
3151 1696 3238 1762 ad
3278 1716 3381 1762 res
3422 1697 3707 1763 ecclesiae
3750 1696 4068 1765 Maiensis.

2662 1867 2859 1923 Exstat
2903 1869 2960 1922 in
3009 1868 3165 1923 unica
3209 1867 3450 1922 editione
3495 1869 3636 1939 Epp.
3684 1869 3988 1924 Amstelod.
4033 1885 4088 1938 p.
4125 1867 4227 1922 170
4281 1886 4418 1939 quae
4463 1869 4584 1923 uude

3318 1939 3613 2007 sumpserit
3647 1938 3954 2005 nescimus.)

2658 2106 3071 2174 Fidelissimo
3111 2106 3359 2174 Christi
3384 2109 3652 2174 Domini
3689 2111 3897 2177 nostri
3931 2109 4254 2189 ministro,
4289 2107 4377 2175 D.
4411 2110 4587 2175 Petro

2842 2192 3132 2273 Coloni0,
3176 2194 3367 2259 fratri
3411 2204 3480 2261 et
3524 2204 3925 2281 symmystae
3969 2198 4321 2275 carissimo,
4367 2194 4435 2262 S.

2828 2364 3039 2432 Paulo
3095 2371 3442 2448 antequam
3501 2366 3758 2432 veniret
3800 2367 4126 2434 Arnoldu-s·
4147 2372 4198 2447 ¹)
4242 2377 4464 2434 noster
4502 2387 4589 2433 re·

2659 2472 3038 2535 ceperamus
3118 2450 3362 2534 Taffini
3378 2453 3437 2529 ²)
3508 2452 3793 2537 collegae
3873 2455 3971 2519 tui
4046 2453 4271 2519 literas
4295 2506 4310 2534 ,
4378 2454 4588 2537 quibus

2658 2536 3070 2622 significabat
3124 2557 3256 2602 non
3314 2558 3505 2621 posse
3569 2538 3817 2604 diutius
3870 2547 3936 2604 te
4001 2541 4226 2607 abesse
4250 2543 4307 2617 ⁸)
4369 2541 4588 2623 absque

2659 2621 3920 2793 fflsfffflsiffssssssgioem
3920 2624 4590 2796 ⁰³¹¹‘1'20ae33ffi2‘21233

2658 2817 2765 2862 res
2808 2801 2969 2873 erat,
3014 2815 3134 2860 nos
3168 2794 3431 2861 homine
3474 2794 3708 2862 idoneo
3744 2796 4009 2865 destitui
4045 2798 4159 2882 qui
4200 2797 4589 2882 provinciam

2658 2880 2842 2947 illam
2896 2880 3121 2960 obiret,
3180 2901 3390 2964 neque
3434 2888 3656 2948 tamen
3714 2903 3993 2966 aequum
4046 2904 4188 2950 esse
4240 2884 4590 2950 Metensem

2659 2966 2997 3034 ecclesiam
3046 2965 3313 3050 spoliari
3367 2967 3509 3032 iure
3567 2988 3704 3034 suo.
3790 2967 3987 3036 Nunc
4041 2969 4265 3035 eadem
4321 2968 4497 3053 apud
4534 2978 4591 3034 te

2659 3060 2952 3137 repetere
2997 3072 3212 3137 cogor.
3298 3053 3527 3137 Neque
3563 3055 3742 3119 enim
3780 3054 4007 3122 credas
4051 3056 4123 3121 in
4167 3076 4365 3141 quam
4406 3076 4592 3140 penu-

2658 3140 2826 3205 riam
2881 3139 3089 3205 simus
3141 3137 3388 3205 redacti
3439 3160 3523 3204 ex
3582 3161 3710 3224 quo
3764 3142 3976 3225 coepit
4031 3140 4228 3207 latius
4248 3143 4343 3206 —in
4391 3140 4591 3208 Gallia

2657 3225 3004 3310 propagari
3042 3223 3300 3291 Christi
3342 3244 3641 3310 regnum.
3713 3226 3910 3293 Certe
3953 3227 4146 3293 multi
4191 3249 4230 3293 a
4273 3228 4460 3294 nobis
4493 3248 4591 3294 ex-

2658 3316 3045 3394 torquentur
3086 3331 3365 3394 quorum
3399 3331 3505 3377 me
3539 3310 3731 3378 valde
3765 3311 3997 3397 pudet:
4034 3313 4195 3379 adeo
4229 3334 4368 3379 non
4388 3312 4593 3381 schola

2657 3402 2917 3462 tantum
2958 3403 3188 3462 nostra
3246 3396 3570 3463 exhausta
3614 3407 3716 3463 est
3754 3398 3870 3464 sed
3914 3420 3995 3465 ex
4037 3397 4313 3466 officinis
4356 3418 4592 3483 quoque

2657 3482 2909 3567 abrepti
2952 3481 3231 3566 opifices.
3317 3482 3519 3549 Multi
3563 3482 4006 3551 adolescentes
4048 3486 4256 3551 bonae
4298 3486 4439 3570 spei
4478 3486 4593 3551 for-

2656 3578 2960 3648 mantur;
3006 3566 3121 3635 sed
3163 3588 3355 3634 nemo
3400 3567 3617 3636 adhuc
3659 3578 3975 3637 maturus.
4062 3571 4211 3636 Viri
4256 3571 4501 3654 aliquot
4530 3589 4591 3635 se

2655 3664 3064 3738 comparant;
3131 3652 3246 3719 sed
3302 3673 3435 3719 non
3503 3655 3853 3722 admodum
3919 3655 4158 3723 eruditi
4216 3665 4284 3722 et
4337 3657 4591 3722 minime

2655 3739 3013 3806 exercitati.
3103 3736 3248 3805 Sibi
3316 3748 3538 3805 tamen
3583 3739 4021 3824 persuadeant
4062 3743 4364 3821 Mariani,
4411 3740 4592 3809 simul

2655 3845 2730 3890 ac
2786 3824 3004 3891 oblata
3060 3824 3256 3890 fuerit
3298 3825 3576 3892 facultas
3631 3827 4030 3917 singularem
4089 3830 4278 3894 nobis
4328 3830 4465 3894 fore
4503 3828 4591 3895 sui

2653 3931 2900 3977 curam.

2825 3995 2931 4062 De
2988 3995 3184 4062 rebus
3230 3996 3504 4063 Gallicis
3560 3998 3888 4083 intelliges
3932 4021 4015 4067 ex
4050 4001 4307 4067 nuncio.
4395 4000 4589 4066 Exer-

2654 4082 2822 4149 citus
2876 4089 3098 4148 noster
3151 4101 3282 4147 non
3339 4083 3565 4166 procul
3632 4086 3818 4151 abest
3872 4085 3953 4151 ab
4013 4086 4301 4152 hostium
4357 4086 4586 4152 castris.

2652 4167 2833 4253 Ergo
2887 4167 3190 4252 precibus
3248 4167 3507 4234 assidue
3562 4178 3631 4234 et
3688 4170 3916 4237 sedulo
3960 4171 4483 4250 incumbendum,
4524 4180 4588 4237 ut

2653 4254 2797 4319 sine
2833 4274 3073 4338 magna
3114 4262 3333 4338 strage
3375 4257 3591 4338 capita
3625 4256 3810 4323 Deus
3843 4256 4163 4342 profligetL
4252 4257 4395 4324 Iam
4429 4258 4587 4322 enim

2651 4339 2799 4423 plus
2860 4341 3020 4405 satis
3073 4341 3415 4425 sanguinis
3474 4342 3690 4407 fusum
3748 4352 3865 4409 est.
3953 4343 4143 4416 Vale,
4186 4344 4588 4428 integerrime

2651 4426 2854 4490 frater
2900 4434 2968 4489 et
3009 4424 3173 4490 mihi
3217 4427 3567 4493 carissime.
3636 4427 3943 4514 Collegae
3978 4429 4105 4495 mei
4147 4436 4212 4493 te
4249 4428 4585 4513 plurimum

2651 4715 2841 4770 8808.
2865 4715 2923 4779 1)
2962 4716 3190 4772 Baneus
3227 4715 3301 4770 N.
3341 4714 3494 4769 3792.

2855 4784 2916 4852 2)
2953 4785 3029 4839 Ν.
3063 4784 3217 4840 3588.
3290 4785 3547 4841 Pendeat
3580 4789 3637 4841 la
3669 4802 3864 4856 quem
3900 4786 3967 4841 de
4008 4786 4144 4842 1562
4177 4789 4256 4842 les
4284 4792 4493 4856 protest
4524 4784 4582 4839 de

2656 4852 2807 4907 Mete
2855 4855 3115 4909 restarent
3164 4853 3485 4924 tranquillas
3544 4855 3639 4924 (de
3691 4871 3828 4925 peur
3891 4854 4129 4911 d’irriter
4179 4857 4259 4910 les
4309 4854 4581 4917 Alemaus).

2659 4916 2827 4976 Outre
2864 4920 3093 4991 Goloqne
3145 4929 3194 4976 et
3234 4922 3439 4989 Tatfin,
3482 4924 3554 4978 ils
3599 4927 3819 4979 avaient
3855 4941 4006 4993 pour
4052 4927 4329 4980 ministres
4375 4924 4581 4979 Garuier

2653 4990 2792 5043 iadis
2839 5007 2909 5043 m.
2957 4990 3026 5044 de
3061 4990 3279 5059 l’Eglise
3330 4993 3599 5059 fraucoise
3646 4993 3716 5047 de
3752 4993 3963 5064 Strsbg.
4013 4999 4072 5048 et
4116 4995 4183 5051 L.
4228 4995 4325 5048 des
4358 4994 4579 5048 Mauros

2655 5058 2916 5114 autrefois
2951 5060 3244 5114 secretaire
3293 5060 3368 5114 du
3404 5062 3660 5116 cardinal
3695 5063 3763 5116 de
3799 5064 4081 5131 Lumine,
4116 5065 4253 5117 mais
4288 5064 4491 5117 homme
4520 5060 4579 5112 de

2655 5129 2781 5182 bien
2818 5131 2877 5182 et
2909 5128 2978 5181 de
3012 5130 3120 5182 bon
3155 5130 3338 5183 saveir
3369 5129 3473 5198 (H.
3510 5130 3660 5185 Eccz.
3696 5131 3794 5186 111.
3829 5130 3977 5201 454).

2857 5194 2919 5262 3)
2970 5196 3194 5252 Videtur
3222 5198 3398 5263 fuisse
3474 5213 3536 5253 ro
3570 5204 3806 5271 tempore
3842 5200 3896 5256 S.
3926 5201 4151 5257 Mariae
4185 5202 4248 5255 ia
4284 5201 4508 5263 Alsum,
4537 5200 4579 5250 σι

2655 5278 3008 5402 εΒᾶιιοοεςεῖιῗ
3059 5266 3313 5322 habuisse
3424 5270 3668 5338 monium
3711 5286 3864 5340 quem
3902 5269 4087 5326 Drion
4137 5270 4274 5326 dicit
4322 5270 4381 5323 in
4430 5267 4579 5323 loen·

2749 5350 2842 5389 οισι
2982 5340 3169 5390 edm.
