4850 6117
610 367 730 429 231

606 550 919 635 Pl'iVflffim
963 550 1331 636 gratulatur
1369 550 1451 616 de
1486 551 1801 635 repressis
1840 548 2075 616 Smeti
2106 545 2549 631 blasphemiis,
2600 557 2608 598 ¹

2601 600 2607 718 Ι
2697 636 2844 700 esir.
2904 634 3038 703 061·
3072 655 3242 701 6666
3276 639 3549 700 n'avons
3584 652 3701 715 pas
3735 635 4063 700 tousiours
4095 653 4258 719 gens
4292 654 4378 698 en
4413 635 4585 698 main

611 638 976 704 doctrinam
1011 639 1083 702 in
1115 637 1281 704 libro
1302 647 1527 703 nostro
1561 636 2094 720 comprehensam
2119 633 2551 718 amplectitur,

2107 353 2626 425 EPISTOLAE
2670 360 3094 426 3684-3685

4468 364 4580 424 232

2700 570 2782 616 ue
2815 570 2982 615 nous
3016 549 3307 616 eussicns
3341 548 3493 613 bien
3517 546 3720 613 voulu
3755 548 4037 615 satisfait
4068 568 4108 613 a
4134 551 4349 615 vostre
4384 548 4585 613 sainct

611 734 681 789 61
733 722 915 789 6(1(111
976 723 1312 789 ecclesiam
1374 722 1651 789 saeculis
1715 722 2019 788 omnibus
2084 718 2551 805 gratitudinem
2600 731 2605 797 ξ
2650 741 2922 805 propres
2965 732 3028 786 et
3085 721 3343 806 jdoines
3389 727 3430 785 a
3472 719 3626 784 telle
3679 719 3953 804 charge:
4017 722 4181 785 mais
4236 741 4320 785 66
4377 721 4445 787 16
4498 722 4584 783 fin

609 809 802 875 nobis
843 807 1091 874 debere.
1169 807 1345 889 Quid
1403 808 1525 876 tibi
1578 810 1646 872 in
1702 816 1993 874 mentem
2041 807 2300 871 venerit
2352 805 2551 870 talem
2600 805 2606 904 ι

609 895 827 960 virum
862 895 1187 961 immerito
1231 904 1369 959 tam
1406 895 1711 960 atrociter
1751 890 2183 978 proscindere,
2229 889 2552 958 discutere
2599 919 2605 948 ι

608 979 776 1045 nihil
820 999 985 1062 opus
1026 987 1144 1056 est,
1202 981 1356 1063 quia
1392 979 1622 1047 vident
1663 999 1920 1065 quoque
1962 978 2150 1062 pueri
2192 977 2435 1042 famam
2482 986 2550 1041 te
2598 963 2604 1044 ἕ

2598 1067 2602 1084 ⁶
2642 1067 2843 1148 jeune
2884 1085 2968 1130 en
3010 1063 3075 1129 la
3116 1066 3275 1143 face,
3328 1064 3496 1130 mais
3538 1083 3701 1129 nous
3755 1082 4063 1145 esperone
4106 1084 4233 1146 que
4275 1061 4455 1128 Dieu
4499 1063 4582 1127 lui

608 1073 902 1150 captasse
945 1086 1030 1132 ex
1072 1065 1506 1150 antagonista,
1552 1065 1711 1131 dum
1752 1065 2101 1150 pulchrum
2144 1073 2211 1128 61
2245 1062 2549 1130 decorum

607 1152 728 1216 tibi
768 1152 909 1216 fore
950 1151 1289 1217 existimas
1330 1172 1482 1217 cum
1519 1150 1943 1217 Melanahone
1984 1149 2347 1232 confligere.
2427 1149 2550 1212 At·

608 1237 719 1320 qui
779 1247 845 1302 te
901 1237 994 1302 sic
1047 1238 1423 1303 excaecavit
1473 1238 1739 1303 ambitio
1796 1243 1872 1301 ut
1915 1256 2048 1301 non
2102 1243 2438 1318 reputares
2478 1235 2550 1298 in
2597 1271 2602 1288 ·

607 1324 749 1388 eius
819 1342 1100 1406 persona
1165 1331 1374 1388 totum
1438 1322 1853 1407 evangelium
1923 1319 2236 1387 dedecore
2292 1321 2550 1403 aspergi
2591 1309 2604 1408 ξ

604 1419 675 1473 61
715 1408 936 1491 impiis
967 1410 1270 1492 prostitui
1307 1407 1392 1474 ad
1434 1407 1805 1474 ludibrium.
1877 1406 1953 1474 Si
1991 1406 2113 1473 hoc
2146 1426 2279 1471 non
2314 1425 2550 1489 agnos-
2596 1419 2600 1468 1

2594 1501 2599 1526 ¹
2649 1496 3051 1577 experience‚
3113 1512 3279 1559 nous
3324 1514 3408 1558 ne
3450 1512 3613 1557 vous
3657 1512 3738 1555 en
3783 1493 4000 1558 ferons
4043 1493 4191 1575 plus
4235 1494 4396 1577 long
4437 1513 4579 1576 pro-

607 1494 721 1571 cis,
768 1515 1100 1577 nunquam
1136 1515 1365 1577 sapere
1406 1494 1679 1579 incipies
1722 1494 1849 1559 nisi
1893 1493 2016 1558 tibi
2060 1495 2151 1558 sis
2191 1500 2547 1575 suspectus.

607 1579 839 1663 Neque
897 1579 1057 1646 haec
1109 1579 1434 1647 hostiliter
1489 1579 1853 1659 scribimus,
1914 1600 1990 1645 66
2042 1580 2101 1644 61
2146 1578 2422 1644 velimus
2481 1588 2547 1641 te

609 1664 936 1731 deiectum
978 1685 1118 1733 esse
1161 1673 1227 1731 61
1280 1685 1694 1750 oppressum:
1762 1667 1923 1749 quin
1976 1664 2195 1749 potius
2244 1670 2547 1747 optamus

609 1756 676 1816 te
718 1750 790 1815 in
833 1751 1183 1835 pristinum
1236 1752 1737 1819 existimationis
1795 1749 2070 1836 gradum
2126 1748 2404 1827 restitui,
2461 1769 2545 1814 ne

604 1835 848 1903 laboris
890 1837 989 1903 tui
1030 1835 1248 1903 fructu
1289 1847 1504 1905 careat
1546 1835 1834 1904 ecclesia.
1909 1833 2102 1918 Quod
2149 1842 2373 1901 tamen
2405 1835 2545 1900 fore

606 1941 736 1989 non
795 1942 1134 2006 speramus
1189 1920 1395 1989 donec
1449 1942 1866 1989 mansuescas
1910 1931 1975 1987 61
2028 1920 2252 1987 sedata
2303 1921 2544 1986 intem-

602 2008 784 2092 perie
839 2007 923 2074 ad
975 2007 1483 2076 moderationem
1542 2015 1608 2074 te
1660 2026 2026 2092 componas.
2099 2005 2175 2073 Si
2217 2006 2332 2090 qui
2389 2013 2546 2072 sunt

604 2092 781 2178 apud
826 2113 941 2160 vos
983 2093 1220 2160 Ariani
1262 2102 1524 2179 praeter
1558 2094 1919 2178 Georgium
1942 2092 2343 2159 Brandatam
2363 2097 2398 2132 ⁶
2440 2092 2544 2157 cui

603 2199 735 2246 non
778 2200 859 2263 pe
942 2179 1167 2258 rimus,
1191 2179 1244 2266 ¹)
1284 2180 1569 2246 sentient
1602 2199 1723 2246 nos
1757 2199 1900 2246 esse
1940 2179 2177 2246 erroris
2220 2179 2322 2244 sui
2364 2197 2543 2244 acer-

600 2265 805 2331 rimos
909 2272 1083 2331 ostes
1097 2313 1114 2343 ‚
1169 2265 1326 2350 quia
1377 2265 1576 2330 simul
1630 2287 1706 2332 66
1761 2265 2016 2332 (1616616
2064 2263 2264 2330 fuerit
2317 2284 2542 2330 eorum

601 2350 925 2435 impietas,
984 2371 1130 2416 eam
1188 2350 1449 2417 silentio
1506 2357 1727 2418 nostro
1784 2372 1916 2418 non
1973 2349 2350 2419 fovebimus.
2440 2350 2543 2414 'Pu

603 2456 757 2503 vero
815 2436 885 2501 16
939 2435 1145 2502 altera
1186 2438 1561 2520 quaestione
1604 2437 1722 2503 tibi
1764 2444 2106 2523 temperes,
2161 2455 2282 2504 nec
2324 2432 2542 2502 indul-

601 2540 760 2605 geas
792 2520 925 2587 tuis
960 2520 1477 2607 cogitationibus,
1517 2542 1638 2589 nec
1672 2522 2091 2606 pertinaciter
2123 2521 2195 2588 in
2229 2521 2353 2587 hac
2387 2539 2541 2589 con·

601 2607 894 2672 tentione
950 2607 1234 2674 insistas.
1323 2608 1508 2686 Vale,
1565 2607 1802 2675 eximie
1845 2609 1952 2675 vir
2001 2615 2066 2674 et
2109 2608 2538 2674 ornatissime.

603 2691 787 2758 Deus
831 2691 952 2759 tibi
995 2691 1182 2774 adsit,
1229 2704 1293 2760 16
1336 2695 1672 2778 gubernet.
1692 2696 1749 2770 2)

1472 3240 1674 3313 6685.

736 3392 1087 3462 OALVIN
1126 3397 1188 3461 A
1232 3396 1421 3463 UNE
1467 3381 1813 3465 Eemsn
1859 3397 2410 3486 FRANQAISE.

776 3566 849 3631 11
900 3566 1035 3631 leur
1087 3568 1505 3633 mammonae
1557 3589 1646 3634 un
1689 3571 1879 3652 jeune
1922 3571 2205 3635 ministre
2261 3575 2316 3635 et
2357 3571 2546 3637 saisit

602 3658 746 3719 cette
796 3652 1075 3720 occasion
1132 3653 1208 3717 de
1262 3653 1438 3720 lower
1492 3654 1631 3719 lewr
1684 3655 1808 3720 able
1866 3656 2171 3740 rebiyieux
2228 3660 2284 3721 et
2325 3656 2401 3721 de
2456 3654 2544 3721 les

600 3738 879 3805 exhorter
912 3738 955 3803 ὰ
996 3736 1065 3803 la
1104 3744 1422 3805 constance
1463 3739 1624 3804 dans
1664 3740 1730 3806 la
1768 3741 1865 3824 foi
1906 3741 2314 3826 evangelique.

599 3909 701 3978 (Co
740 3911 791 3963 16
827 3909 899 3963 du
935 3907 1028 3963 16·
1061 3907 1238 3963 siecle.
1312 3908 1687 3979 Bibliotheqne
1732 3911 1798 3965 (16
1843 3912 2061 3967 Geneve
2110 3914 2220 3967 MS.
2257 3913 2399 3980 107⁸,
2448 3915 2542 3970 fol.

811 4020 821 4031 .
892 3979 973 4031 An
1010 3978 1109 4031 dos
1145 3976 1301 4032 d’nne
1337 3981 1595 4032 ancienne
1630 3981 1799 4034 main:
1838 3984 1891 4034 Δ
1926 3983 2164 4037 aenaim
2195 3983 2436 4048 fideliss.)

602 4150 707 4215 La
764 4149 1070 4216 dilection
1127 4147 1206 4215 de
1249 4149 1424 4215 Dieu
1481 4158 1703 4215 nostre
1757 4172 1911 4235 pere
1970 4162 2035 4219 et
2089 4154 2153 4219 16
2209 4173 2401 4238 grace
2461 4155 2540 4220 de

604 4243 826 4300 nostre
862 4234 1191 4319 Seigneur
1210 4235 1409 4302 Jesus
1446 4234 1673 4301 Christ
1706 4237 1831 4302 soit
1866 4239 2191 4305 tonsiours
2227 4261 2342 4306 sur
2376 4261 2541 4306 vous

910 4341 1028 4402 par
1070 4322 1134 4386 16
1177 4321 1720 4387 communication
1764 4323 1852 4388 du
1887 4322 1958 4389 S.
1996 4324 2238 4405 Esprit.

776 4490 1128 4556 Honnorez
1186 4489 1542 4576 Seigneurs
1607 4504 1672 4560 et
1736 4494 1885 4560 bien
1945 4495 2150 4560 aimez
2213 4496 2436 4575 frereS,
2490 4496 2536 4561 il
2589 4543 2592 4572 2

605 4596 769 4641 vous
813 4575 1022 4659 plaira
1054 4573 1134 4641 de
1177 4597 1340 4643 nous
1376 4600 1652 4645 excuser
1694 4581 1749 4645 si
1797 4600 1963 4647 nous
1999 4580 2263 4647 n’avons
2307 4583 2361 4646 si
2408 4593 2541 4648 tost

604 4863 789 4918 8884.
818 4863 874 4930 l)
907 4863 954 4916 le
989 4878 1037 4917 e:
1074 4866 1429 4934 pepercimus.
2541 4905 2549 4914 ·

605 5007 657 5055 a
791 4929 866 5012 .⁹)
903 4880 1211 4998 Bit-uoto-
1244 4947 1311 4986 eae
1344 4949 1494 4989 mera
1516 4941 1827 4992 coniectura
1862 4939 1938 4994 ad
1971 4955 2025 4993 a.
2060 4937 2193 4993 1561
2230 4941 2536 5009 referimus,

979 5001 1190 5055 soumis
1249 4999 1506 5068 phu-imis
1554 5006 1684 5060 aliis
1744 5007 1982 5063 dudm
2039 5013 2181 5064 aaut·
2221 5009 2327 5077 (N.
2379 5008 2533 5064 3332.

604 5067 756 5149 334..
804 5066 957 5122 8348.
1005 5067 1312 5136 3564an
1373 5070 1835 5130 Metanomonom
1889 5078 2003 5130 ion
2047 5084 2318 5133 mortuum
2363 5081 2539 5144 meo

603 5145 845 5262 geigio&
876 5151 1036 5261 „02oe
1077 5146 1457 5273 'incessimus
1516 5143 1744 5264 etanta
1778 5227 1900 5266 mr
1941 5149 2539 5270 nummulis&

602 5275 829 5330 dubium
860 5278 1124 5342 expressit
1153 5276 1419 5331 mm.-
1455 5248 1690 5345 putarim
1725 5294 1844 5334 esse
1956 5282 2108 5335 lvini.
2410 5232 2534 5285 w

2591 3895 2594 3908 '
2641 3917 2886 3962 coeurs.

2585 4783 2591 4846 ἶ
2638 4754 2785 4838 gilo.
2860 4753 2954 4820 Oe
3008 4757 3117 4837 qui
3175 4776 3260 4820 ue
3318 4778 3390 4821 66
3448 4755 3627 4838 peult

2585 4877 2591 4902 ι
2637 4839 3217 4906 66611666116111661
3262 4853 3408 4906 1661
3450 4849 3492 4907 a
3534 4843 3655 4906 lire
3698 4843 3849 4923 qu'a
3890 4840 4053 4905 cuir.
4143 4842 4452 4928 Par-quoy
4494 4861 4566 4905 ne

2650 827 2817 872 nous
2873 826 3179 890 esperons
3235 827 3363 889 que
3413 804 3591 870 Dieu
3647 824 3813 872 vous
3868 825 4029 871 aura
4082 825 4372 890 prouveu
4435 805 4583 870 d'nn

2651 893 2913 959 homme
2976 894 3087 976 qui
3165 892 3548 975 s’acquitera
3610 890 3987 957 fidelement
4050 892 4138 957 de
4191 912 4310 958 son
4369 889 4583 956 devoir

2649 998 2820 1061 pour
2861 998 3027 1045 vous
3085 987 3446 1045 contenter.
3540 976 3726 1043 Vous
3789 978 3853 1040 le
3917 987 4254 1044 trouverez
4311 977 4583 1060 possible

2652 1149 2940 1215 donnera
2996 1149 3326 1234 prudence
3381 1159 3448 1214 61
3497 1148 3828 1224 16οά66116,
3887 1170 4052 1232 pour
4104 1171 4174 1214 66
4229 1160 4451 1231 porter
4506 1169 4579 1236 en

2650 1237 2803 1301 telle
2846 1244 3019 1302 sorte
3064 1256 3189 1319 que
3245 1236 3310 1301 la
3352 1234 3573 1318 parole
3612 1233 3768 1317 qu'il
3810 1256 3974 1301 vous
4017 1244 4280 1319 portora
4322 1256 4409 1300 ne
4465 1236 4584 1298 soit

2650 1342 2734 1386 en
2777 1323 3055 1404 mespris
3097 1342 3265 1405 pour
3306 1342 3422 1386 son
3470 1341 3648 1404 aage.
3729 1320 3901 1386 Mais
3942 1341 4179 1404 pouroe
4222 1321 4362 1404 quil
4408 1320 4582 1385 vault

2649 1408 2872 1473 mieux
2917 1428 3042 1490 que
3083 1427 3249 1474 vous
3293 1407 3687 1491 eognoissies
3731 1427 3805 1473 ce
3848 1408 3957 1489 qui
4013 1418 4112 1472 661
4168 1428 4248 1473 66
4305 1408 4430 1490 luy
4471 1427 4582 1488 par

2647 1599 2781 1662 pos.
2856 1581 2951 1645 Oe
2995 1600 3118 1662 que
3161 1600 3329 1644 nous
3382 1599 3461 1643 en
3524 1598 3726 1643 avons
3780 1578 3916 1643 dict
3957 1599 3998 1643 a
4049 1591 4184 1644 este
4230 1600 4270 1644 a
4311 1580 4405 1643 fin
4463 1600 4581 1661 que

2645 1685 2732 1729 ne
2774 1665 3010 1732 fussies
3051 1664 3399 1748 degoustez
3444 1665 3524 1729 (16
3581 1664 3647 1730 16
3698 1677 3963 1748 pasture
4007 1685 4133 1747 que
4177 1684 4344 1730 vous
4391 1664 4582 1731 devea

2644 1751 2939 1816 recevoir
2980 1771 3100 1833 par
3142 1771 3245 1816 ses
3286 1751 3518 1816 mains.

2816 1837 2927 1901 Du
2979 1847 3172 1935 reste,
3239 1836 3563 1902 treschers
3622 1834 4001 1920 Seigneurs,
4068 1855 4233 1901 nous
4298 1859 4506 1904 avons
4546 1847 4583 1903 6

2644 1923 3000 2074 ἓὲἶῗέᾒὲἱ
3040 1922 3215 2073 ’Ξὲἰέ
3269 1920 3549 2090 ἒέρεῗὲἲ
3588 1923 3738 2073 332⁶
3761 1922 4582 2090 032033535035283333

2644 2094 2858 2159 leures
2910 2094 2992 2160 de
3046 2094 3110 2159 16
3152 2100 3433 2178 papante
3485 2103 3553 2159 et
3595 2115 3759 2159 vous
3823 2093 4151 2159 recueillir
4212 2115 4361 2175 sous
4432 2097 4581 2161 l'en-

2644 2181 2867 2263 seigne
2911 2180 2992 2244 de
3049 2201 3166 2246 son
3219 2179 3325 2244 fils
3368 2181 3628 2260 unique,
3688 2186 3730 2244 a
3769 2181 3862 2244 fin
3906 2179 3985 2244 de
4029 2183 4296 2262 profiter
4338 2201 4428 2245 66
4472 2203 4581 2247 son

2644 2264 2918 2331 eschole.
3011 2264 3144 2332 Oar
3186 2267 3241 2331 si
3287 2285 3450 2330 nous
3495 2285 3699 2331 avons
3755 2266 4026 2350 besoing
4068 2266 4283 2332 destre
4338 2277 4487 2332 tout
4525 2268 4581 2333 16

2646 2373 2835 2417 cours
2893 2352 2973 2417 de
3037 2363 3256 2417 nostre
3311 2353 3415 2415 vie
3472 2352 3816 2435 enseignez
3882 2372 3964 2416 en
4029 2352 4096 2417 la
4160 2352 4457 2420 doctrine
4507 2354 4581 2419 de

2642 2436 3032 2521 l’Evangile‚
3088 2456 3320 2505 encore
3363 2437 3499 2519 quil
3542 2441 3656 2521 n’y
3698 2446 3849 2503 eust
3889 2437 4073 2503 nulle
4113 2438 4581 2507 contradiction

2644 2544 2811 2607 pour
2851 2544 3017 2590 nous
3059 2522 3480 2601 desbaucher,
3534 2523 3602 2588 la
3643 2524 3966 2590 1166666116
4017 2532 4119 2589 661
4170 2526 4583 2611 aujourdhuy

2647 2609 2943 2674 d’autant
3005 2609 3155 2693 plus
3217 2606 3465 2693 grande
3516 2628 3642 2692 que
3705 2609 3764 2675 si
3826 2629 3993 2676 nous
4056 2631 4139 2674 ne
4201 2611 4583 2695 appliquons

2647 2708 3150 2779 sogneusement
3193 2705 3409 2760 166166
3454 2694 3551 2761 166
3588 2694 3790 2777 aydes
3833 2715 3959 2778 que
4001 2695 4175 2761 Dieu
4218 2715 4382 2763 nous
4428 2698 4582 2764 offro

2645 2802 2811 2864 pour
2853 2803 3016 2846 nous
3074 2782 3434 2847 conformer
3477 2802 3561 2845 en
3613 2801 3688 2844 sa
3742 2800 3905 2864 pure
3960 2782 4184 2859 verite,
4245 2782 4305 2846 16
4349 2783 4581 2849 Diable

2589 2865 2598 2964 ᾗ
2649 2888 2687 2932 6
2730 2867 2844 2931 (166
2886 2886 3158 2951 moyens
3205 2867 3439 2950 jnfinis
3482 2886 3648 2948 pour
3692 2886 3857 2932 nous
3897 2865 4317 2935 desbaucher.
4414 2869 4579 2934 Vous

2645 2973 2849 3038 voyez
2891 2961 3222 3020 comment
3262 2954 3325 3017 le
3358 2972 3559 3036 povre
3600 2952 3837 3016 monde
3880 2965 3981 3019 est
4020 2952 4259 3038 plonge
4303 2976 4387 3020 en
4436 2957 4579 3020 hor-

2594 3035 2598 3106 i
2645 3038 2846 3105 ribles
2887 3037 3189 3104 tenebres
3232 3047 3301 3102 et
3342 3036 3531 3120 quasi
3573 3035 3660 3103 (111
3710 3048 3856 3103 tout
3898 3036 4156 3103 abbruti
4199 3060 4281 3106 en
4325 3062 4579 3107 erreurs

2593 3131 2599 3206 Ι
2646 3135 2714 3190 61
2745 3123 3054 3209 jllusions
3085 3122 3430 3189 mortelles.
3502 3122 3563 3188 Il
3596 3145 3642 3208 y
3680 3145 3719 3188 a
3754 3123 3817 3188 16
3850 3124 4141 3190 violence
4184 3137 4250 3189 61
4290 3127 4581 3192 cruaulte

2648 3209 2763 3275 des
2815 3210 3111 3276 ennemis
3166 3208 3246 3274 (16
3300 3209 3364 3274 16
3419 3210 3548 3292 foy,
3606 3211 3714 3291 qui
3772 3229 3938 3292 pour
3994 3232 4064 3276 se
4106 3212 4460 3278 maintenir
4500 3233 4578 3278 en

2593 3365 2598 3376 ‚
2646 3296 2791 3362 leur
2833 3297 3140 3381 tyrannis
3184 3295 3514 3380 jnfernale
3556 3294 3700 3362 font
3757 3304 3905 3362 1666
3949 3295 4123 3361 leurs
4167 3297 4388 3364 efforts
4435 3319 4581 3364 sans

2645 3383 2788 3449 rien
2845 3401 3198 3466 espargner
3253 3401 3418 3464 pour
3474 3379 3777 3447 distraire
3832 3381 3925 3447 les
3984 3382 4213 3448 enfans
4273 3383 4354 3451 de
4413 3385 4581 3451 Dieu

2646 3466 2736 3533 du
2781 3467 3038 3534 chemin
3078 3467 3159 3534 (16
3202 3466 3390 3534 66161.
3461 3467 3599 3532 Les
3640 3466 3916 3551 caphars
3952 3466 4182 3535 dautre
4226 3477 4402 3536 coste
4448 3491 4578 3537 cor-

2643 3565 2948 3638 rompent
2992 3562 3059 3620 et
3114 3552 3427 3620 falsifient
3479 3559 3659 3618 toute
3711 3553 4005 3619 doctrine
4061 3575 4229 3636 pour
4286 3555 4579 3622 deeevoir

2643 3638 2739 3705 166
2782 3639 3063 3723 simplos.
3136 3639 3476 3706 Plusieurs
3514 3660 3596 3704 66
3639 3638 3792 3704 16116
3835 3638 4173 3706 confusion
4215 3661 4288 3707 se
4323 3639 4576 3709 desbor-

2642 3722 2803 3790 dent
2845 3746 2926 3790 en
2972 3733 3152 3790 toute
3197 3726 3478 3808 impiete‚
3524 3733 3592 3790 et
3623 3724 3905 3790 effacent
3940 3733 4084 3791 tant
4117 3727 4250 3810 quil
4295 3727 4443 3792 leur
4485 3736 4578 3794 est

2640 3810 2925 3894 possible
2968 3818 3150 3876 toute
3194 3809 3463 3895 religion
3516 3825 3584 3876 et
3639 3812 3887 3876 crainte
3931 3809 4011 3876 (16
4055 3809 4229 3878 Dieu
4274 3812 4354 3878 de
4405 3814 4575 3880 leurs

2978 3896 3220 3962 Estans
3274 3897 3437 3963 ainsi
3500 3895 3775 3962 assaillis
3819 3902 3861 3961 a
3903 3895 4075 3962 droit
4117 3906 4184 3963 61
4228 3906 4269 3964 a
4310 3899 4575 3983 gauche,

2642 3983 2703 4048 si
2756 4003 2922 4049 nous
2988 4002 3270 4048 sommes
3325 3981 3752 4050 nonchallans
3806 3990 3849 4049 a
3907 4004 4069 4048 nous
4130 3983 4279 4050 bien
4344 3987 4572 4061 munir,

2642 4088 2809 4134 nous
2854 4088 3080 4134 serons
3123 4088 3397 4150 exposez
3433 4075 3476 4134 a
3508 4075 3653 4134 tout
3687 4067 3817 4135 mal
3862 4078 3930 4133 61
3972 4089 4043 4134 66
4086 4090 4234 4135 sera
4277 4090 4367 4135 un
4402 4073 4576 4154 juste

2642 4154 2878 4220 salaire
2923 4152 3003 4218 de
3048 4169 3271 4219 nostre
3316 4154 3800 4220 nonchallance.
3873 4153 3972 4221 Or
4015 4176 4134 4221 noz
4178 4176 4392 4222 armes
4435 4169 4574 4223 6661

2641 4260 2895 4306 comme
2938 4241 3151 4305 sainct
3192 4240 3360 4305 Paul
3404 4262 3570 4306 nous
3611 4237 3913 4319 advertit,
3957 4239 4021 4304 le
4065 4241 4352 4308 bouclier
4394 4240 4477 4307 de
4516 4241 4575 4306 la

2641 4326 2771 4409 foy,
2831 4325 2893 4390 le
2936 4324 3153 4409 glaive
3197 4324 3277 4390 de
3323 4325 3391 4390 la
3430 4325 3667 4411 parole,
3724 4324 3786 4390 le
3841 4326 4116 4392 heaume
4162 4326 4242 4393 de
4286 4327 4474 4404 66161,
4518 4327 4573 4391 16

2642 4411 2933 4477 halecret
2986 4411 3067 4477 de
3123 4412 3361 4495 justice
3412 4422 3478 4477 61
3528 4433 3602 4478 66
3666 4412 3821 4493 qu’il
3885 4412 4193 4477 adicuste.
4285 4414 4383 4479 Le
4441 4421 4572 4479 tout

2640 4497 2899 4564 revient
2942 4517 2981 4562 6
3025 4518 3097 4564 66
3140 4499 3487 4565 sommaire
3531 4518 3655 4581 que
3698 4518 3862 4562 nous
3913 4517 4140 4564 serens
4183 4498 4571 4583 juvincibles

2640 4589 2865 4650 contre
2919 4589 3070 4648 tous
3129 4582 3222 4648 166
3278 4583 3557 4649 alarmes
3602 4582 3682 4649 de
3727 4580 3979 4648 Satban
4025 4593 4090 4649 61
4134 4583 4216 4648 (16
4269 4606 4371 4650 666
4424 4604 4568 4666 snp-

2639 4676 2818 4752 posts
2860 4670 2913 4732 si
2959 4690 3126 4734 nous
3169 4669 3286 4753 luy
3327 4672 3643 4737 resistons
3681 4689 3808 4818 par
3856 4670 4001 4733 vive
4041 4668 4151 4753 foy
4197 4672 4276 4734 (16
4317 4671 4567 4735 l’Evan-

3706 4774 3842 4818 alre
3894 4775 4045 4819 8811ss
4099 4778 4260 4823 nolle
4314 4776 4567 4822 exercet·

2636 4944 2803 4990 vous
2859 4926 3062 4991 lassez
3120 4933 3162 4991 6
3216 4946 3621 5011 poursuyvre
3684 4946 3776 4989 un
3845 4926 3989 4991 bien
4045 4926 4100 4990 si
4165 4927 4565 5011 jnestimable

2636 5021 2702 5076 et
2737 5032 2863 5094 que
2897 5029 3063 5077 vous
3098 5033 3180 5077 66
3215 5033 3408 5096 soyez
3445 5022 3752 5079 estonnez
3788 5014 3853 5076 ni
3894 5011 4193 5077 refroidis
4237 5024 4381 5078 tant
4413 5033 4564 5098 pour

2634 5097 2732 5162 les
2787 5116 3087 5163 menaces
3131 5100 3244 5182 qui
3302 5117 3467 5165 vous
3529 5108 3757 5166 seront
3821 5098 4010 5164 faites
4067 5119 4191 5180 que
4256 5119 4421 5182 pour
4481 5099 4564 5163 les

2636 5181 2928 5247 troubles
2972 5191 3039 5248 et
3095 5181 3450 5250 fascheries
3506 5189 3702 5268 qu’on
3760 5182 4057 5250 dressera
4100 5204 4139 5248 a
4182 5205 4302 5250 noz
4353 5185 4561 5250 freres.

2635 5268 2822 5332 Vous
2881 5290 3036 5334 avez
3095 5268 3244 5334 bien
3301 5293 3339 5334 a
3400 5291 3556 5335 vous
3607 5270 3779 5336 tenir
3835 5277 4179 5355 coyement
4232 5282 4299 5336 61
4354 5270 4564 5337 obvier
