4850 6117
635 419 719 485 68
2293 408 2759 488 EPIS‘DOLA
2802 415 2969 478 3679
4543 416 4624 482 64

1514 598 1715 673 8579.

1247 754 1492 823 BEZA
1526 752 1965 823 OALVINO.

802 893 1040 995 3425&oe
1072 925 1365 1010 colloquii
1393 924 1841 992 Possiacensis.
1913 921 2151 993 Ultimo
2183 924 2580 1007 componendi

632 1015 897 1088 dissidii
959 1012 1314 1080 conamina.
1395 1012 1719 1078 Adventu-s·
1781 1010 2193 1096 theomarum
2240 1009 2580 1077 Germano-

630 1121 793 1169 rum.
880 1098 1199 1166 Balduini
1239 1099 1450 1165 tricae.

1169 1267 1303 1324 ond.
1353 1267 1555 1323 Genev.
1601 1265 1719 1336 117,
1761 1267 1855 1323 fol.
1901 1266 1971 1322 38
2016 1267 2135 1322 ooll.
2184 1284 2229 1322 6.
2264 1267 2580 1391 agzseffixsso

631 1273 765 1398 ἐξ.
784 1267 1184 1403 Ἦιξῇἕεὴῗθθ
1235 1337 1375 1407 Ερρ.
1410 1337 1571 1392 Bern.
1608 1335 1709 1393 VI.
1782 1377 1798 1392 .
1831 1335 1936 1390 963
1971 1343 2027 1418 et
2061 1336 2258 1418 Simler

736 1410 931 1465 Edidit
962 1408 1149 1463 Baum.
1183 1381 1261 1461 11.
1296 1408 1438 1476 App.
1476 1423 1531 1475 p.
1565 1404 1684 1459 109.
1877 1411 2043 1475 nptno
2077 1404 2466 1470 desideratur.)

804 1578 875 1647 S.
937 1578 1178 1661 Aooipe
1254 1575 1520 1643 tandem
1583 1578 1796 1643 nostri
1856 1575 2159 1660 colloquii
2224 1576 2496 1642 exitum.
2528 1580 2576 1656 ¹)

631 1668 874 1753 Episoo
918 1665 944 1731 i
998 1664 1263 1730 tandem
1319 1661 1667 1747 aliquando
1724 1663 2057 1728 affuerunt
2108 1671 2176 1727 et
2216 1681 2500 1728 oanones
2516 1662 2575 1745 ²)

633 1774 787 1820 suos
913 1749 1176 1816 'derunt
1216 1769 1492 1833 quorum
1536 1747 1874 1833 exemplar
1916 1748 2095 1813 intra
2136 1766 2380 1833 pauoos
2435 1746 2577 1814 dies

631 1839 915 1906 mittam.
1003 1836 1173 1902 Nam
1216 1834 1361 1900 heri
1416 1835 1707 1918 primum
1759 1833 2056 1900 obtinere
2114 1834 2318 1918 potui,
2376 1831 2576 1917 idque

633 1945 769 1992 non
825 1924 969 1989 sine
1023 1926 1186 2002 arte,
1251 1921 1561 2005 quoniam
1605 1918 1884 1987 desoribi
1924 1918 2173 1998 nolunt,
2219 1926 2290 1984 et
2346 1920 2575 1986 arohe-

631 2017 865 2097 typum
922 2028 1180 2075 summa
1236 2005 1578 2092 diligentia
1635 2005 2113 2072 asservabatur.
2214 2004 2436 2085 Quum
2494 2006 2576 2071 de

629 2095 912 2181 peounia
963 2099 1255 2180 agerent,
1315 2092 1510 2158 simul
1567 2092 1901 2177 petierunt
1951 2097 2030 2156 ut
2078 2089 2360 2158 ediotum
2404 2090 2574 2157 illud

629 2184 877 2249 mensis
951 2179 1108 2246 Iulii
1184 2187 1577 2262 perpetuum
1653 2183 1841 2254 esset,
1918 2183 2116 2261 atque
2178 2176 2572 2242 inviolabile.

629 2268 784 2336 Non
827 2268 1283 2350 impetrarunt.
1372 2260 1511 2329 Sed
1566 2262 1994 2328 nihilominus
2052 2263 2294 2346 partim
2347 2283 2577 2328 eorum

628 2355 887 2430 astutia,
924 2351 1166 2436 partim
1198 2349 1610 2432 quorundam
1645 2348 2063 2434 negligentia,
2100 2349 2340 2432 partim
2373 2349 2574 2414 etiam

626 2440 891 2506 illorum
954 2435 1364 2519 impatientia
1418 2435 1533 2519 qui
1589 2442 1953 2516 temperare
1995 2434 2121 2502 sibi
2164 2455 2300 2500 non
2342 2443 2572 2519 potue-

626 2533 791 2592 runt
832 2524 987 2607 quin
1035 2520 1278 2605 templa
1319 2527 1733 2604 comparent,
1776 2520 2020 2586 faotum
2075 2528 2177 2586 est
2218 2529 2296 2586 ut
2337 2518 2572 2605 prode-

627 2618 812 2677 retur
852 2607 1169 2687 Christus,
1236 2604 1350 2672 sed
1393 2605 1598 2672 multo
1640 2606 1857 2672 oarius
1899 2626 2092 2688 quam
2134 2604 2289 2671 olim
2343 2606 2574 2672 vendi-

627 2704 738 2762 tus
795 2695 881 2760 sit
924 2714 964 2759 a
1004 2692 1188 2759 Iuda.
1276 2692 1735 2757 Promiserunt
1778 2692 1953 2757 enim
1996 2690 2278 2758 sedecim
2335 2692 2573 2758 millio-

628 2802 751 2848 nes
814 2781 1184 2846 franoorum
1242 2777 1420 2844 intra
1475 2798 1592 2844 sex
1648 2798 1857 2844 annos
1915 2797 2047 2843 una
2104 2798 2249 2844 oum
2307 2776 2574 2844 foenore

627 2863 1116 2954 persolvendos,
1181 2868 1250 2930 et
1310 2865 1403 2929 ita
1456 2864 1898 2947 impetrarunt
1951 2869 2028 2929 ut
2082 2864 2289 2930 nostri
2344 2863 2575 2931 oedere

627 2952 895 3038 templis
925 2952 1329 3030 iuberentur,
1373 2969 1650 3033 quorum
1690 2956 1913 3015 tamen
1954 2969 2040 3015 ex
2082 2956 2372 3016 statuum
2425 2971 2575 3035 pos-

629 3039 948 3106 tulatione
1022 3033 1584 3121 impetrandorum
1659 3056 1810 3120 spes
1871 3033 2056 3102 nobis
2130 3036 2324 3102 toties
2399 3035 2579 3103 faota

627 3126 862 3192 fuerat.
948 3122 1148 3191 Utrin
1190 3142 1273 3189 uo
1315 3120 1698 3188 adimuntur
1738 3141 1940 3203 arma,
1960 3123 2016 3200 ⁸)
2074 3121 2190 3189 sed
2230 3122 2356 3189 hao
2398 3123 2470 3186 in
2505 3142 2577 3187 re

628 3217 884 3279 eertum
944 3143 1307 3294 parientium
1369 3217 1469 3274 est
1530 3229 1616 3273 ne
1680 3228 1829 3275 oum
1891 3208 2134 3275 nostris
2195 3207 2372 3274 mala
2444 3206 2577 3274 fide

627 3296 958 3399 plerisque
990 3293 1152 3361 loois
1186 3302 1439 3379 agatur.
1497 3292 1946 3360 Prohibentur
1979 3294 2223 3381 privati
2255 3294 2576 3377 inspioere

627 3404 702 3450 m
749 3381 1111 3449 vioinorum
1151 3400 1385 3458 mores,
1430 3386 1500 3445 et
1540 3379 1655 3445 alii
1699 3380 1975 3446 aliorum
2017 3378 2212 3446 aedes
2244 3378 2576 3458 invadere,

629 3467 748 3535 sed
790 3469 1043 3533 interea
1084 3467 1161 3531 fit
1203 3465 1696 3551 magistratibus
1774 3471 2018 3532 otestas
2051 3464 2427 3549 inquirendi
2467 3486 2578 3531 ne-

630 3574 760 3640 que
812 3573 1085 3619 saevum
1140 3550 1306 3618 illud
1362 3549 1646 3616 edietum
1697 3571 1737 3616 a
1782 3558 2073 3636 rogatur,
2150 3571 2278 3635 quo
2328 3551 2578 3635 publioi

628 3640 1002 3725 privatique
1044 3644 1266 3704 ooetus
1308 3634 1754 3721 prohibentur.
1780 3641 1834 3717 ⁴)
1912 3634 2203 3703 Additur
2235 3646 2575 3721 praeterea

631 3725 851 3794 neseio
905 3722 1063 3808 quid
1117 3722 1198 3789 de
1241 3722 1715 3808 prosoriptione
1771 3742 1995 3789 eorum
2041 3723 2153 3807 qui
2195 3731 2387 3789 antea
2429 3723 2568 3789 fue-

630 3823 792 3878 runt
873 3809 1102 3894 ospitis
1164 3828 1373 3893 poena
1439 3806 1751 3886 damnati,
1814 3808 2052 3892 quique
2118 3807 2424 3894 deinoeps
2489 3807 2574 3874 ad

630 3905 769 3964 tres
810 3896 1061 3974 breves,
1108 3902 1180 3960 ut
1223 3895 1427 3972 aiunt,
1472 3893 1611 3960 dies
1655 3894 2034 3960 oitabuntur
2066 3915 2278 3979 neque
2310 3894 2576 3960 additur

631 3981 770 4050 ulla
817 3980 1133 4064 exeeptio.
1232 3979 1382 4047 Sois
1444 3987 1665 4046 sutem
1709 3999 1831 4046 nos
1872 4001 2006 4046 non
2041 3979 2177 4046 iam
2217 3980 2570 4067 religionis,

631 4067 751 4137 sed
817 4066 1157 4132 seditionis
1220 4085 1295 4130 ar
1389 4065 1426 4130 ⁶.
1540 4065 1771 4148 Itaque
1833 4065 1959 4132 hoo
2030 4073 2376 4150 praetextu
2442 4087 2577 4132 non

633 4152 903 4220 dubium
946 4158 1050 4219 est
1090 4150 1250 4236 quin
1398 4151 1412 4166 ⁰
1445 4170 1482 4217 e
1521 4150 1611 4218 sit
1650 4172 1877 4218 omnes
1917 4151 2255 4218 ministros
2290 4153 2576 4237 exigere,

632 4237 806 4325 quod
860 4259 1070 4304 unum
1124 4238 1235 4305 isti
1288 4238 1633 4322 praeeipue
1686 4243 2004 4321 speotant.
2101 4237 2252 4303 Hoo
2289 4237 2578 4305 edietum

631 4323 787 4394 oudi
828 4325 941 4392 vix
983 4323 1170 4407 prius
1211 4324 1537 4390 sensimus
1578 4343 1776 4407 quam
1818 4321 1904 4388 ad
1944 4322 2369 4390 Parlamenta
2422 4323 2579 4391 mis-

631 4430 781 4478 sum
835 4416 1028 4475 esset.
1118 4409 1259 4475 Nos
1309 4428 1516 4493 quum
1567 4408 1729 4475 haeo
1771 4407 2326 4493 oognovissemus,
2371 4417 2583 4475 tenta-

630 4497 852 4563 vimus
910 4495 1133 4560 omnia
1189 4502 1256 4559 et
1308 4494 1622 4578 privatim
1665 4494 1866 4561 etiam
1909 4494 1991 4561 ad
2046 4494 2582 4579 exprobrationes

633 4581 810 4660 veni,
887 4580 1216 4665 simulque
1280 4600 1393 4647 ooe
1438 4581 1461 4645 i
1525 4579 1992 4664 profeotionem
2051 4600 2300 4665 parare.
2402 4580 2582 4663 Quid

631 4668 813 4733 enim
876 4663 1054 4732 aliud
1111 4685 1373 4751 agerem
1511 4666 1683 4732 'l‘um
1739 4685 1909 4733 vero.
1950 4668 2162 4732 nostri
2216 4666 2316 4732 illi
2336 4669 2396 4744 ὃ)
2439 4687 2582 4733 mo-

631 4772 811 4831 nere,
890 4771 1143 4836 rogare,
1220 4751 1529 4819 obtestari
1601 4760 1678 4818 ut
1739 4750 1907 4818 bono
1968 4751 2190 4819 animo
2255 4773 2579 4820 essemus:

633 4990 902 5125 ⁸⁶⁷⁹·ss
938 4989 1224 5114 ἔωοαω
1262 4989 1537 5062 marm
1569 5004 1688 5060 «pp.
1721 4990 1973 5060 pronam
2001 4993 2397 5062 praecedam.

840 5126 904 5198 3)
939 5127 1115 5183 edicto
1157 5129 1518 5183 restinctionis
1558 5127 1614 5184 d.
1664 5126 1747 5183 18.
1800 5127 1915 5185 Oet.
1960 5131 2319 5200 proaulam.
2384 5129 2580 5200 (Μέσι.

635 5198 708 5253 do
746 5196 933 5254 conae
966 5196 1045 5251 11.
1078 5194 1224 5262 520.)

839 5266 902 5335 4)
937 5264 1197 5321 Edictum
1231 5264 1375 5319 Iulii

844 5337 906 5402 5)
936 5348 1189 5404 proceru
1212 5339 1341 5403 prot

1583 5264 1878 5322 dicebaut

1576 5374 1592 5401 2
1631 5329 1833 5405 θοκᾶὄ,
1873 5333 2100 5407 Uelinum
2133 5341 2227 5393 oto.

2686 598 3098 666 oonoedenda
3138 600 3300 667 haeo
3340 600 3542 667 fuisse
3583 601 3779 667 oertis
3829 599 3914 668 de
3953 601 4185 682 oausis,
4242 600 4360 668 sed
4401 602 4624 670 statim

2684 684 2821 750 fore
2895 692 2972 752 ut
3045 686 3231 752 nobis
3307 685 3742 753 eonveniendi
3817 685 4088 753 libertas
4142 685 4622 755 oenoederetur.

2682 770 2951 837 Interea
3013 770 3265 838 dimissi
3328 780 3487 839 sunt
3546 792 3774 838 omnes
3827 771 4133 859 oollegae.
4232 772 4311 840 P.
4369 771 4625 858 Mar-tyr

2683 864 2905 923 autem
2959 856 3140 924 intra
3187 867 3323 923 tres
3365 856 3505 924 dies
3546 878 3698 925 oum
3741 857 4011 924 honesto
4027 858 4364 924 *oomitatu
4404 879 4625 926 rover-

2681 948 2878 1023 tetur,
2955 956 3075 1009 aut
3147 943 3670 1010 Marohionissae
3748 942 4028 1010 Radius·
4101 943 4186 1010 ad
4261 966 4379 1012 vos
4446 945 4626 1011 intra

2726 1027 3077 1108 uindeoim,
3135 1041 3213 1095 ut
3253 1029 3496 1110 ferunt,
3540 1028 3680 1095 dies
3722 1030 4129 1113 profeoturae
4164 1030 4624 1097 oommittetur.

2759 1133 2797 1178 e
2854 1133 3014 1180 vero
3069 1123 3138 1179 et
3197 1114 3535 1181 Golas-ium
3596 1114 3822 1182 volunt
3878 1115 3963 1182 ad
4001 1116 4253 1199 aliquot
4293 1115 4432 1181 dies
4475 1136 4624 1199 per·

2683 1219 2969 1266 manere.
2990 1202 3046 1284 ⁸)
3102 1200 3630 1281 -Reousavimus‚
3675 1200 3791 1267 sed
3831 1208 4228 1268 censuerunt
4268 1202 4508 1268 fratres
4553 1211 4626 1268 ut

2683 1294 3053 1352 extremum
3131 1295 3351 1354 aotum
3415 1306 3550 1352 una
3612 1308 3763 1354 oum
3829 1287 4248 1354 eoelesiarum
4310 1286 4550 1372 legatis
4566 1290 4625 1371 ⁷)

2683 1380 3227 1455 exspeotaremus.
3346 1371 3535 1452 Quae
3629 1371 3813 1440 nobis
3904 1374 4380 1457 promittuntur
4464 1371 4626 1442 haeo

2684 1466 2865 1522 sunt:
2893 1457 2948 1541 ⁸)
3031 1457 3129 1524 Ut
3170 1457 3484 1525 fratribus
3547 1457 3745 1524 lioeat
3787 1457 4146 1544 designatis
4191 1459 4350 1525 loois
4391 1479 4626 1526 oonve-

2681 1542 2826 1608 nire
2880 1542 2965 1608 ad
3026 1544 3435 1628 quingentos.
3534 1544 3804 1610 Nemini
3855 1557 4229 1630 nostrorum
4287 1565 4328 1611 a
4369 1565 4624 1630 quoquo

2681 1629 2797 1693 fiat
2837 1628 2944 1696 vel
2988 1628 3248 1713 publioe
3292 1628 3396 1694 vel
3440 1630 3749 1714 privatim
3811 1630 4065 1709 iniuria,
4124 1630 4432 1714 utrinque
4475 1651 4625 1714 pro·

2680 1714 3036 1781 hibeantur
3098 1715 3284 1781 rixae
3348 1723 3415 1781 et
3477 1715 3792 1796 oonvioia‚
3858 1714 4109 1782 sobriae
4172 1725 4240 1782 et
4294 1716 4625 1782 modestae

2678 1800 3025 1867 oonoiones
3101 1801 3185 1867 ab
3261 1811 3540 1886 utraque
3602 1811 3791 1884 parte
3850 1800 4238 1881 habeantur,
4302 1802 4625 1869 faoessant

2678 1886 3105 1969 papistarum,
3150 1886 3714 1968 Luthoranorum,
3749 1887 4232 1955 haeretioorum
4267 1896 4333 1953 et
4367 1895 4626 1954 eaetera

2681 1971 3001 2038 eiusmodi
3064 1974 3345 2038 nomina.
3458 1972 3535 2040 Si
3604 1972 3768 2040 haeo
3830 1972 4377 2057 impetrabuntur,
4454 1973 4626 2057 quod

2678 2059 2943 2124 omnino
3019 2057 3415 2141 pollioentur
3493 2059 3704 2125 nostri
3783 2057 4213 2143 Oligarohae,
4289 2058 4625 2144 praeolare

2680 2144 3016 2210 nobisoum
3072 2152 3291 2209 aotum
3345 2145 3607 2229 putab0.
3712 2142 3848 2211 Sed
3888 2145 4066 2210 idem
4109 2145 4436 2229 plerisque
4491 2164 4625 2210 non

2677 2228 2958 2309 videtur,
3001 2230 3114 2313 qui
3155 2231 3327 2297 siout
3366 2251 3488 2297 sua
3526 2230 3938 2313 impatientia
3979 2233 4271 2316 graviter
4304 2230 4626 2296 haotenus

2677 2323 3047 2398 peooarunt,
3125 2316 3223 2382 ita
3304 2316 3430 2383 nisi
3494 2337 3673 2381 nuno
3736 2329 3804 2382 et
3867 2317 4112 2402 templa
4178 2327 4244 2383 et
4307 2313 4624 2400 quidquid

2676 2408 2995 2484 expetunt
3045 2402 3404 2479 obtineant,
3459 2422 3592 2468 non
3647 2402 3838 2468 aliter
3879 2423 4075 2486 quam
4120 2402 4319 2468 rebus
4363 2402 4624 2486 penitus

2675 2485 2952 2572 perditis
3010 2508 3087 2554 ao
3145 2487 3502 2572 deploratis
3544 2488 4051 2553 tumultuantur.
4138 2489 4368 2571 Itaque
4412 2488 4624 2552 multo

2676 2572 2886 2657 magis
2942 2573 3184 2639 anxius
3226 2594 3421 2657 quam
3466 2593 3759 2658 unquam
3815 2583 4029 2652 antea,
4088 2582 4155 2639 et
4212 2574 4400 2658 quasi
4452 2575 4624 2638 intra

2676 2665 2956 2724 mortem
3013 2667 3080 2724 et
3137 2660 3348 2724 vitam
3404 2657 3638 2725 dubius
3691 2658 3962 2743 pendeo,
4059 2659 4208 2726 Hoo
4264 2681 4476 2724 unum
4519 2679 4623 2723 me

2677 2742 2940 2822 solatur,
3026 2742 3200 2829 quod
3283 2743 3365 2810 de
3442 2752 3704 2811 nostrae
3780 2765 4047 2812 oaussae
4122 2746 4453 2828 aequitate
4528 2743 4624 2810 ita

2677 2837 2935 2897 oonstat
2977 2839 3053 2895 ut
3094 2851 3181 2895 ne
3225 2829 3589 2899 adversarii
3631 2829 3894 2914 quidem
3936 2832 4063 2914 ipsi
4106 2829 4285 2896 aliud
4326 2831 4463 2896 iam
4506 2850 4623 2896 no·

2677 2915 2780 2982 bis
2813 2936 3011 3000 quam
3051 2937 3297 2981 vanum
3329 2914 3669 2983 seditionis
3703 2918 3954 2983 orimen
3988 2916 4315 2984 obiiciant.
4389 2916 4621 2983 Disoe-

2681 2999 2834 3067 dere
2885 3000 3112 3068 invitis
3166 3002 3467 3068 omnibus
3523 3023 3657 3067 non
3710 3022 3996 3086 possum.
4083 3002 4316 3087 Itaque
4371 3000 4458 3067 ad
4504 3000 4621 3068 ali·

2679 3096 2838 3171 quot
2894 3086 3032 3154 dies
3086 3089 3470 3154 neoessitate
3513 3089 3727 3155 viotus
3769 3090 4089 3173 perstab0.
4169 3087 4247 3155 Si
4296 3087 4415 3155 illa
4459 3086 4624 3153 obfi-

2680 3173 3038 3252 nuerimus,
3103 3194 3352 3240 novum
3411 3175 3540 3239 erit
3598 3174 3987 3258 oapiendum
4043 3173 4410 3252 eonsilium,
4471 3174 4624 3257 quia

2681 3261 2809 3327 nisi
2863 3280 3129 3344 prorsus
3180 3259 3474 3345 perditas
3531 3260 3815 3326 velimus
3872 3259 4196 3339 eoolesias,
4260 3260 4624 3325 rationibus

2679 3358 2750 3411 et
2808 3345 3157 3412 autoritate
3209 3345 3614 3413 oohibendus
3672 3348 3799 3412 erit
3852 3344 4260 3430 quorundam
4321 3347 4627 3431 impetus,

2680 3450 2809 3515 qua
2866 3429 2948 3497 de
3000 3452 3075 3497 re
3132 3432 3524 3516 tempestive
3582 3431 3667 3498 ad
3720 3441 3789 3498 te
3829 3432 4127 3499 soribam.
4217 3431 4343 3499 Sin
4385 3431 4627 3507 minus,

2680 3518 2906 3583 statim
2948 3517 3094 3585 viae
3135 3538 3244 3583 me
3285 3519 3709 3585 oommittam.
3799 3519 4125 3585 Dominus
4167 3526 4385 3584 autem
4438 3514 4628 3585 vide-

2682 3602 2781 3668 bit
2856 3612 2921 3668 et
2985 3604 3293 3687 requiret.
3404 3602 3548 3670 Gur
3611 3611 3833 3670 autem
3896 3602 4143 3688 aliquid
4208 3602 4422 3671 adhue
4489 3602 4629 3702 spei

2683 3688 2980 3769 habeam,
3062 3687 3229 3754 illud
3307 3690 3507 3755 etiam
3587 3691 3659 3754 in
3722 3709 3919 3757 oausa
3985 3701 4087 3756 est
4148 3686 4322 3772 quod
4384 3687 4628 3755 nudius

2678 3775 2916 3841 tertius
2964 3772 3272 3841 Gai-sioni
3314 3794 3544 3841 omnes
3605 3775 3776 3842 serio
3822 3774 4278 3854 disoesserunt,
4321 3774 4627 3840 omnibus

2884 4032 2947 4098 6)
2988 4032 3241 4099 Lanquet
3274 4048 3355 4100 ep.
3389 4029 3509 4097 149,
3544 4029 3601 4085 d.
3632 4029 3690 4085 d.
3728 4028 3813 4084 17.
3838 4029 3984 4086 Oet„-
4019 4030 4246 4084 Manent
4277 4032 4336 4086 in
4372 4031 4501 4085 aula
4532 4046 4626 4085 sex

2681 4119 2750 4156 ex
2794 4102 2931 4172 ipsis
2974 4100 3294 4170 (episeopis)
3345 4101 3439 4169 qui
3491 4115 3616 4154 oum
3662 4100 3864 4154 nostris
3915 4099 4222 4154 deliberent
4271 4100 4341 4154 de
4391 4100 4629 4155 ineunda

2680 4170 2972 4225 oonoordia
3005 4175 3065 4223 et
3097 4169 3167 4223 de
3209 4168 3593 4239 oomponendis
3635 4168 3891 4222 dissidiis.
3961 4168 4176 4222 Deleoti
4207 4174 4338 4223 sunt
4370 4175 4558 4223 autem
4587 4166 4627 4220 ii

2682 4240 2777 4309 qui
2828 4238 3034 4294 nostris
3085 4237 3333 4307 partibus
3383 4237 3618 4291 maxime
3670 4237 3886 4305 favent,
3938 4241 4000 4290 ut
4042 4237 4205 4293 Cat-d.
4250 4238 4624 4302 castilionem,

2683 4309 2924 4391 episoopi
2976 4306 3304 4388 Valentinus
3362 4312 3421 4361 et
3472 4306 3822 4388 Treoaoensis
3882 4321 3953 4359 ex
4005 4307 4111 4360 Mel
4152 4306 4340 4362 bitena
4406 4305 4627 4360 familia.

2684 4377 2935 4500 aum
2958 4376 3625 4513 „mem
3675 4374 4098 4513 „tam
4141 4444 4199 4498 ..
4212 4374 4463 4515 aa?
4478 4375 4626 4498 ¹³22:

2687 4531 2831 4584 quon
2867 4516 3018 4569 avoit
3062 4528 3286 4568 enoores
3329 4512 3498 4566 afaire
3533 4512 3603 4566 de
3649 4513 3744 4583 luy
3778 4529 3919 4582 pour
3953 4529 4172 4584 essayer
4217 4512 4265 4567 si
4307 4528 4411 4582 par
4443 4517 4629 4566 autre·

2684 4599 2930 4707 tssffit
2945 4582 3385 4720 ‘’tsfffssgtzf’ss:
3416 4597 3488 4703 2¹0²
3517 4579 4627 4719 fflssfftfflffissttitetssssffiiz

2684 4722 2992 4791 lougtemps
3026 4735 3095 4773 en
3130 4718 3337 4801 Frunoe
3373 4718 3488 4789 quil
3511 4734 3593 4800 'ne
3624 4718 3850 4772 vouioit.
3878 4785 3889 4800 ι

2890 4787 2953 4923 {3
2986 4788 3196 4938 ἓῗῗᾞ,
3222 4852 3376 4910 3578.
3448 4800 3706 4936 1333«ae
3739 4854 3816 4910 N.
3852 4852 3969 4921 153,
3989 4825 4062 4911 ’4.
4099 4852 4152 4908 a
4185 4852 4274 4908 ss.
4315 4851 4462 4936 oq„-
4503 4852 4625 4908 nio-

2685 4933 2804 4980 tum
2839 4930 2926 4979 est
2958 4924 3092 4979 mihi
3133 4941 3192 4978 m
3236 4925 3375 4988 aula,
3411 4924 3678 4993 Reginam
3712 4932 3772 4978 et
3803 4924 4180 4979 Novar-renum
4212 4927 4533 4994 permittere
4565 4923 4627 5002 ut

2684 5011 2722 5047 a
2752 4994 2954 5048 nostris
2987 4997 3285 5048 eonventus
3315 4993 3468 5058 fiant,
3512 4992 3805 5048 dummodo
3839 5010 3949 5049 non
3991 4993 4176 5063 plures
4212 5009 4375 5062 quam
4408 4992 4626 5046 duoeuta

2684 5062 3015 5117 eonveniunt
3048 5066 3107 5116 st
3138 5062 3258 5115 sine
3289 5060 3472 5115 armis.
3524 5059 3644 5115 Eoo
3676 5069 3860 5117 tamen
3888 5061 4128 5117 nondum
4150 5069 4237 5115 est
4299 5061 4313 5074 ⁰
4395 5061 4408 5074 ’
4447 5066 4626 5116 satum

2685 5131 2918 5201 publioe.
2985 5130 3299 5186 Admodum
3344 5145 3538 5184 severe
3581 5131 3691 5184 iam
3736 5130 3826 5185 hio
3873 5136 4242 5199 exsequuntur
4362 5132 4523 5185 'otum
4555 5127 4624 5182 de

2684 5215 2786 5254 usu
2820 5214 3094 5255 armorum
3125 5198 3434 5267 intel-dioto,
3477 5198 3623 5269 quod
3657 5207 3789 5269 puto
3822 5199 3947 5255 ideo
3980 5199 4103 5254 fleri
4134 5203 4198 5253 ut
4227 5200 4462 5268 populus
4493 5195 4621 5252 faoi·

2683 5268 3245 5395 ᾞωῗοιέἔιέἕωωι,
3294 5270 3344 5321 si
3393 5269 3755 5324 tumultuetur
3804 5267 4024 5339 quando
4073 5273 4372 5324 conventus
4423 5266 4623 5338 publio
