4850 6117
260 427 373 493 485

1106 606 1311 681 882⁶.

803 762 1150 833 ERBIUS
1195 759 1624 831 GALVINO.

412 936 805 1005 conmmendat
848 935 1188 1022 monium
1231 933 1586 1002 Ecceranas
1648 932 1937 1003 ccclesiae
1978 952 2183 1018 nuper

257 1024 601 1094 ministrum
644 1024 724 1090 ab
757 1023 1129 1091 Austriacis
1168 1021 1443 1088 eiectum

533 1195 648 1262 (Ex
682 1194 1022 1265 autographo
1056 1193 1187 1249 Cod.
1222 1192 1424 1249 Genev.
1466 1190 1584 1262 109,
1614 1191 1706 1247 fol.
1746 1190 1891 1259 112.)

252 1366 807 1436 Praestantissimo
850 1365 1044 1432 simul
1088 1373 1158 1431 et
1195 1365 1488 1450 piissimo
1524 1365 1606 1431 D.
1642 1363 1878 1430 Ioanni
1900 1361 2179 1430 Calvino

255 1455 523 1521 maximo
564 1452 871 1539 theologo
915 1461 982 1516 et
1020 1450 1329 1518 ecclesiae
1371 1459 1634 1518 sanctae
1677 1450 1959 1516 antistiti
2003 1448 2181 1532 apud

255 1540 550 1626 inclytam
575 1538 1119 1606 Gebennensium
1140 1536 1367 1604 urbem
1387 1536 1577 1603 fratri
1614 1557 1731 1602 suo
1765 1534 2034 1603 colendo
2057 1543 2179 1600 etc.

410 1710 643 1778 Gratia
685 1709 808 1775 filii
849 1709 979 1776 Dei
1023 1719 1257 1776 tecum.
1346 1712 1581 1775 Amen.
1669 1707 1865 1775 Diem
1909 1705 2182 1772 Domini

256 1796 416 1865 haud
455 1796 685 1881 procul
728 1795 951 1862 abesse
994 1796 1352 1880 loquuntur
1394 1802 1492 1861 tot
1529 1793 1760 1859 mundi
1795 1812 2184 1875 conquassa-

256 1885 468 1964 tiones,
533 1882 860 1948 malorum
903 1883 1197 1948 omnium
1238 1881 1571 1959 colluvies,
1617 1901 1875 1945 morum
1917 1900 2184 1962 corrup-

258 1970 411 2035 telae
450 1976 517 2035 et
557 1968 1075 2052 impoenitentia.
1165 1968 1346 2050 Quid
1388 1965 1607 2032 enim?
1683 1965 1891 2032 Sonat
1925 1963 2184 2049 quidem

259 2055 496 2122 Ohristi
536 2075 677 2121 vox
718 2054 894 2137 apud
937 2053 1325 2134 Germanos,
1370 2053 1485 2119 sed
1527 2051 2036 2137 quotusquisque
2085 2058 2187 2116 est

259 2142 355 2225 qui
395 2163 545 2207 vere
590 2140 722 2207 Dei
762 2140 974 2205 filium
1017 2161 1101 2206 ex
1154 2141 1445 2224 professo
1500 2136 1823 2205 testetur?
1913 2136 2187 2202 Tumul-

259 2236 466 2293 tuatur
507 2226 750 2310 ubique
794 2227 1109 2309 gentium.
1195 2227 1393 2310 Apud
1436 2234 1582 2292 tuos
1634 2246 1674 2289 a
1716 2221 2078 2290 latronibus
2121 2229 2189 2288 et

259 2311 611 2379 cardinibus
655 2313 909 2377 romani
939 2313 1275 2397 Lycaonis
1318 2321 1384 2378 et
1427 2309 1773 2395 pontificiis
1814 2316 2189 2375 mactantur

261 2398 492 2465 Christi
557 2418 736 2477 oves,
802 2398 980 2463 haud
1036 2419 1224 2464 secus
1279 2418 1475 2481 quam
1534 2397 1711 2462 ferae
1770 2405 1836 2461 et
1887 2393 2186 2478 pecudes.

259 2484 342 2552 Ut
378 2483 581 2565 video,
652 2484 927 2566 cupiunt
983 2485 1254 2568 implere
1297 2504 1670 2550 mensuram
1727 2489 2009 2566 patrum.
2097 2483 2192 2547 At

261 2571 631 2638 sancticidae
674 2569 794 2650 illi,
838 2570 959 2636 etsi
1005 2570 1135 2635 iam
1178 2590 1312 2636 non
1357 2591 1394 2636 e
1437 2570 1731 2653 vestigio,
1776 2568 1931 2633 olim
1967 2574 2187 2634 tamen

259 2657 322 2721 in
360 2655 460 2722 die
500 2655 735 2722 iudicii
775 2655 1220 2740 profusionem
1262 2656 1518 2722 innoxii
1561 2654 1907 2739 sanguinis
1939 2656 2190 2737 gravis-

260 2743 406 2808 sime
468 2741 819 2826 depensuri
897 2750 1073 2808 sunt.
1152 2743 1459 2808 Arbitror
1518 2742 1744 2808 electis
1787 2739 1915 2807 Dei
1981 2740 2191 2806 nostri

260 2837 466 2910 patere
528 2848 785 2896 sacram
849 2828 1116 2895 ianuam
1182 2828 1373 2914 regni
1444 2828 1790 2894 coelorum.
1901 2825 2190 2894 Proinde

261 2913 562 2981 orandum
627 2913 1007 2980 enixissime
1063 2915 1422 2999 propitium
1487 2935 1733 2980 numen
1793 2933 1910 2996 per
1968 2912 2188 2981 Iesum

261 2998 600 3079 Christum,
662 3008 737 3065 ut
794 2999 930 3065 suis
987 3000 1166 3065 inter
1223 3009 1550 3068 tormenta
1592 3009 2028 3085 tyrannorum
2074 2999 2190 3064 tri·

261 3083 401 3151 buat
440 3088 880 3153 constantiam
921 3086 1311 3169 patientiam
1374 3096 1441 3154 et
1481 3085 2037 3171 perseverantiam
2080 3108 2193 3153 us-

261 3190 371 3253 que
408 3173 478 3237 in
521 3174 723 3238 finem
767 3192 896 3256 quo
940 3171 1107 3239 salvi
1151 3174 1333 3238 fiant.

411 3258 518 3324 En
559 3258 697 3324 iam
741 3256 822 3323 ad
868 3265 935 3324 te
999 3257 1173 3324 redit
1211 3256 1298 3325 D.
1344 3258 1625 3326 Ioannes
1669 3256 1993 3343 FiyoniuS,
2021 3261 2073 3339 ¹)
2116 3259 2195 3324 fi-

261 3339 405 3409 delis
445 3343 698 3411 Christi
756 3343 1077 3423 minister,
1157 3345 1271 3428 qui
1329 3344 1634 3411 ecclesiae
1693 3346 2064 3412 Ecoeranae
2120 3346 2194 3409 in

260 3429 418 3495 valle
460 3429 759 3495 Alberthi
802 3432 872 3495 in
916 3431 1178 3513 pietatis
1222 3430 1517 3497 doctrina
1559 3440 1625 3496 et
1667 3432 2052 3515 integritate
2096 3431 2192 3495 vi·

261 3524 352 3581 tae
392 3524 617 3583 sancte
660 3516 965 3599 praefuit.
1052 3516 1416 3582 Enimvero
1463 3516 1676 3583 Satan
1718 3515 2037 3582 bonorum
2083 3516 2196 3581 ad-

259 3602 568 3669 versarius
608 3622 877 3668 omnem
920 3603 1132 3668 movit
1170 3602 1453 3685 lapidem
1497 3611 1573 3667 ut
1614 3601 1881 3669 tandem
1922 3624 2041 3687 per
2074 3601 2195 3668 fal·

259 3706 351 3753 sos
392 3688 599 3755 solum
645 3690 908 3755 nomine
951 3688 1344 3754 christianos
1386 3696 1499 3754 tuo
1553 3690 1818 3755 nomine
1861 3689 2033 3755 male
2077 3710 2195 3754 au·

262 3770 430 3840 diens
492 3775 966 3839 criminabatur
987 3776 1023 3814 ¹¹
1079 3794 1220 3840 esse
1265 3773 1650 3854 Oalvinista,
1718 3795 1919 3859 quum
1973 3782 2196 3841 tamen

261 3858 524 3941 optimus
567 3860 676 3926 vir
728 3860 978 3926 nullius
1035 3860 1321 3926 hominis
1376 3860 1613 3926 iurarit
1666 3861 1742 3925 in
1784 3860 2005 3941 verba,
2079 3859 2198 3927 sed

262 3943 504 4011 unicam
546 3944 803 4012 Christi
847 3945 1210 4013 doctrinam
1246 3946 1585 4012 sinceriter
1619 3946 1929 4013 ecclesiae
1962 3966 2196 4031 propo-

261 4031 463 4097 suerit.
531 4031 714 4099 Hinc
757 4031 1003 4099 eiectus
1046 4040 1146 4099 est
1186 4032 1269 4098 ab
1311 4032 1551 4115 iniquis
1595 4032 1798 4116 regiis
1832 4032 2196 4100 austriacae

264 4112 476 4183 domus
556 4117 839 4202 satrapis
902 4117 1255 4185 inauditus.
1344 4118 1509 4185 Eius
1572 4120 2065 4203 proscriptionis
2129 4127 2197 4185 et

263 4202 637 4286 tragoediae,
681 4204 973 4269 maxima
1004 4225 1158 4289 pars
1193 4212 1297 4270 est
1329 4205 1746 4271 concionator
1780 4204 2196 4291 germanicus

262 4284 486 4356 Petrus
529 4290 843 4374 HoyeruS,
862 4291 918 4373 2)
978 4291 1089 4373 qui
1132 4312 1250 4356 suo
1294 4290 1636 4358 abundans
1680 4313 1877 4357 sensu
1920 4290 2195 4357 arbitra·

264 4376 364 4438 tur
413 4396 481 4441 se
544 4375 797 4441 coelum
843 4375 1064 4461 digitis
1107 4377 1449 4462 attingere.
1537 4377 1609 4444 Is
1663 4378 2029 4444 etiamnum
2081 4376 2195 4441 ille

263 4464 354 4523 est
412 4461 522 4545 qui
585 4461 671 4528 D.
705 4462 935 4529 Petro
1002 4461 1323 4544 Marbufio
1343 4464 1402 4547 8)
1466 4463 1613 4548 piae
1680 4465 2054 4542 memoriae,
2106 4463 2193 4529 D.

263 4731 431 4812 8926.
449 4736 509 4800 1)
544 4736 616 4792 A.
653 4736 786 4791 1561
822 4752 892 4791 m.
934 4736 1046 4793 Oct.
1083 4735 1349 4792 Remo-do
1384 4739 1447 4801 (i.
1488 4753 1533 4792 e.
1565 4737 1708 4793 Aru.
1738 4737 1959 4807 Banco)
1992 4754 2195 4796 succes-

265 4806 332 4856 sit
368 4820 405 4857 a
445 4805 610 4863 Petro
650 4804 876 4862 Cotoneo
918 4806 1090 4861 Motis
1132 4807 1209 4862 ad
1261 4804 1319 4860 Β.
1354 4806 1592 4861 Marion
1638 4805 1919 4863 &ductu-⁴2.
2006 4808 2199 4862 Mense

267 4867 399 4927 Iulio
429 4877 761 4930 vocatiouem
793 4882 1052 4946 sequutus
1084 4881 1164 4930 est
1195 4875 1318 4931 eccl.
1355 4875 1759 4932 Badonvillcrs.

264 4935 440 4996 habuit
468 4943 584 5000 Nic.
622 4942 900 5013 Εναηςοίε
933 4943 1150 5008 (Drion
1180 4960 1238 5013 p.
1275 4941 1358 4998 19.
1432 4942 1515 5010 Of.
1552 4943 1630 4999 N.
1668 4943 1853 5011 3640).

348 5079 358 5089 .
449 5010 510 5079 2)
547 5014 793 5068 minister
839 5014 1208 5068 Lumo-anus.
1272 5010 1491 5077 (Drion
1530 5030 1589 5081 p.
1638 5012 1748 5082 1⁷.)
1802 5012 1878 5067 D.
1929 5012 2198 5082 Rappolt·

266 5080 392 5155 &cm
429 5081 751 5151 dccrwcrat,
798 5088 860 5136 ut
897 5082 956 5137 S,
995 5082 1221 5137 Mariae
1263 5083 1325 5135 in
1362 5081 1555 5151 templo
1596 5098 1690 5135 stu·
1724 5084 1776 5137 le
1852 5080 1911 5136 re
1947 5083 2197 5149 (Maiton-

267 5140 466 5216 barche).
501 5166 614 5206 non
645 5153 764 5206 nisi
789 5154 1099 5220 germanice
1145 5150 1414 5205 Eccerias
1440 5151 1635 5221 gallice
1662 5166 1800 5219 prae
1839 5152 2096 5208 isaram.

408 5286 418 5298 ι
449 5217 506 5286 3)
540 5221 628 5276 hic
662 5220 927 5277 Ecccriue
958 5237 1010 5275 a.
1050 5195 1187 5276 1560
1221 5221 1428 5275 obierat
1473 5226 1525 5274 et
1557 5218 1812 5276 Bancum
1845 5225 2202 5276 successorem

270 5277 450 5365 habunt.
497 5287 827 5427 (ῧοῑὲἔὸιὲῗ
875 5289 1073 5347 ibidem
1132 5290 1436 5345 munisterio
1489 5288 1739 5356 functum
1780 5290 1962 5359 fuisso
2010 5289 2202 5346 Drion

1830 4875 2199 4931 Successorem

2032 419 2195 484 1562
2237 413 2423 484 IUL.

4109 384 4311 487 486¹

2281 601 2624 686 Amohiho,
2667 602 2753 671 D.
2797 603 3000 670 Petro
3049 601 3319 682 Colonia,
3362 624 3439 671 ac
3480 604 3751 675 tandem
3792 612 4020 673 nostro
4041 605 4243 692 Προ-

2280 689 2387 755 m‘o
2443 689 2786 789 negotium
2845 689 3208 757 facessivit:
3275 712 3399 758 nec
3454 697 3679 758 tamen
3733 693 4081 777 quisquam
4136 698 4242 760 est

2280 774 2394 859 qui
2435 773 2591 842 huic
2646 773 2917 841 dissidio
2978 775 3357 843 medeatur:
3424 778 3733 860 utrinque
3775 780 3974 847 minis
4017 786 4089 845 et
4127 800 4240 848 ca*

2279 860 2552 927 lumniis
2616 881 2660 926 a
2719 859 3112 945 quibusdam
3174 869 3483 928 certatur.
3592 863 3944 949 Coguntur
4008 873 4239 931 tamen

2280 945 2704 1026 Calvinistae,
2773 946 2987 1012 nolint
3028 968 3104 1014 ac
3146 947 3376 1027 velint,
3443 946 3968 1016 adversariorum
4011 950 4239 1017 crimi-

2280 1032 2583 1099 nationes
2617 1030 2862 1111 audire,
2921 1034 3034 1116 qui
3076 1035 3402 1117 patienter
3441 1034 3717 1100 iniurias
3759 1035 4045 1102 ferentes
4089 1037 4239 1101 vin·

2282 1117 2410 1183 dici
2453 1117 2598 1184 Deo
2640 1118 3078 1185 committunt.
3147 1118 3374 1200 Quare
3409 1120 3682 1205 benigni
3721 1120 3846 1187 Dei
3886 1120 4239 1189 clementia

2280 1205 2615 1271 continuis
2669 1204 2971 1287 precibus
3028 1203 3380 1284 exoranda,
3444 1226 3532 1271 ne
3589 1226 3745 1272 suae
3788 1206 3958 1273 desit
3999 1226 4238 1275 causae

2280 1310 2401 1356 nec
2448 1288 2746 1357 adflictae
2788 1289 3114 1356 ecclesiae.
3200 1293 3440 1357 Amen.
3460 1294 3522 1367 ⁴)

2451 1375 2653 1441 Hunc
2693 1394 2849 1460 ergo
2893 1373 2979 1441 D.
3005 1375 3323 1456 Ioannem,
3370 1377 3632 1443 tametsi
3671 1378 3957 1462 pretium
3999 1397 4238 1460 operae

2282 1482 2417 1528 non
2473 1461 2692 1541 fuerit,
2748 1460 3131 1528 commendo
3184 1468 3339 1528 tuae
3387 1463 3799 1546 fratrumque
3851 1462 4108 1530 caritati
4160 1462 4239 1529 in

2283 1548 2570 1614 Domino
2611 1568 2729 1631 pro
2770 1548 3052 1614 veritate
3095 1546 3521 1628 exsulantem,
3569 1557 3645 1613 ut
3675 1549 3885 1631 illum,
3925 1546 4239 1632 quemad-

2281 1631 2554 1699 modum
2593 1632 2774 1714 facis,
2817 1634 2890 1697 in
2935 1634 3220 1700 Domino
3263 1634 3598 1717 suscipias,
3643 1635 3882 1714 foveas,
3929 1634 4238 1717 illiusque

2283 1718 2494 1785 sancti
2570 1719 2695 1785 viri
2770 1738 2968 1802 opera
3045 1721 3249 1785 utaris
3316 1719 3399 1785 ad
3469 1720 3723 1786 Christi
3786 1730 3855 1786 et
3925 1720 4239 1788 ecclesiae

2284 1804 2816 1871 emolumentum.
2922 1804 3145 1886 Quum
3209 1805 3521 1888 probatus
3585 1809 3674 1871 sit
3728 1807 4049 1884 minister,
4116 1826 4236 1871 suo

2282 1890 2545 1955 muneri
2620 1889 2846 1973 procul
2912 1889 3107 1957 dubio
3176 1889 3408 1956 nullibi
3485 1889 3829 1957 defuturus
3904 1899 4006 1958 ost
4024 1942 4041 1971 ,
4120 1889 4241 1957 sed

2284 1975 2695 2042 commissam
2774 1977 3034 2042 ornabit
3108 1976 3489 2059 spartulam.
3593 1977 3798 2044 Hisce
3859 1977 4008 2045 vale
4024 2028 4042 2057 ,
4106 1977 4245 2042 fra·-

2284 2071 2388 2128 ter
2451 2062 2523 2127 in
2568 2060 2853 2127 Domino
2909 2061 3263 2142 carissime,
3328 2073 3395 2128 et
3458 2084 3576 2128 ora
3618 2062 3981 2128 Dominum
4039 2069 4117 2127 ut
4173 2068 4244 2127 et

2285 2168 2392 2212 me
2434 2148 2701 2213 iamiam
2745 2149 3326 2232 septuagenarium
3368 2147 3561 2216 solita
3603 2149 3950 2215 clementia
3987 2168 4027 2212 a
4046 2168 4243 2231 prae·

2285 2233 2457 2299 senti
2500 2232 2758 2300 saeculo
2801 2254 3082 2318 nequam
3128 2232 3380 2300 liberet.
3468 2234 3761 2300 Rursum
3807 2235 3970 2314 vale,
4022 2242 4091 2299 et
4132 2253 4242 2300 sa-

2286 2318 2526 2386 lutabis
2570 2328 2717 2385 tuos
2761 2318 3167 2399 domesticos,
3213 2328 3615 2405 symmystas
3656 2341 3733 2386 ac
3764 2322 4026 2404 piorum
4047 2318 4243 2386 colle-

2287 2403 2491 2489 gium.
2582 2404 2913 2472 Dominus
2957 2405 3316 2474 vobiscum.
3401 2405 3902 2489 Rapoltisvillae
3954 2407 4048 2470 16.
4084 2403 4245 2471 Iulii

2292 2511 2466 2557 anno
2516 2495 2700 2558 1562.

3504 2626 3689 2692 Tuus
3732 2626 4076 2692 tuissimus

3474 2712 3797 2778 Matthias
3839 2712 4106 2780 Erbius.

3184 3257 3380 3330 3827.

2691 3413 3364 3483 BULLINGERUS
3419 3412 3860 3482 GALVINO.

2473 3583 2726 3666 Suadet,
2789 3591 2996 3670 myat,
3069 3585 3404 3653 obtestatur
3467 3592 3540 3652 ut
3602 3572 3850 3667 aliquid
3902 3583 4036 3666 fiat,
4099 3603 4251 3650 nam

2296 3671 2572 3754 undique
2635 3673 3029 3756 conquiritur
3090 3673 3275 3739 miles
3339 3678 3554 3739 conbra
3605 3672 3760 3754 pios
3820 3669 4154 3736 mittendus
4195 3674 4255 3736 ct

2296 3758 2490 3825 bonae
2530 3778 2760 3826 causac
2799 3759 3073 3826 vindices
3114 3778 3310 3841 usquc
3351 3762 3736 3825 cunctantur.

2297 3928 2412 3997 (Ex
2448 3929 2787 3999 autographo
2821 3930 2986 3983 Arch.
3039 3929 3222 3985 Turio.
3262 3929 3422 3984 ·Plut.
3460 3928 3560 3985 VI.
3596 3928 3722 3982 Vol.
3759 3925 3883 3994 129,
3914 3927 4044 3981 olim
4080 3924 4254 3981 Sci-in.

2523 3998 2583 4052 B.
2618 3998 2757 4067 Epp.
2794 3998 2944 4053 Tem.
2979 3996 3063 4053 30.
3103 3999 3196 4053 fol.
3230 3996 3353 4052 439.
3391 4025 3460 4038 -
3495 3998 3707 4054 Simler.
3745 3995 3871 4087 vol.
3901 3994 4046 4060 105.)

2502 4186 2563 4257 4)
2603 4185 2694 4242 0⁸.
2741 4185 3015 4243 Sckadaei
3056 4186 3272 4243 Ocnus.
3319 4185 3571 4241 Skiaans·
3612 4185 3656 4240 Ι.
3699 4182 3832 4238 289.-
3916 4183 3996 4236 Zu
4024 4182 4263 4239 Marion·

2296 4255 2455 4311 kirch
2491 4256 2789 4310 enthielten
2825 4256 2939 4310 sich
2982 4256 3145 4310 etlich
3181 4255 3534 4309 Frantzosen.
3604 4253 3675 4309 So
3722 4251 3948 4306 suchten
3995 4252 4131 4307 auch
4168 4252 4261 4308 die

2298 4326 2686 4380 Widertauffer
2726 4324 2839 4379 und
2884 4325 3051 4379 andre
3097 4324 3293 4380 Secten
3339 4324 3581 4377 daselbst
3628 4323 3688 4376 in
3733 4322 3909 4375 einem
3956 4321 4269 4389 Bergwerk

2297 4394 2419 4448 ihre
2455 4394 2869 4463 underhaltung.
2918 4394 3095 4447 Darzu
3130 4393 3282 4447 ward
3317 4393 3376 4446 in
3411 4393 3659 4446 abwesen
3694 4390 3844 4444 ihres
3878 4390 4262 4446 ordentlichen

2298 4463 2618 4518 Psarrherrs
2651 4463 2712 4516 P.
2748 4462 2992 4517 Hockers
3025 4479 3152 4516 ausu
3198 4462 3478 4515 anstifltun
3562 4460 3774 4514 Com-ad
3824 4458 4061 4512 Fincken
4108 4461 4261 4515 eines

2300 4532 2622 4587 entlehnten
2674 4531 2965 4600 Predigers
3015 4548 3068 4583 ν.
3122 4530 3440 4584 Mfilhausen
3493 4547 3552 4583 in
3605 4529 3658 4582 d.
3715 4527 3953 4582 Kirchen
4009 4529 4108 4582 auf
4160 4530 4264 4584 der

2297 4601 2512 4655 Matten
2545 4602 2642 4655 des
2675 4600 2913 4656 steiuere
2947 4601 3089 4652 altar
3111 4604 3292 4669 sampt
3326 4599 3503 4652 einem
3537 4596 3785 4664 Crucifix,
3820 4596 3944 4650 dem
3962 4596 4264 4654 'l'aufl’stein

2298 4671 2408 4724 und
2464 4669 2991 4724 Sacrameuthiuzlin
3036 4667 3409 4737 abgebrochen
3467 4667 3581 4720 und
3641 4665 4078 4735 hinweggethan.
4156 4668 4261 4722 Alc

2297 4739 2509 4793 solches
2558 4756 2627 4792 an
2673 4739 2763 4792 die
2795 4737 3106 4808 Regierung
3147 4754 3214 4790 zu
3248 4736 3556 4790 Ensisheim
3602 4736 3716 4789 und
3758 4751 3867 4790 von
3919 4735 4135 4790 dannen
4188 4753 4257 4789 an

2296 4806 2516 4878 Kayser
2541 4807 2946 4861 Ferdinandum
2969 4807 3140 4861 solbat
3154 4807 3409 4876 gelanget
3442 4804 3692 4858 schriebe
3727 4820 3789 4858 er
3824 4803 3932 4858 den
3965 4803 4016 4857 ὃ.
4039 4804 4129 4857 Ma

2298 4893 2424 4930 aasz
2460 4876 2607 4944 Prag
2639 4893 2709 4928 an
2746 4874 3043 4944 Egenolfen
3078 4874 3145 4929 Η.
3182 4892 3249 4927 zu
3282 4873 3667 4944 Bappoltsteiu
3704 4910 3719 4924 .
3758 4912 3771 4925 .
3812 4911 3826 4925 .
3865 4911 3880 4927 .
3945 4871 4094 4926 Derh
4153 4873 4260 4926 ben

2294 4946 2372 4998 ist
2402 4958 2569 4998 unser
2603 4943 2779 4997 befehl
2814 4944 2911 4997 das
2945 4944 3019 4997 du
3052 4943 3142 4997 die
3178 4944 3376 4998 Secten
3411 4958 3526 4995 sam
3568 4947 3594 4995 t
3628 4942 3735 4995 den
3771 4941 4132 4996 Predicanten
4165 4940 4261 4994 ab·

2298 5013 2534 5068 schaffen
2569 5012 2681 5066 und
2725 5011 3001 5082 dasjenige
3048 5029 3161 5065 was
3210 5029 3337 5065 ausu
3372 5011 3426 5064 d.
3460 5012 3518 5065 Κ
3599 5010 3708 5064 hen
3744 5009 4120 5079 abgebrochen
4154 5010 4263 5079 bey

2298 5082 2650 5151 vermeidung
2683 5082 2905 5134 boesers
2952 5081 3124 5135 wider
3168 5081 3491 5135 auflrichten
3525 5081 3725 5135 wollst.
3761 5108 3831 5118 —
3862 5076 3994 5132 ibid.
4028 5092 4088 5145 p.
4122 5075 4254 5131 300:

2296 5151 2481 5205 Dutch
2526 5149 2802 5206 beschluss
2853 5149 2951 5204 der
2996 5150 3342 5220 Knapschaft
3394 5150 3583 5204 wurde
3631 5149 3707 5202 im
3742 5147 4105 5204 Brachmonat
4158 5147 4265 5200 der

2299 5220 2464 5275 Aitar
2509 5219 2682 5274 wider
2723 5236 2792 5273 an
2837 5220 3024 5273 seinen
3070 5225 3161 5272 ort
3193 5224 3419 5289 gesetzt,
3463 5218 3654 5275 womit
3687 5217 3802 5271 sich
3837 5217 3937 5270 der
3971 5214 4264 5285 Landvogt

2301 5307 2368 5343 zu
2401 5288 2741 5343 Ensiszheim
2775 5290 3062 5360 begnflgen
3096 5289 3244 5345 liess.
3313 5288 3426 5342 Der
3459 5288 3530 5345 H.
3566 5304 3673 5342 von
3708 5284 4091 5355 Bappoltstein
4126 5282 4265 5338 aber

2301 5358 2491 5414 erliess
2523 5359 2614 5413 ein
2647 5357 2812 5414 Ediot
2844 5358 3017 5413 wider
3049 5357 3138 5413 die
3171 5358 3429 5413 Sectirer.

3733 5435 3843 5493 31·
