4850 6117
640 443 762 505 135

635 636 880 711 quanta
921 626 1335 693 observantia
1390 628 1601 692 nostri
1653 648 1763 693 eos
1804 636 2296 711 prmquantur.
2381 627 2565 692 Lite-

628 732 742 779 ras
783 720 1121 796 praeterea
1154 711 1660 778 humanissimas
1703 713 1832 780 huc
1873 714 2276 797 seripserunt
2319 711 2570 796 Regina

629 807 864 876 mater,
916 818 1036 864 nec
1092 816 1226 862 6611
1283 819 1403 864 rex
1450 798 1804 878 Navarrac,
1853 799 2182 884 principes
2234 800 2395 865 item
2431 797 2567 864 Aa·

629 883 927 950 miralia-³
982 890 1050 948 et
1107 880 1464 963 Condensis,
1522 904 1688 967 quae
1736 885 1999 951 fuerunt
2052 884 2482 969 gratissimae.
2512 881 2569 969 ²)

628 968 836 1035 Dabit
888 968 1167 1035 fortasse
1214 969 1537 1036 Dominus
1592 978 1669 1035 ut
1711 970 1914 1036 animi
1954 970 2154 1038 huius
2196 969 2378 1037 urbis
2419 989 2570 1034 cum

627 1075 832 1139 regno
874 1052 1134 1120 Galliae
1178 1053 1341 1121 bene
1385 1077 1459 1122 66
1503 1064 1726 1123 sancte
1761 1056 2143 1135 coalescant,
2185 1054 2570 1140 praesertim

628 1140 687 1206 si
728 1142 944 1205 iustus
983 1141 1057 1206 in
1092 1140 1406 1225 religione
1441 1161 1794 1208 consensus
1825 1143 2287 1209 intercesserit.
2345 1140 2571 1223 Quum

622 1224 849 1309 itaque
905 1245 1132 1291 omnes
1189 1247 1480 1293 essemus
1536 1228 1738 1294 variis
1797 1226 1876 1293 de
1933 1228 2145 1294 causis
2201 1227 2376 1305 laeti,
2421 1247 2571 1294 6666

625 1310 747 1376 tibi
790 1310 1005 1377 tristia
1038 1310 1359 1395 quaedam
1393 1332 1478 1377 ex
1515 1311 1737 1379 Gallia
1778 1322 1937 1380 sunt
1968 1312 2187 1379 allata.
2245 1313 2568 1390 Primum,

620 1418 849 1481 regem
874 1395 1249 1480 Philippum
1284 1420 1359 1464 eo
1381 1399 1719 1482 scripsisse
1746 1399 2220 1466 minacissimae
2253 1399 2572 1477 literas‚⁸)

612 1482 854 1566 quibus
906 1503 1044 1548 non
1115 1492 1378 1567 rogaret
1402 1535 1419 1562 ,
1475 1482 1593 1550 sed
1666 1484 2141 1567 quodammodo
2200 1486 2575 1568 imperaret,

623 1579 702 1633 ut
755 1569 827 1633 in
870 1568 1110 1635 Galliis
1168 1571 1484 1635 autoritas
1527 1591 1736 1654 papae
1771 1577 1951 1636 sarta
1992 1577 2163 1638 tecta
2205 1582 2274 1636 et
2313 1572 2572 1653 integra

626 1663 1020 1733 servaretur,
1056 1674 1272 1737 seque,
1318 1665 1392 1720 ut
1435 1655 1645 1732 aiunt,
1680 1655 1942 1722 disertis
1984 1655 2205 1722 verbis
2240 1655 2572 1741 professus

630 1750 731 1806 est
772 1740 1062 1806 omnium
1104 1740 1367 1806 illorum
1414 1748 1715 1825 apertum
1751 1743 2006 1808 hostem
2042 1742 2182 1807 fore
2223 1743 2338 1826 qui
2381 1761 2571 1807 secus

628 1826 878 1893 vellent
920 1834 1113 1909 atque
1157 1834 1540 1893 statuerent.
1627 1825 1890 1894 Deinde
1934 1826 2258 1894 adiectum
2303 1836 2422 1906 est,
2467 1849 2571 1892 re·

678 1913 735 1977 ‘o
815 1912 1078 1977 nomine
1141 1926 1558 1996 praeceptum
1634 1913 1949 1997 episcopis
2013 1934 2154 1980 esse
2219 1920 2293 1979 ut
2356 1912 2570 1979 denuo

687 1998 1019 2081 oysiacum
1058 1996 1352 2064 redirent
1394 2006 1592 2082 atque
1634 1998 1725 2064 ibi
1768 1999 2239 2065 confessionem
2282 1999 2569 2066 Gallica-

627 2102 860 2148 narum
906 2083 1325 2150 ecclesiarum
1365 2086 1792 2150 confutarent.
1873 2084 2007 2151 Sed
2052 2085 2175 2151 1166
2210 2104 2346 2150 666
2379 2085 2569 2152 facile

626 2168 971 2247 credimus,
1037 2170 1165 2234 nisi
1231 2190 1272 2235 a
1333 2169 1675 2237 Theodoro
1733 2169 1942 2249 Besa,
2006 2171 2149 2238 viro
2207 2171 2570 2237 clarissimo

628 2253 1157 2338 doctissimoque,
1224 2276 1304 2320 ea
1371 2256 1452 2321 de
1517 2277 1591 2322 re
1653 2257 1962 2322 certiores
2022 2260 2274 2323 fiamus.
2385 2257 2569 2323 Deus

623 2361 790 2425 6666
845 2362 1040 2406 suum
1090 2346 1352 2406 tueatur
1413 2354 1480 2405 et
1544 2362 1620 2405 ea
1670 2341 2095 2408 fundamenta
2158 2343 2570 2409 constabiliat

624 2446 792 2508 quae
811 2424 1122 2491 videntur
1164 2447 1297 2490 non
1320 2426 1665 2493 infeliciter
1697 2449 1841 2494 esse
1875 2430 2061 2495 iacta.
2142 2428 2339 2495 Certe
2388 2429 2567 2495 fraus

627 2521 816 2588 esset,
873 2518 939 2576 et
995 2509 1257 2594 quidem
1316 2533 1445 2578 uon
1504 2510 1795 2591 obscura,
1841 2515 2081 2579 nostris
2124 2513 2406 2588 dimissis
2452 2514 2564 2580 ad·

624 2595 949 2662 versarios
1009 2596 1119 2678 qui
1182 2597 1316 2663 iam
1369 2597 1759 2682 aufugerant
1819 2598 2033 2668 denuo
2098 2620 2421 2677 revocare,
2489 2606 2566 2665 ut

623 2679 925 2748 absentes
963 2679 1369 2749 damnarent.
1460 2681 1597 2751 Sed
1639 2682 1801 2749 11666
1843 2682 2030 2752 Deus
2070 2685 2325 2753 viderit.

795 2766 1212 2851 Oupivissem
1259 2768 1332 2833 in
1374 2769 1589 2833 reditu
1632 2790 1749 2837 vos
1793 2770 2094 2836 invisere.
2183 2768 2319 2836 Sed
2363 2792 2565 2854 quum

622 2852 756 2918 iam
799 2859 975 2920 esset
1015 2854 1265 2937 hyems,
1326 2856 1573 2920 veritus
1617 2876 1765 2920 61116
1810 2877 1894 2921 66
1937 2856 2178 2939 pluviis
2217 2866 2333 2921 aut
2374 2858 2565 2923 nubi-

620 2938 746 3005 bus
790 2937 1114 3020 obruerer,
1159 2940 1215 3005 si
1258 2940 1532 3024 longiori
1578 2941 1687 3006 via
1729 2939 1989 3007 domum
2035 2940 2335 3008 redirem.
2411 2941 2566 3024 Qua

621 3026 821 3090 etiam
875 3045 1072 3092 causa
1121 3046 1268 3091 sum
1323 3024 1632 3094 inductus
1674 3034 1750 3092 ut
1791 3048 1876 3093 ne
1920 3048 2027 3092 me
2071 3029 2407 3094 comitatui
2452 3025 2565 3092 ad-

617 3108 961 3193 iungerem
1002 3110 1516 3178 marchionissae
1567 3133 1610 3178 a
1668 3112 1992 3197 Boethliny
2017 3118 2072 3193 ⁴)
2125 3122 2188 3179 et
2247 3114 2566 3197 principis

623 3193 703 3261 de
756 3195 1147 3280 Lonqavilla,
1208 3196 1383 3279 quod
1441 3220 1480 3263 a
1536 3220 1643 3265 me
1701 3199 1978 3282 petitum
2032 3209 2130 3265 est
2186 3200 2425 3264 mirum
2492 3200 2563 3264 in

619 3280 910 3360 modum,
953 3303 1156 3366 quum
1200 3283 1373 3366 apud
1416 3305 1525 3349 eos
1561 3305 1772 3350 essem
1805 3284 2140 3350 Blandini.
2230 3285 2567 3351 Assentiri

619 3366 820 3445 nolui,
875 3366 1048 3451 quod
1104 3369 1233 3435 iter
1291 3369 1374 3435 ad
1429 3370 1677 3453 aliquot
1733 3369 1872 3436 dies
1924 3370 2359 3438 animadverti
2419 3391 2565 3437 esse

621 3451 1076 3519 differendum.
1164 3452 1423 3520 Deinde
1468 3455 1853 3539 cogitabam,
1896 3477 2033 3521 non
2074 3457 2414 3540 permagni
2458 3478 2563 3521 re·-

617 3541 811 3617 ferre,
855 3538 913 3605 si
946 3537 1404 3605 fraudaremur
1438 3542 1725 3624 corporis
1765 3542 2136 3626 praesentia
2180 3562 2381 3624 quum
2423 3543 2565 3607 ani-

617 3644 762 3689 mos
838 3632 906 3690 et
977 3644 1211 3690 sensus
1290 3626 1648 3693 habeamus
1722 3646 1918 3709 quam
1985 3627 2562 3694 coniunctissimos.

620 3709 814 3791 Quod
878 3711 1035 3776 satis
1099 3709 1346 3776 indicat
1407 3732 1485 3776 ea
1548 3713 1923 3778 firmissima
1978 3713 2322 3779 concordia
2367 3735 2564 3796 quam

612 3797 788 3861 inter
821 3817 940 3861 nos
982 3795 1298 3862 coluimus
1341 3797 1415 3861 in
1450 3796 1689 3875 Gallia,
1726 3807 2042 3881 quotquot
2075 3799 2384 3865 destinati
2418 3821 2563 3865 era-

616 3904 765 3947 mus
831 3880 1132 3948 habendo
1188 3882 1528 3966 colloquio,
1597 3881 1753 3948 dum
1816 3883 1888 3948 in
1955 3884 2182 3950 eadem
2238 3885 2427 3951 domo
2485 3906 2562 3952 ac

613 3987 842 4034 mensa
907 3986 1051 4056 una
1101 3966 1494 4047 viveremus,
1561 3968 1746 4035 cuius
1811 3967 2101 4053 placidae
2159 3992 2233 4037 66
2298 3978 2561 4037 sanctae

615 4051 975 4119 sodalitatis
1031 4073 1367 4135 nunquam
1427 4053 1787 4120 obliviscar.
1879 4054 2101 4137 Quare
2154 4067 2220 4123 te
2275 4057 2559 4135 obsecre,

614 4160 722 4204 me
766 4139 1008 4205 habeas
1042 4146 1445 4213 excusatum.
1491 4140 1547 4206 si
1592 4141 1802 4225 magis
1823 4142 2279 4226 compendioso
2324 4142 2560 4208 itinere

617 4224 888 4289 domum
944 4222 1124 4290 redii.
1230 4223 1436 4291 Velim
1494 4225 1924 4293 nihilominus
1978 4229 2231 4294 interea
2278 4229 2560 4313 collegas

614 4316 767 4375 tuos
810 4308 893 4374 ad
936 4331 1143 4375 11111116
1177 4332 1402 4377 6161166
1445 4333 1592 4377 1666
1625 4311 1891 4378 6616166
1936 4312 2225 4393 salutari,
2262 4335 2557 4396 praeser-

616 4395 741 4459 tim
784 4393 1231 4461 doctissimum
1277 4398 1494 4463 virum
1519 4397 1880 4476 Merlinum,
1916 4398 2259 4465 hebraicae
2293 4399 2560 4484 linguae

614 4480 1066 4564 professorem,
1127 4483 1537 4548 carissimum
1592 4484 1879 4548 fratrem.
1969 4483 2155 4562 Vale,
2221 4492 2557 4569 praestan-

619 4565 872 4631 tissime
959 4566 1067 4630 vir
1153 4588 1228 4633 ac
1302 4568 1506 4633 frater
1572 4569 1643 4633 in
1711 4567 2000 4634 Domino
2083 4567 2555 4636 colendissime.

616 4652 804 4740 Deus
838 4650 969 4716 tuis
1003 4652 1247 4718 sanctis
1281 4652 1611 4720 laboribus
1656 4655 2161 4721 clementissime
2195 4654 2555 4723 benedicat.

618 4735 884 4802 Salutes
925 4737 1105 4817 item,
1163 4758 1399 4820 quaeso
1444 4747 1525 4816 te,
1572 4748 1900 4822 pastorem
1941 4740 2189 4807 Italum
2233 4749 2426 4825 atque
2470 4742 2556 4808 D.

619 4821 1066 4887 Marchionem.
1156 4823 1389 4907 'I'iguri
1430 4828 1531 4889 25.
1579 4824 1972 4893 Novembris
2024 4830 2205 4892 1561.

820 5010 882 5079 2)
915 5010 1119 5129 Εᾱιιῧε
1153 5011 1200 5064 le
1235 5026 1292 5066 es
1324 5028 1414 5081 ap.
1452 5012 1634 5067 Baum
1668 5013 1739 5068 11.
1775 5014 1826 5067 A
1862 5031 1921 5083 p.
1950 5030 2006 5085 p.
2044 5013 2161 5068 101.
2203 5015 2305 5070 115
2339 5030 2478 5086 seqq.

821 5079 884 5216 433
919 5077 1209 5204 1161111ὶὲ
1241 5079 1411 5204 417ῧῖ
1444 5080 1803 5218 &343le
1814 5084 1957 5205 2782ἶί
1994 5083 2169 5139 Bm

2144 436 2662 506 EPIS'POLAE
2706 441 3128 504 3625—3628

4484 443 4589 507 136

3540 627 3739 701 8020.

3111 779 3473 850 SEELAO
3516 785 3582 848 A
3624 782 4154 851 OOLLADON.

2845 951 3022 1021 Saite
3053 954 3130 1022 dc
3162 973 3239 1021 sa
3272 953 3438 1021 fflre
3470 954 3845 1039 precedente.

2674 1122 3055 1194 (Διῄρει-116116
3088 1125 3158 1179 (16
3193 1126 3248 1179 la
3281 1123 3661 1196 Bibliotheque
3696 1126 3764 1181 de
3804 1125 4025 1184 Gcneve
4060 1127 4186 1183 Vol.
4223 1125 4340 1195 197,
4371 1127 4467 1182 fol.
4505 1124 4599 1195 18.)

2842 1297 2908 1362 A
2950 1317 3105 1362 mon
3147 1304 3281 1363 tres
3320 1296 3568 1365 honore
3610 1296 3933 1384 Seigneur
3973 1306 4042 1365 et
4081 1319 4237 1385 pere
4268 1297 4599 1366 Monsieur

2673 1381 2755 1449 N.
2803 1381 3136 1449 Colladon.

3895 1470 4003 1535 En
4048 1492 4121 1537 sa
4162 1470 4438 1537 maison.

2842 1637 3098 1723 Depuis
3140 1660 3268 1725 que
3303 1642 3373 1724 je
3409 1660 3573 1707 vous
3616 1660 3702 1725 ay
3744 1640 3960 1720 escrit,
3984 1659 4141 1707 1666
4183 1648 4318 1708 tres
4363 1641 4599 1707 honore

2673 1724 2980 1810 seigneur
3032 1733 3099 1791 et
3149 1746 3323 1810 pere,
3375 1725 3510 1810 j’ay
3569 1735 3704 1792 este
3763 1726 4019 1794 adverti
4082 1747 4208 1809 que
4277 1726 4602 1794 Villeroche

2671 1822 2806 1877 sest
2869 1811 3068 1877 retire
3131 1831 3171 1875 a
3213 1810 3443 1878 Sarlac
3507 1832 3666 1879 avec
3731 1833 3806 1878 sa
3866 1813 4104 1878 femme
4160 1823 4226 1879 et
4265 1834 4381 1879 cro
4488 1833 4602 1896 que

2671 1896 2774 1962 s’il
2831 1895 3044 1963 n'eust
3089 1903 3319 1963 trouve
3373 1898 3430 1963 si
3481 1897 3612 1964 bon
3653 1897 3825 1982 parti
3870 1898 4051 1964 selon
4094 1898 4158 1963 16
4201 1920 4355 1965 1666
4405 1920 4443 1964 6
4478 1896 4602 1982 quil

2669 1982 2879 2048 n’eust
2936 1983 3144 2066 quitte
3200 1982 3262 2048 le
3317 1983 3657 2050 ministere
3710 2005 3900 2069 maye
3957 1984 4184 2050 voiant
4237 1983 4375 2067 quil
4435 1983 4604 2050 avoit

2669 2067 2750 2134 de
2794 2088 2971 2153 quoy
3013 2068 3177 2133 faire
3196 2069 3607 2134 maintenant
3648 2069 3867 2135 bonne
3890 2068 4084 2137 chere
4125 2069 4175 2134 il
4218 2091 4258 2136 a
4298 2070 4426 2135 fait
4445 2089 4603 2136 sem-

2668 2153 2854 2220 blant
2887 2153 2968 2220 de
3011 2153 3269 2221 vouloir
3392 2155 3643 2221 uiescer
3687 2176 3772 2220 au
3817 2155 4059 2221 conseil
4094 2157 4168 2240 ja
4206 2155 4364 2241 long
4401 2161 4602 2239 temps

2669 2260 2791 2324 par
2849 2260 3017 2306 nous
3083 2261 3123 2306 a
3178 2239 3294 2324 luy
3311 2175 3588 2306 agonas.
3676 2239 3740 2305 11
3795 2262 3834 2306 a
3880 2248 4170 2325 proteste
4222 2241 4424 2327 (ainsi
4490 2262 4604 2325 que

2668 2325 2796 2390 m'a
2838 2324 2935 2391 dit
2977 2345 3222 2393 monsr.
3268 2325 3513 2392 Bordat
3554 2347 3641 2392 en
3685 2326 3864 2410 plein
3900 2327 4281 2394 consistoire
4325 2327 4410 2392 de
4444 2327 4604 2393 Bra·

2667 2419 2891 2494 gerac)
2935 2433 3061 2494 que
3097 2412 3336 2496 jamais
3369 2411 3418 2476 il
3453 2415 3859 2496 n’acceptera
3899 2413 3966 2477 la
3985 2414 4226 2497 charge
4263 2411 4340 2479 de
4383 2413 4605 2477 minis·

2670 2506 2771 2562 tre
2816 2497 3013 2562 sinon
3056 2517 3175 2649 far
3217 2497 3279 2564 le
3323 2506 3815 2563 consentement
3864 2498 3943 2563 (16
3979 2505 4192 2564 tontes
4235 2500 4328 2565 les
4370 2498 4600 2584 eglises

2670 2603 2753 2648 en
2817 2603 3059 2667 genera
3147 2584 3258 2665 qui
3324 2590 3477 2648 sont
3536 2604 3620 2648 en
3673 2604 3749 2649 ce
3805 2583 4173 2668 Royaulme
4218 2591 4286 2651 et
4338 2584 4499 2650 hors
4548 2582 4604 2649 le

2667 2667 3055 2753 Royaulme.
3144 2668 3230 2735 Je
3288 2689 3445 2753 croy
3511 2689 3636 2751 que
3680 2688 3848 2736 nous
3891 2690 4174 2736 sommes
4220 2674 4399 2737 aussi
4435 2670 4604 2753 loing

2670 2752 2750 2819 de
2794 2763 3013 2820 nostre
3058 2753 3273 2819 bonne
3300 2754 3634 2838 jntention
3668 2776 3918 2821 comme
3953 2755 4000 2819 fl
4038 2762 4138 2821 est
4173 2756 4253 2822 de
4287 2778 4361 2822 sa
4395 2757 4602 2821 fausse

2670 2840 3100 2922 protestation
3159 2860 3273 2906 661
3333 2840 3381 2905 il
3438 2839 3743 2905 voudroit
3805 2842 3965 2917 (afin
4021 2839 4101 2906 de
4153 2843 4486 2907 tousiours
4539 2860 4602 2905 se

2670 2925 2832 2990 faire
2889 2925 3129 3010 valoir)

2670 3012 2990 3094 requerist
3042 3019 3109 3077 et

2670 3118 2796 3180 que
2853 3098 2985 3162 m’a
3040 3095 3137 3162 dit
3179 3118 3422 3163 monsr.
3479 3096 3730 3163 Boo-dat
3781 3119 3866 3162 66
3930 3098 4327 3164 vouleurent
4371 3099 4603 3183 jamais

2669 3182 2786 3267 luy
2821 3189 3120 3267 octroyer
3153 3203 3270 3249 son
3315 3191 3520 3267 conge
3564 3190 3632 3247 et
3672 3183 3737 3248 le
3758 3183 4094 3250 vouloient
4137 3185 4382 3251 retenir
4427 3195 4602 3250 outre

2667 3288 2791 3336 son
2848 3289 2981 3353 gre.
3280 3289 3407 3352 que
3465 3268 3585 3335 silz
3643 3277 3983 3335 retornent
4033 3290 4074 3335 a
4129 3291 4212 3336 en
4257 3268 4602 3337 demandet

2668 3354 2865 3439 qu’on
2907 3354 3052 3421 leur
3097 3360 3295 3421 mette
3352 3355 3489 3421 sela
3533 3354 3775 3422 devant
3813 3355 3993 3421 leurs
4039 3363 4202 3422 netz.
4291 3356 4392 3422 Le
4438 3357 4599 3422 frere

2667 3442 2748 3506 de
2800 3439 3054 3506 Bordac
3098 3447 3306 3506 certes
3354 3441 3596 3524 jamais
3644 3446 3746 3520 (66
3794 3440 3931 3524 quil
3988 3460 4073 3506 66
4131 3462 4171 3507 6
4213 3442 4359 3516 fait)
4421 3464 4504 3508 ne
4542 3440 4600 3504 la

2664 3527 2782 3592 fait
2824 3547 2945 3610 par
2986 3526 3221 3592 malice
3263 3547 3514 3593 comme
3558 3526 3620 3592 16
3663 3526 3932 3593 voulant
3974 3533 4321 3611 supporter
4362 3548 4450 3592 en
4492 3548 4600 3593 son

2663 3611 2798 3677 mal
2852 3633 2973 3694 par
3030 3633 3223 3696 quoy,
3280 3611 3617 3678 monsieur
3669 3619 3735 3676 et
3789 3633 3962 3695 pere,
4010 3614 4079 3696 je
4137 3634 4298 3680 vous
4354 3613 4598 3698 supplic

2664 3720 2749 3763 66
2791 3697 2885 3763 1111
2919 3700 3216 3781 Jmputer
3262 3697 3430 3776 cela,
3488 3718 3741 3764 comme
3791 3699 3848 3764 si
3890 3698 4083 3763 d'une
4140 3700 4425 3764 sertaine
4469 3720 4598 3764 ma-

2659 3783 2785 3850 lice
2829 3790 2895 3849 et
2937 3782 3018 3848 de
3060 3781 3295 3848 liberte
3337 3782 3388 3847 il
3439 3784 3685 3849 s'estoit
3727 3782 3942 3850 bande
3986 3793 4210 3850 contre
4253 3806 4381 3851 11116
4425 3784 4597 3869 6661-

2663 3870 2821 3934 6166
2865 3878 2931 3933 et
2974 3871 3188 3935 sainct
3242 3868 3484 3934 conseil
3539 3876 3607 3934 et
3654 3866 3733 3933 de
3776 3876 3925 3935 tous
3965 3890 4132 3936 nous
4175 3877 4395 3936 autres
4441 3890 4597 3955 pour

2665 3956 2745 4021 de
2801 3975 2922 4038 par
2976 3954 3125 4021 dela
3160 3974 3432 4041 ‘comme
3487 3962 3621 4021 sest
3673 3954 3735 4020 le
3791 3953 4122 4039 Seigneur
4174 3955 4287 4039 qui
4341 3977 4507 4022 nous
4561 3974 4597 4018 a

2664 4040 2912 4106 delivre
2967 4040 3050 4106 de
3103 4039 3191 4106 tel
3251 4048 3637 4125 garnement
3685 4048 3753 4105 et
3792 4062 3962 4106 nous
4014 4041 4233 4107 veulle
4278 4042 4596 4108 tousiours

2662 4147 3010 4210 preserver
3064 4125 3144 4192 de
3203 4126 3608 4193 semblables.
3709 4125 3894 4192 Nous
3951 4148 4114 4194 nous
4164 4146 4447 4196 sommes
4501 4125 4598 4211 ysi

2663 4213 3036 4293 assembles,
3091 4213 3185 4279 les
3231 4215 3420 4296 jures
3463 4212 3544 4276 de
3582 4219 3755 4278 ceste
3799 4213 4128 4295 province,
4183 4233 4350 4297 pour
4392 4215 4597 4280 aviser

2664 4296 2753 4363 du
2818 4306 3032 4382 temps
3099 4298 3190 4364 du
3250 4297 3537 4383 Synode.
3623 4297 3709 4364 Je
3767 4296 3833 4362 di
3890 4318 3963 4363 ce
4003 4298 4322 4381 jourdhui
4375 4302 4459 4363 25
4523 4294 4596 4360 de

2661 4384 3033 4463 novembre,
3079 4405 3244 4451 nous
3287 4404 3538 4450 navens
3570 4384 3755 4467 point
3786 4404 4019 4451 encore
4062 4383 4281 4451 resolu
4324 4384 4386 4449 le
4421 4388 4590 4468 jour:

2661 4469 2763 4535 Le
2826 4471 2998 4535 frere
3065 4478 3333 4552 present
3388 4476 3655 4553 porteur
3712 4490 3879 4534 vous
3945 4470 4089 4537 dira
4153 4470 4300 4553 61116
4357 4491 4462 4534 616
4508 4469 4593 4532 le·

2660 4561 2845 4621 ment
2902 4555 2983 4621 de
3041 4576 3158 4628 nos
3206 4554 3556 4622 nouvelles.
3626 4553 3859 4620 Adieu.
3926 4556 4027 4621 Le
4090 4556 4401 4639 seigneur
4499 4556 4590 4619 'eu

2660 4640 2786 4707 soit
2829 4661 2986 4706 avec
3029 4663 3190 4707 vous
3233 4651 3300 4707 et
3356 4663 3516 4707 vous
3558 4661 3869 4707 conserve
3914 4649 3978 4706 et
4032 4649 4212 4706 toute
4255 4642 4321 4707 la
4362 4639 4594 4706 familie

2662 4726 3036 4794 assemblee.
3126 4726 3221 4794 Oe
3265 4730 3346 4790 25
3391 4726 3471 4792 de
3515 4725 3868 4793 novembre
3911 4731 4092 4793 1561.

3227 2947 3309 2991 ue
3374 2925 3734 2993 seulement
3778 2948 3904 2993 une
3969 2927 4148 2993 seule
4190 2928 4507 3011 province
4545 2925 4603 2990 le

3222 3011 3579 3078 emandast.
3679 3010 3868 3078 Oeux
3921 3012 4003 3078 de
4061 3013 4392 3097 Bragerac
4446 3011 4603 3077 ainsi

3131 4865 3370 4931 Vostre
3414 4864 3816 4930 treshumble
3860 4870 3928 4928 et
3970 4862 4296 4930 obeissant
4339 4862 4593 4947 disciple

3522 4950 3849 5015 serviteur
3892 4969 3931 5013 a
3957 4950 4195 5033 jamais

3735 5033 3986 5102 Seelae.

3423 5263 3730 5271 ——-—..—
3755 5264 3814 5269 -.-
