4850 6117
642 370 767 432 599

639 556 895 624 duobus
966 555 1172 641 pagis,
1242 552 1610 621 Gentiliaco
1679 561 1748 618 et
1813 551 2084 619 Arculio
2106 552 2168 628 ⁸)
2246 548 2592 617 collocatis.

643 643 893 710 Hostes
948 662 1101 709 cum
1157 640 1492 708 Germano
1557 644 1624 705 et
1664 636 2014 706 Helvetico
2077 635 2369 721 peditatu
2422 635 2599 702 fossa

647 725 1091 797 circumducta
1146 733 1216 793 et
1269 725 1595 809 impositis
1651 726 1996 791 tormentis
2038 723 2107 788 in
2151 721 2486 789 suburbiis
2528 741 2599 787 se

645 814 1087 883 continebant.
1176 811 1404 879 Nostri
1458 832 1536 877 eo
1594 832 1800 895 usque
1852 831 2051 893 proru
2100 828 2228 875 ere.
2317 809 2407 873 Et
2465 826 2602 873 cer-

645 908 792 967 tum
837 907 940 967 est
971 899 1061 965 ita
1115 898 1318 965 fuisse
1374 899 1547 964 inter
1589 896 1810 963 hostes
1866 896 2032 979 trepi
2080 904 2279 974 atum,
2317 902 2395 959 ut
2444 893 2602 959 Gui-

644 987 786 1054 sius
825 986 966 1070 ipse
1015 997 1237 1069 postea
1281 985 1494 1050 fassus
1537 983 1625 1048 sit
1682 983 2020 1050 victoriam
2062 982 2133 1047 in
2175 980 2415 1046 nostris
2459 999 2599 1043 ma-

644 1073 841 1138 nibus
874 1071 1093 1138 fuisse.
1182 1070 1425 1137 Noster
1466 1069 1781 1152 Princeps
1836 1066 2240 1152 pergendum
2296 1063 2605 1132 censebat

646 1165 718 1224 et
749 1157 890 1243 ipse
924 1157 1181 1224 fortiter
1215 1155 1508 1240 urgebat,
1553 1155 1668 1222 sed
1691 1153 2078 1238 quibusdam
2120 1152 2311 1218 aliter
2357 1151 2602 1218 visum:

641 1244 742 1309 ita
791 1244 1046 1310 reducti
1094 1250 1252 1310 sunt
1308 1244 1376 1306 in
1418 1251 1634 1307 castra
1687 1241 1949 1306 milites.
2036 1238 2186 1306 Uno
2229 1245 2454 1321 postea
2498 1236 2603 1301 die

645 1329 986 1396 interiecto
1044 1329 1364 1395 instructa
1420 1326 1558 1393 acie
1610 1325 1867 1392 hostem
1924 1325 2442 1409 provocavimus,
2488 1322 2601 1388 sed

645 1413 911 1482 frustra.
999 1412 1398 1480 Prodierunt
1453 1421 1712 1478 tantum
1770 1412 2017 1495 aliquot
2071 1410 2325 1495 pedites
2368 1408 2602 1492 equiti-

646 1500 773 1568 bus
808 1500 1134 1585 permixti,
1170 1519 1329 1585 quos
1364 1499 1569 1564 nostri
1613 1497 1793 1563 nullo
1827 1497 2089 1582 negotio
2131 1497 2308 1561 intra
2349 1493 2600 1562 vallum

643 1587 1051 1671 repulerunt.
1150 1586 1653 1651 Tormentorum
1698 1583 1936 1650 ictibus
1980 1602 2221 1666 paucos
2265 1581 2600 1667 gregarios

648 1673 901 1757 equites
956 1679 1024 1738 et
1075 1691 1274 1755 equos
1339 1670 1588 1752 aliquot
1645 1669 2004 1736 amisimus.
2105 1666 2319 1734 Noctu
2376 1675 2605 1750 postea

647 1765 907 1825 tentata
965 1777 1074 1823 res
1129 1765 1246 1823 est.
1355 1756 1491 1822 Sed
1559 1754 1771 1822 Genlii
1842 1753 2208 1838 proditione
2240 1752 2294 1839 ⁹)
2360 1761 2427 1818 et
2502 1753 2600 1817 in·

646 1844 1055 1912 terveniente
1146 1863 1375 1908 rursus
1438 1842 1617 1925 pacis
1695 1841 2028 1906 mentione
2050 1888 2066 1918 ,
2145 1860 2252 1905 res
2316 1839 2598 1905 evanuit.

646 1929 1004 2014 Reliquum
1049 1941 1307 2012 tempus
1347 1927 1630 1993 induciis
1677 1933 1746 1992 et
1779 1927 1967 1993 vanis
2012 1923 2602 2008 colloquutionibus

648 2015 909 2094 datum,
974 2017 1261 2079 maximo
1346 2012 1609 2095 quidem
1684 2033 1830 2078 meo
1894 2011 2009 2077 sed
2075 2010 2294 2076 inutili
2361 2010 2600 2076 dolore.

643 2100 936 2166 Tandem
979 2100 1303 2184 patefacta
1343 2098 1589 2179 fraude,
1635 2099 1932 2182 quamvis
1975 2117 2193 2162 eorum
2239 2097 2428 2162 fossis
2470 2095 2601 2162 iam

643 2185 729 2252 ad
785 2200 1154 2252 extremum
1220 2182 1548 2269 perductis
1613 2195 1679 2251 et
1741 2182 1958 2249 valido
2021 2182 2150 2247 His
2197 2202 2476 2249 anorum
2540 2190 2606 2248 et

645 2272 1024 2340 Vasconum
1062 2270 1349 2337 subsidio
1382 2271 1454 2335 in
1488 2268 1651 2336 urbe
1678 2270 2068 2348 intromisso,
2101 2289 2145 2352 p
2172 2270 2349 2334 acuit
2382 2277 2604 2333 tamen

643 2359 890 2424 nostris
946 2355 1261 2423 suburbia
1306 2363 1575 2423 tentare.
1664 2353 1796 2422 Sed
1860 2355 2128 2420 Genlius
2190 2362 2460 2438 repente
2522 2351 2604 2418 ad

646 2443 874 2510 hostes
933 2441 1378 2526 transfugiens
1435 2440 1774 2507 consilium
1833 2449 2131 2507 nostrum
2181 2459 2450 2525 prorsus
2493 2438 2606 2504 ab·

648 2530 849 2614 rupit.
939 2528 1266 2594 Postridie
1308 2527 1512 2613 igitur
1553 2526 1747 2592 motis
1791 2527 2043 2605 castris,
2086 2525 2412 2592 Carnutes
2455 2546 2603 2611 per-

650 2636 807 2716 gere
861 2615 1213 2698 coepimus,
1275 2622 1351 2678 ut
1403 2613 1472 2677 in
1517 2611 1921 2678 Normandia
1976 2632 2123 2677 cum
2168 2612 2408 2695 Anglis
2452 2633 2603 2679 con-

651 2700 862 2766 iuncti
935 2699 1283 2767 consilium
1364 2719 1603 2766 novum
1663 2697 2012 2782 capiamus.
2041 2700 2125 2775 ¹⁰)
2212 2698 2449 2764 Hiems
2504 2697 2605 2762 in·

651 2793 835 2854 terea
912 2785 1101 2853 nobis
1176 2787 1466 2851 minatur
1542 2791 1608 2849 et
1669 2784 1957 2852 hostium
2021 2784 2198 2850 vires
2262 2790 2605 2869 augentur.

651 2872 926 2940 Utinam
974 2871 1160 2939 Deus
1209 2876 1470 2939 avertat
1522 2890 1688 2954 quae
1737 2878 1976 2936 metuo.
2066 2867 2250 2935 Nihil
2289 2891 2464 2936 nunc
2507 2877 2609 2935 est

650 2980 760 3025 me
803 2980 936 3025 uno
980 2958 1302 3037 miserius,
1346 2956 1457 3040 qui
1509 2976 1722 3040 neque
1763 2955 1871 3021 hic
1912 2975 2151 3040 magno
2196 2976 2345 3022 cum
2387 2955 2608 3021 fructu

652 3064 798 3111 esse
841 3065 1052 3127 neque
1094 3043 1251 3111 binc
1305 3043 1531 3108 abesse
1573 3062 1856 3126 possum.
1946 3040 2080 3108 Sed
2125 3042 2308 3109 Deus
2350 3060 2609 3106 mecum

654 3138 773 3195 est.
862 3128 1210 3195 Fratribus
1268 3129 1542 3194 multam
1591 3128 1894 3194 salutem.
1982 3127 2090 3192 Ex
2153 3148 2321 3212 pago
2364 3125 2437 3193 S.
2482 3126 2611 3191 Ar-

655 3214 893 3298 nulphi
945 3221 1039 3280 14.
1086 3213 1472 3280 Decembris
1523 3218 1703 3280 1562.

827 3300 934 3366 De
996 3300 1225 3366 Passio
1279 3309 1505 3366 nostro
1560 3307 1628 3366 et
1684 3297 1903 3366 oblata
1971 3298 2377 3368 confessione
2441 3295 2609 3363 nihil

653 3383 873 3452 adhuc
915 3386 1300 3470 accepimus.
1323 3390 1407 3465 ¹¹)

863 3640 926 3708 8)
963 3640 1115 3698 loia.
1153 3640 1280 3695 196:
1352 3640 1422 3696 Se
1464 3646 1786 3696 contentant
1831 3640 2033 3696 d'avoir
2065 3640 2165 3695 fait
2239 3657 2338 3695 eur
2370 3657 2477 3694 aux
2512 3639 2612 3695 Pa·

657 3711 856 3766 risiens
895 3710 1099 3766 chacun
1151 3727 1211 3763 se
1263 3710 1419 3779 loges
1462 3726 1532 3763 en
1579 3726 1675 3763 son
1725 3710 1971 3779 quai-tier
2016 3707 2125 3774 (28.
2226 3711 2329 3776 ov.)
2362 3708 2399 3764 ὶ
2432 3709 2614 3763 savoir

656 3780 983 3835 l'infanterie
1041 3797 1109 3833 en
1146 3780 1202 3834 la
1262 3779 1444 3848 plaine
1496 3777 1565 3832 de
1613 3778 1913 3848 Mem-cuge
1964 3784 2023 3832 et
2073 3779 2142 3832 de
2185 3777 2503 3848 Vangirard‚
2559 3778 2610 3831 le

655 3851 843 3919 prince
878 3849 1104 3903 Portien
1140 3865 1174 3901 a
1208 3847 1448 3913 Gentilli,
1485 3846 1672 3902 Geniis
1706 3845 1740 3899 ὲ
1773 3847 2073 3917 Monronge
2106 3864 2240 3901 avec
2273 3849 2352 3903 les
2384 3847 2612 3916 villages

656 3917 1070 3983 circonvoisins,
1124 3919 1175 3971 le
1211 3917 1408 3970 Prince
1455 3921 1512 3969 et
1545 3915 1794 3971 l’Amiral
1844 3914 1881 3970 ὶ
1913 3917 2130 3970 Arcneil
2166 3925 2222 3969 et
2262 3917 2343 3971 les
2390 3916 2611 3970 Beitres

654 3985 691 4041 ὁ
724 3986 926 4041 Caesen
979 3992 1038 4040 et
1082 3991 1266 4040 autres
1307 3985 1469 4048 lieux,
1515 3990 1699 4039 estant
1729 3988 1884 4039 toute
1917 3992 2064 4039 ceste
2110 4001 2292 4039 armee
2326 3999 2612 4054 composee

655 4070 727 4111 an
771 4056 895 4123 plus
941 4054 1010 4109 de
1044 4053 1184 4108 8000
1233 4054 1477 4108 hommes
1518 4054 1588 4108 de
1633 4054 1762 4123 pied
1806 4057 1864 4108 et
1909 4053 1978 4107 de
2022 4052 2056 4106 5
2090 4052 2124 4107 a
2166 4052 2306 4108 6000
2348 4053 2608 4120 chevaux,

656 4124 800 4247 ᾶῗιικ
834 4141 1056 4190 canons,
1103 4139 1209 4177 nne
1243 4123 1555 4179 coulevrine
1589 4130 1648 4177 et
1689 4119 1728 4177 4
1762 4123 1943 4191 pisces
1977 4120 2046 4176 de
2080 4137 2374 4193 campagus
2407 4127 2469 4177 et
2500 4139 2610 4178 non

719 4210 797 4247 ns.

656 4210 696 4263 p
862 4259 923 4329 9)
953 4260 1102 4316 Ibid.
1139 4258 1258 4315 215.
1338 4258 1586 4313 Transiit
1627 4259 1706 4315 ad
1747 4259 1948 4314 leodem
1987 4258 2256 4328 postridie
2289 4258 2439 4314 Non.
2474 4257 2609 4316 Dee„

657 4328 876 4384 Chacun
927 4330 1133 4401 ingeoit
1194 4327 1322 4399 qu'il
1374 4329 1524 4382 avoit
1583 4328 1820 4409 proiette
1869 4333 2017 4382 ceste
2067 4327 2306 4382 lascbete'
2358 4328 2428 4381 de
2479 4327 2610 4396 long

656 4401 837 4468 temps
872 4437 1092 4455 .....
1131 4399 1209 4451 Le
1242 4396 1549 4452 lendemain
1584 4397 1625 4450 11
1661 4396 1725 4451 fit
1748 4398 2010 4451 entendre
2044 4413 2115 4450 au
2149 4397 2340 4450 Prinos
2376 4395 2505 4466 qn’il
2542 4411 2609 4450 ne

657 4465 768 4521 a'en
812 4467 979 4521 estoit
1024 4466 1129 4521 alle'
1175 4482 1281 4535 que
1326 4483 1467 4536 pour
1510 4466 1561 4518 le
1606 4464 1780 4530 grand
1822 4465 1948 4519 bien
1995 4465 2065 4519 de
2111 4466 2206 4536 luy
2250 4470 2309 4518 et
2342 4481 2482 4535 pour
2513 4465 2610 4536 luy

658 4533 836 4588 servir
869 4535 937 4589 de
971 4536 1210 4589 soliciter
1244 4551 1439 4588 envers
1473 4534 1731 4603 laRoyne
1763 4550 1904 4603 pour
1936 4534 2201 4588 terminer
2233 4539 2380 4587 ceste
2413 4550 2609 4604 guerre

659 4619 764 4683 par
807 4620 912 4657 une
960 4604 1139 4658 bonne
1191 4605 1320 4674 paix
1364 4603 1602 4673 plustost
1636 4617 1743 4672 qne
1786 4619 1886 4672 par
1919 4604 2152 4672 quelque
2199 4603 2482 4672 sanglante
2515 4602 2609 4657 ba-

790 4685 821 4725 e

820 4710 930 4821 sio)
966 4738 1060 4795 saz-
1094 4739 1430 4822 Jomjaam
1460 4739 1524 4794 in
1557 4737 2014 4822 neroque-coaice.
2069 4737 2179 4795 Sea
2208 4740 2270 4794 a·
2310 4738 2617 4795 emensi

663 4823 703 4863 ·
731 4823 931 4961 Ἥ
958 4824 1470 4960 teum
1423 4815 2016 4947 &aava
2030 4808 2400 4960 eme..
2426 4876 2612 4949 3,...

661 4961 808 5002 mm
841 4962 904 5001 m
942 4944 1296 5002 Gnatia-⁸
1329 4961 1529 5002 mum
1556 4946 1743 5013 sanat
1775 4961 1894 5002 cun
1925 4947 2281 5013 confessione.

2145 358 2673 429 EPISTOLAE
2717 363 3139 428 3884-3886

3566 548 3773 622 8885.

3097 702 3569 772 CALVINUS
3614 704 4246 772 BULLINGERO.

2874 872 3079 942 Mittit
3118 877 3177 942 ei
3204 878 3668 961 praecedentem
3701 876 3929 944 Reme.

2701 1047 2832 1114 (Est
2904 1047 3463 1171 uasiqelosvscriptum
3488 1048 3767 1104 lonvillaei
3784 1065 3949 1102 manu
3966 1051 4260 1110 exaratum,
4299 1047 4370 1102 ad
4405 1037 4626 1116 eandem,

2702 1117 2761 1170 in
2796 1116 2837 1172 C
2915 1118 2993 1171 ‘ce
3110 1117 3322 1184 ricensi,
3358 1120 3415 1172 in
3451 1134 3559 1189 qno
3592 1119 3708 1173 solo
3745 1123 3927 1172 exstat
3971 1133 4155 1172 errore
4188 1117 4422 1171 fortasse
4454 1116 4627 1175 biblio·

2938 1186 3064 1255 pegi
3098 1188 3379 1256 praecedit
3412 1189 3585 1257 ipsam
3621 1188 3798 1242 Besae
3834 1187 4118 1257 epistolam
4152 1185 4245 1242 fol.
4280 1185 4427 1254 358.)

2876 1356 3087 1424 Citius
3142 1358 3263 1424 has
3319 1360 3636 1425 missurus
3679 1379 3858 1424 eram
3903 1359 4031 1425 nisi
4074 1359 4504 1425 vehementer
4541 1380 4631 1427 ro-

2704 1453 2922 1528 gasset
2969 1444 3232 1512 Trecius
3275 1458 3353 1509 ut
3393 1446 3465 1510 in
3508 1466 3702 1511 suum
3746 1445 3989 1511 abitum
4033 1444 4387 1511 differrem.
4405 1450 4452 1520 ι)
4513 1444 4633 1511 Pu-

2702 1531 2871 1596 tavit
2925 1530 3100 1595 enim
3159 1550 3353 1595 suum
3406 1530 3489 1596 ad
3542 1552 3653 1597 vos
3703 1529 4057 1596 adventum
4116 1532 4249 1596 fore
4296 1531 4632 1615 gratiorem

2703 1616 2754 1682 si
2792 1617 2930 1699 ipse
2974 1615 3308 1699 perferret.
3381 1616 3530 1683 Non
3576 1627 3717 1683 erat
3751 1615 4010 1700 quidem
4054 1616 4133 1682 ad
4178 1638 4455 1682 manum
4488 1617 4637 1683 alius

2703 1703 3004 1780 nuncius,
3070 1701 3185 1767 sed
3238 1703 3458 1786 potius
3518 1704 3589 1769 in
3652 1704 3871 1768 animo
3928 1713 4067 1767 erat
4121 1703 4488 1769 conducere
4539 1704 4636 1787 qui

2702 1787 2992 1853 Bernam
3051 1808 3255 1870 usque
3311 1789 3457 1855 iret.
3546 1788 3745 1854 Forte
3799 1789 3971 1872 apud
4025 1810 4145 1854 vos
4188 1809 4451 1872 quoque
4489 1789 4635 1854 voli-

2703 1873 2867 1938 tabit
2921 1894 3163 1950 rumor‚
3216 1895 3410 1956 quem
3465 1874 3574 1939 hic
3615 1883 3995 1957 sparserunt
4039 1874 4385 1953 Germani,
4432 1874 4509 1940 de
4547 1896 4638 1942 oc-

2704 1960 2853 2026 cisis
2927 1959 2999 2024 in
3056 1958 3422 2043 Campania
3486 1959 3750 2044 legatis:
3817 1981 4010 2044 quem
4066 1969 4289 2026 tamen
4357 1961 4640 2026 existimo

2705 2065 2947 2111 vanum
3007 2050 3231 2122 esse‚²)
3289 2046 3440 2129 quia
3497 2044 3838 2112 consilium
3892 2044 4161 2112 dederat
4202 2045 4291 2113 D.
4344 2046 4642 2129 Spifameo

2703 2131 3016 2214 principis
3072 2130 3291 2216 legato
3356 2131 3838 2198 illustrissimus
3893 2152 4110 2198 comes
4169 2131 4513 2198 Palatinus
4568 2154 4641 2197 ne

2706 2229 2972 2301 urgeret
3024 2216 3105 2282 de
3161 2218 3482 2283 mittenda
3529 2217 3869 2302 legatione.
3970 2219 4076 2283 Ita
4128 2240 4235 2285 res
4286 2220 4641 2301 interrupta

2705 2303 2934 2368 fuerat.
3022 2302 3216 2383 Quod
3260 2315 3478 2369 autem
3519 2303 3747 2370 dicunt
3791 2324 3997 2369 unum
4040 2304 4240 2370 fuisse
4280 2326 4373 2371 ex
4414 2304 4642 2369 familia

2709 2387 3191 2472 Luneburyensi,
3236 2390 3513 2456 alterum
3550 2411 3702 2455 vero
3747 2389 4069 2456 Comitem
4107 2390 4640 2472 Mansfeldensem,

2708 2473 2889 2540 nullo
2932 2472 3126 2541 modo
3167 2473 3472 2542 credibile
3513 2486 3630 2542 est.

3728 2611 4060 2682 Iohannes
4102 2611 4445 2680 Calvinus.
4471 2615 4524 2698 ³)

3588 3123 3790 3194 3886.

3105 3277 3578 3346 CALVINUS
3621 3278 4257 3346 BULLINGERO.

2886 3448 3148 3517 Praeter
3198 3469 3300 3516 res
3348 3449 3633 3517 Gancas
3695 3451 3969 3516 maxime
4029 3452 4358 3530 militares,
4418 3450 4645 3534 auinyil

2710 3557 2870 3621 quae
2925 3538 3015 3604 ad
3060 3536 3406 3604 Concilium
3452 3537 3763 3619 pertinent
3815 3541 3871 3602 et
3911 3538 4102 3603 obiter
4152 3538 4469 3604 occasione
4509 3556 4643 3619 quo-

2709 3625 2983 3690 rundam
3036 3624 3370 3689 recentium
3431 3622 3774 3688 libellorum
3820 3624 3893 3687 in
3950 3624 4297 3689 Germania
4355 3624 4644 3689 editorum

2698 3711 2933 3792 paucis
2972 3728 3157 3774 suam
3198 3709 3564 3775 sententiam
3603 3708 3681 3775 de
3710 3711 4075 3791 praesentia
4114 3710 4398 3791 corporis
4428 3707 4646 3775 Christi

2709 3797 2971 3879 aporuit.

2705 3966 2819 4036 (Ex
2888 3964 3019 4019 Cod.
3071 3963 3275 4019 Genev.
3324 3963 3471 4029 102⁸,
3517 3966 3610 4021 fol.
3655 3964 3760 4020 2⁷6
3813 3972 3871 4022 et
3920 3966 4024 4021 286
4079 3973 4137 4022 et
4192 3966 4328 4022 Cod.
4382 3965 4512 4033 108,
4560 3965 4640 4021 fol.

2848 4032 2967 4089 153.
3006 4034 3130 4089 coll.
3175 4049 3223 4088 c.
3257 4033 3473 4089 Simleri
3505 4034 3628 4092 Vol.
3675 4034 3793 4091 108.
3866 4037 4022 4091 Vera.
4068 4037 4208 4106 angl.
4249 4037 4340 4091 Π.
4371 4036 4521 4106 282.)

2880 4206 2952 4272 S.
3018 4205 3168 4271 Etsi
3231 4226 3409 4272 nunc
3468 4226 3724 4290 quoqne
3790 4207 3872 4273 de
3927 4208 4123 4275 rebus
4176 4228 4411 4293 parum
4461 4208 4641 4274 certis

2707 4292 2993 4359 scribere
3034 4292 3118 4356 ad
3158 4301 3226 4356 te
3268 4293 3466 4375 piget,
3510 4293 3887 4358 venerande
3925 4295 4144 4372 frater,
4188 4316 4393 4377 quum
4436 4304 4640 4360 tamen

2709 4377 2818 4445 hic
2864 4379 3073 4444 bonus
3130 4377 3507 4444 adolescens
3559 4399 3824 4462 operam
3878 4401 4065 4446 suam
4120 4381 4285 4446 mihi
4331 4381 4404 4445 in
4447 4378 4641 4445 literis

2707 4462 3056 4530 reddendis
3111 4462 3393 4541 offerret,
3446 4462 3619 4530 hanc
3682 4466 4083 4531 occasionem
4138 4467 4641 4549 praetermittere

2708 4550 2909 4617 nolui.
3021 4547 3201 4631 Quid
3266 4549 3509 4632 cogitet
3570 4550 3872 4634 princeps
3941 4550 4279 4620 condensis
4341 4553 4641 4619 coniicere

2710 4638 2897 4703 nobis
2960 4643 3062 4701 est
3124 4632 3406 4700 difficile.
3497 4634 3781 4702 Circiter
3834 4637 4095 4702 initium
4151 4638 4396 4703 mensis
4458 4636 4640 4702 huius

2711 4721 2795 4790 ad
2845 4742 3070 4787 muros
3124 4740 3329 4802 nsque
3369 4719 3679 4787 Lutetiae
3720 4724 3939 4806 copias
3982 4722 4378 4803 admoverat,
4405 4727 4458 4801 ¹)
4498 4742 4638 4807 pau·

2708 4944 2937 5001 8885st
3005 4943 3217 4999 Fuerat
3248 4957 3588 5012 eroonnpcr
3625 4942 3887 5001 Gonane.
3959 4944 4162 5026 93:11.
4196 4943 4351 5000 8873.
4572 5012 4584 5025 ι

2911 5012 2948 5066 2
3005 5016 3459 5067 ndi-coemerat.
3529 5011 3676 5067 Dei
3811 5011 4637 5083 mammastfflflnt-

2709 5083 2830 5139 eccl.
2866 5082 2932 5137 Π.
2972 5080 3088 5137 155.
3138 5078 3305 5137 nen.
3337 5081 3413 5163 de·
3437 5078 3625 5138 Gonde'
3689 5084 3755 5137 V.
3789 5080 3873 5136 38.
3922 5082 4188 5139 ΒοήΙιοΙά
4217 5081 4338 5138 417.

2709 5150 3525 5302 εωο.ῗῖ.4.α.ι.ῌὶιι.
3578 5218 3725 5304 n«.-
3807 5219 4638 5298 mma-emm

2711 5283 4637 5360 maurenasca-mmameconfmaeavaee
