4850 6117
619 377 749 438 24⁶2

798 562 863 630 A
902 560 1136 630 Monet.
1181 561 1416 629 Monet.
1460 560 1857 646 D’espeville

784 679 803 700 ι
1849 666 1888 710 a
1931 644 2395 711 villefranche.

799 817 869 887 S.
966 818 1153 903 Rogo
1229 826 1302 883 ut
1380 819 1718 886 literarum
1816 816 2200 884 brevitatem
2277 836 2567 883 excuses.

626 905 874 990 Scripsi
918 903 1081 971 haec
1122 903 1205 969 ad
1248 911 1315 970 te
1359 904 1750 972 decumbens
1784 926 1868 971 ex
1902 903 2203 970 catarrho
2236 901 2400 968 mihi
2436 902 2570 967 iam

624 1013 759 1057 non
800 997 1059 1056 tantum
1106 989 1416 1057 familiari
1457 991 1571 1056 sed
1618 992 1814 1055 etiam
1858 988 2322 1056 contubernali.
2409 989 2568 1068 [Ac-

623 1077 818 1144 cessit
842 1078 893 1160 ¹)
937 1083 1164 1142 tantus
1208 1097 1436 1143 renum
1481 1076 1676 1142 ardor
1711 1086 1786 1143 ut
1826 1085 1897 1142 et
1915 1083 2144 1160 guttur
2185 1075 2272 1142 sit
2308 1073 2568 1139 exulce-

623 1170 859 1239 ratum,
928 1170 998 1226 et
1058 1162 1285 1227 urinae
1347 1170 1621 1243 meatus,
1728 1162 1855 1227 uod
1920 1163 2241 1246 posterius
2298 1159 2566 1238 malum,

621 1255 891 1334 propter
923 1246 1255 1332 pudorem,
1292 1269 1490 1332 quum
1514 1247 1596 1313 ad
1630 1248 1880 1332 aliquot
1910 1247 2049 1313 dies
2069 1246 2353 1324 celarim,
2390 1266 2567 1312 nunc

625 1355 856 1401 vereor
889 1355 972 1399 ne
1009 1354 1084 1400 eo
1120 1334 1205 1400 sit
1226 1333 1582 1413 redactum,
1618 1343 1693 1401 ut
1718 1333 2047 1400 vocandus
2069 1335 2157 1399 sit
2177 1334 2566 1415 chirurgus]

623 1420 808 1488 Haec
849 1422 1052 1504 ig'itur
1094 1439 1276 1485 meae
1319 1441 1495 1486 nunc
1538 1429 1639 1485 est
1702 1419 2004 1498 conditio,
2083 1420 2382 1503 quamvis
2424 1438 2568 1481 meo

622 1525 805 1572 more
868 1506 1135 1572 meliora
1205 1525 1477 1589 sperem.
1589 1506 1880 1573 Discessi
1944 1527 2025 1571 ex
2093 1505 2244 1571 aula
2300 1505 2564 1580 invitus,

622 1611 798 1658 nona
841 1591 1038 1657 huius
1072 1592 1334 1671 mensis,
1369 1592 1461 1657 ita
1496 1591 1885 1676 urgentibus
1905 1590 2281 1675 proceribus
2302 1590 2568 1668 nostris,

623 1686 698 1742 ut
739 1677 853 1744 vix
897 1678 1053 1743 satis
1097 1677 1288 1760 spatii
1341 1678 1655 1743 haberem
1697 1676 2046 1743 induendis
2090 1677 2315 1743 ocreis.
2403 1675 2567 1741 Pos-

624 1762 820 1829 tridie
897 1761 1409 1845 subsequuturus
1486 1773 1629 1829 erat
1709 1763 2029 1846 Princeps,
2048 1765 2105 1846 ²)
2170 1764 2280 1847 qui
2344 1772 2566 1826 tamen

624 1848 915 1915 nondum
960 1850 1161 1927 venit,
1205 1869 1415 1932 neque
1457 1857 1532 1915 ut
1575 1849 1790 1926 audio,
1836 1850 2071 1927 veniet,
2129 1849 2258 1914 nisi
2301 1846 2567 1913 dimisso

623 1946 965 2001 conventu.
1036 1935 1183 2000 Hoc
1216 1955 1374 2000 vero
1407 1936 1573 2001 mihi
1607 1935 2056 2019 gratissimum
2092 1942 2210 2014 est,
2254 1933 2568 2016 quoniam

621 2015 789 2086 nihil
851 2020 1061 2105 magis
1119 2020 1486 2086 metuebam
1548 2041 1742 2104 quam
1808 2043 1892 2087 ne
1952 2021 2218 2087 absente
2266 2018 2569 2101 Principe

622 2106 869 2172 inimici
913 2104 1174 2190 quidvis
1218 2105 1552 2188 auderent,
1597 2117 1664 2170 et
1707 2107 1853 2172 ideo
1902 2106 2239 2191 cupiebam
2278 2105 2564 2183 omnino,

620 2199 699 2257 ut
759 2191 841 2256 ad
908 2193 1158 2256 exitum
1226 2191 1524 2275 colloquii
1588 2203 2019 2276 permaneret,
2087 2190 2256 2276 quod
2314 2191 2566 2258 factum

620 2276 811 2344 video
864 2287 931 2344 et
974 2277 1242 2362 gaudeo.
1331 2278 1598 2343 Interea
1638 2277 1832 2344 video
1865 2278 2015 2344 illos
2070 2279 2329 2356 texisse,
2394 2276 2566 2361 quod

620 2384 751 2430 non
818 2363 1067 2428 frustra
1129 2362 1414 2442 coniieio,
1496 2366 1806 2430 metuisse
1870 2365 2201 2444 nimirum,
2270 2384 2353 2427 ne
2417 2384 2567 2428 mea

619 2448 993 2533 praesentia
1057 2447 1468 2516 adversarios
1532 2452 1969 2518 exacerbaret.
2066 2450 2419 2534 Utcunque
2477 2448 2567 2514 sit

616 2533 785 2599 mihi
840 2554 971 2598 non
1030 2534 1237 2600 defuit
1279 2536 1535 2601 animus
1578 2535 1953 2619 praestandi
1996 2536 2192 2602 officii
2236 2535 2317 2601 ad
2364 2537 2566 2601 finem

620 2639 845 2703 usque.
933 2620 1024 2684 Et
1080 2620 1246 2685 mihi
1303 2621 1372 2686 in
1417 2641 1493 2686 eo
1536 2642 1788 2706 quoque
1830 2624 2171 2707 prospexit
2214 2622 2560 2700 Dominus,

617 2704 788 2789 quod
832 2704 939 2771 hic
983 2706 1251 2773 morbus
1292 2707 1361 2771 in
1405 2708 1568 2773 urbe
1600 2709 1815 2791 potius
1849 2730 1954 2773 me
1989 2709 2331 2791 occupavit
2408 2728 2562 2773 uam

620 2791 696 2856 in
755 2791 922 2871 aula,
985 2791 1096 2857 ubi
1137 2793 1333 2876 plane
1373 2792 1535 2858 mihi
1578 2793 1987 2877 pereundum
2034 2795 2277 2860 fuisset.
2366 2730 2563 2876 Quod

624 2884 843 2943 autem
903 2877 984 2942 ad
1040 2899 1180 2944 rem
1238 2879 1445 2963 ipsam
1502 2880 1737 2945 attinet
1779 2881 2001 2946 omnia
2042 2878 2257 2946 adhuc
2298 2881 2563 2965 egregie

622 2961 813 3030 nobis
856 2963 927 3028 in
971 2972 1295 3031 conventu
1329 2974 1800 3032 successerunt.
1826 2971 1878 3046 ³)
1947 2967 2055 3032 Ex
2092 2969 2192 3031 26.
2231 2967 2563 3050 suffragiis

628 3053 725 3114 15.
772 3047 959 3115 nobis
1025 3050 1285 3133 templa,
1354 3056 1387 3113 7
1446 3050 1589 3116 loca
1643 3052 1747 3118 vel
1805 3052 2066 3136 publiea
2132 3051 2236 3118 vel
2304 3053 2564 3135 privata

622 3154 773 3202 cum
817 3135 993 3219 regis
1036 3136 1451 3203 conniventia
1494 3136 1870 3204 decernunt.
1956 3137 2241 3223 Reliqua
2283 3147 2564 3222 quatuor

621 3227 851 3288 contra
905 3241 1024 3286 nos
1076 3221 1341 3288 faciunt.
1443 3221 1819 3309 Supersunt
1880 3228 1981 3289 22.
2041 3245 2320 3309 quorum
2363 3224 2562 3289 etiam

620 3303 829 3371 multo
902 3308 1214 3372 maiorem
1289 3315 1545 3391 partem
1622 3329 1758 3375 non
1833 3312 2160 3376 immerito
2223 3329 2566 3395 speramus

622 3401 915 3457 nostram
956 3393 1113 3458 fore.
1201 3391 1337 3460 Sed
1379 3395 1649 3473 interea,
1694 3396 2005 3479 quoniam
2048 3395 2238 3462 nobis
2281 3404 2383 3461 est
2416 3417 2567 3462 cum

620 3477 997 3544 hominibus
1033 3481 1366 3563 negotium
1410 3491 1478 3546 et
1518 3482 1602 3545 iis
1643 3481 1909 3565 quidem
1953 3482 2443 3560 versutissimis,
2497 3483 2568 3546 in

623 3584 755 3629 uno
812 3564 955 3629 Deo
1013 3562 1415 3631 confidimus.
1501 3567 1648 3631 Nisi
1694 3567 1940 3652 Regina
1982 3570 2377 3634 sententiam
2421 3589 2569 3632 mu-

622 3650 777 3718 tarit
842 3659 911 3715 et
971 3651 1237 3716 morbus
1302 3651 1688 3735 impedierit,
1770 3653 2129 3736 Principem
2191 3674 2431 3737 sequar
2493 3654 2566 3717 in

625 3735 1067 3819 Aquitaniam,
1129 3735 1245 3801 ubi
1300 3738 1417 3802 vix
1470 3738 1699 3804 credas
1753 3749 1997 3823 quanta
2052 3741 2141 3805 sit
2193 3748 2567 3806 nostrorum

620 3821 1057 3905 intemperies,
1115 3823 1305 3904 quasi
1348 3842 1497 3910 eum
1557 3824 1854 3890 hostibus
1908 3825 2114 3892 velint
2155 3826 2568 3910 impatientia

626 3915 892 3973 certare.
983 3905 1059 3973 Si
1117 3909 1441 3974 scribatur
1492 3910 1563 3974 in
1625 3919 1915 3976 nostram
1957 3912 2349 3977 sententiam
2393 3910 2565 3977 edic-

626 4001 786 4072 tum,
872 3992 1064 4077 plane
1139 3994 1442 4061 existimo
1519 3995 1741 4060 hostes
1803 4005 2101 4066 extrema
2179 4005 2564 4064 tentaturos.

625 4078 857 4162 Itaque
898 4100 1122 4163 preces
1174 4080 1381 4146 multo
1423 4081 1635 4165 magis
1688 4083 1882 4147 etiam
1935 4082 2303 4161 intendetis,
2370 4103 2566 4166 quam

623 4185 913 4247 unquam
946 4179 1153 4230 antea.
1214 4165 1477 4231 Ooenae
1510 4167 2009 4234 celebrationem
2045 4169 2156 4236 hic
2189 4168 2567 4234 distulimus

623 4250 696 4312 in
738 4251 1148 4315 comitiorum
1190 4252 1459 4316 exitum.
1550 4254 1785 4339 Agitur
1838 4275 2015 4320 nunc
2072 4256 2143 4318 in
2186 4254 2438 4321 Senatu
2484 4253 2566 4319 de

626 4353 825 4399 causa
882 4334 980 4400 St.
1036 4337 1357 4408 Medardi‚
1415 4359 1543 4420 qua
1586 4340 1668 4403 de
1711 4361 1783 4404 re
1821 4340 2077 4422 copiose
2119 4361 2331 4423 nuper
2372 4340 2456 4404 ad
2500 4352 2566 4405 te

628 4421 878 4502 scripsi,
937 4435 1011 4485 ut
1052 4424 1239 4488 testis
1280 4425 1593 4490 oculatus.
1680 4425 2092 4492 Incredibilis
2134 4435 2235 4492 est
2276 4426 2564 4491 hostium

623 4503 895 4569 audacia
937 4515 1005 4570 et
1041 4506 1462 4591 impudentia.
1483 4514 1537 4587 ⁴)
1608 4509 1743 4577 Sed
1779 4523 1998 4576 tamen
2036 4513 2169 4577 scio
2204 4532 2333 4576 non
2370 4512 2564 4577 effec-

797 4743 891 4879 {3
922 4813 983 4866 in
1022 4810 1363 4868 Oceania·
1390 4754 1739 4886 {fascem
1772 4820 1857 4884 (N.
1894 4818 2047 4886 3688,
2083 4827 2195 4876 not.
2231 4821 2308 4886 9.)

831 4881 885 4944 3)
924 4880 1037 4935 scil.
1070 4898 1134 4933 nn
1179 4881 1559 4963 &laboratione
1608 4888 1676 4942 de
1719 4889 1951 4958 singulis
2004 4890 2255 4944 articulis
2299 4890 2464 4945 edicto·
2508 4892 2561 4946 d.

626 4948 712 5004 1⁷.
746 4949 876 5003 Im.
908 4950 1313 5018 pro-alandt.

622 5087 892 5142 chevalier
926 5087 1001 5139 εἰει
1028 5094 1155 5155 Μ
1187 5097 1239 5143 et

626 5173 727 5211 uo
777 5157 953 5221 ἠυιωι
1001 5162 1173 5210 erant.

624 5233 813 5279 coutte
858 5232 915 5278 et
958 5223 1382 5293 Bouge-orcille
1464 5235 1647 5282 revoat
1689 5231 1757 5284 de
1799 5231 1855 5284 la
1890 5233 2265 5289 connestablie
2312 5234 2343 5287 a

618 5297 781 5362 peine
816 5300 1049 5363 peurent
1082 5294 1379 5366 escbapper
1408 5245 1583 5362 efflat.
1618 5299 1738 5354 ecel
1774 5299 1818 5354 Ι.
1855 5299 1999 5368 674).

2118 368 2642 437 EPISTOLAE
2688 373 3110 436 3693—3695

4483 371 4598 436 248

2673 563 2855 657 turos
2889 556 3060 643 quod
3098 556 3345 625 volunt.
3409 557 3638 642 Neque
3672 558 3860 624 nobis
3894 578 4137 624 novum
4171 565 4269 625 est
4303 558 4601 625 iniuriam

2839 730 3028 797 Uxor
3070 730 3361 797 nondum
3405 731 3592 798 venit
3631 737 3698 795 et
3750 729 4013 809 diutius,
4057 743 4135 794 ut
4175 751 4381 814 spero,
4440 730 4605 814 apud

2668 823 2920 899 patrem
2967 816 3278 897 manebit,
3323 839 3518 902 quam
3562 824 3638 883 ut
3690 815 3871 883 illam
3918 815 4138 882 videre
4180 817 4442 900 possim,
4486 817 4605 882 nisi

2668 908 2917 968 mutato
2961 901 3042 967 de
3097 904 3457 987 Aquitania
3511 903 3781 970 consilio
3823 910 3890 969 et
3932 909 4312 986 recuperata
4354 901 4605 966 valetu-

2670 985 2842 1053 dine.
2932 986 3106 1054 Deus
3150 989 3313 1054 mihi
3357 989 3604 1055 tribuat
3644 988 3815 1073 quod
3858 988 4049 1055 unice
4093 995 4259 1071 opto,
4309 996 4387 1053 ut
4429 988 4605 1054 brevi

2671 1093 2818 1139 mea
2852 1074 3024 1159 apud
3059 1082 3310 1158 patrem
3347 1076 3587 1160 pietate
3621 1074 3817 1141 defun
3868 1096 3959 1154 ar,
4005 1095 4206 1159 quum
4241 1082 4607 1139 extremum

2670 1159 2757 1224 sit
2810 1160 2879 1225 in
2937 1180 3122 1227 mora
3178 1161 3561 1246 periculum.
3649 1161 3754 1226 De
3879 1162 4138 1227 alduino
4190 1160 4340 1224 misi
4399 1158 4485 1224 ad
4547 1169 4606 1225 te

2670 1266 2836 1329 quae
2898 1245 3064 1311 mihi
3133 1248 3272 1313 visa
3331 1257 3488 1312 sunt
3562 1256 4045 1332 peropportune
4118 1246 4196 1311 ab
4263 1244 4609 1311 Hotoman«)

2670 1332 2887 1410 missa,
2923 1331 3160 1417 quibus
3206 1333 3545 1417 Crispinus
3585 1341 3828 1400 utatur.
3911 1332 4103 1399 Nunc
4147 1353 4376 1397 rursus
4423 1330 4505 1397 ad
4548 1340 4605 1396 te

2669 1416 2797 1482 alia
2841 1419 3029 1484 mitto
3053 1440 3219 1503 quae
3262 1419 3457 1485 hodie
3499 1419 3581 1485 ab
3615 1419 3840 1486 eodem
3879 1420 4113 1503 accepi.
4189 1416 4506 1501 Denique,
4539 1425 4608 1482 ut

2670 1502 2933 1569 tandem
2978 1504 3330 1586 absolvam,
3376 1507 3432 1572 si
3476 1507 3619 1571 fieri
3661 1514 3874 1590 potest
3915 1513 3989 1571 ut
4031 1504 4328 1570 minister
4385 1503 4609 1586 aliquis

2670 1589 3010 1656 Britannis
3051 1592 3200 1657 istic
3243 1590 3653 1671 concedatur,
3699 1592 3925 1657 multis
3969 1592 4188 1675 probis
4231 1597 4298 1654 et
4341 1590 4610 1673 integris

2669 1674 3048 1742 hominibus
3114 1679 3561 1762 gratissimum
3605 1678 3851 1744 feceris.
3940 1676 4075 1744 Sed
4120 1697 4253 1742 non
4297 1695 4509 1759 urgeo
4550 1687 4610 1739 et

2669 1770 2939 1846 rogatus
2982 1784 3158 1847 rogo.
3231 1763 3443 1829 Video
3487 1784 3591 1829 me
3635 1773 3864 1831 eontra
3906 1761 4461 1848 exspectationem
4501 1782 4611 1844 pro

2666 1847 2972 1914 brevibus
3007 1848 3239 1935 longas
3274 1850 3609 1933 scripsisse
3643 1859 3709 1916 et
3742 1871 3902 1916 sane
3939 1870 4143 1933 quum
4178 1846 4260 1914 ad
4297 1857 4363 1912 te
4387 1847 4611 1924 scribo,

2670 1932 2839 1998 nihil
2885 1933 3128 2001 doloris
3171 1936 3402 2002 sentio.
3479 1936 3665 2002 Bene
3710 1935 3875 2016 vale,
3921 1936 4010 2001 mi
4057 1942 4260 2018 pater,
4297 1953 4458 2000 cum
4493 1932 4613 2000 col-

2667 2018 2833 2105 legis
2875 2031 2944 2086 et
2985 2022 3209 2088 amicis
3253 2023 3570 2089 omnibus.
3649 2022 3972 2089 Dominus
4015 2020 4202 2088 Iesus
4235 2019 4355 2085 tibi
4405 2019 4611 2104 magis

2667 2125 2744 2172 ae
2826 2108 3038 2192 magis
3101 2107 3439 2174 benedicat
3500 2115 3570 2173 et
3632 2107 3969 2175 ecclesiam
4037 2128 4225 2173 suam
4289 2105 4608 2189 respiciat

2666 2191 2973 2258 Lutetiae
3022 2196 3116 2259 12.
3163 2193 3458 2259 Ianuarii
3509 2198 3689 2260 1562.

4021 2332 4203 2395 'I'uus
4247 2330 4444 2396 Beza.

2842 2534 3000 2621 [Ubi
3068 2533 3408 2618 crispinus
3469 2551 3635 2603 usus
3711 2535 3908 2602 fuerit
3971 2535 4306 2603 Hotomani
4381 2536 4609 2613 literis,

2667 2641 2843 2701 cura,
2889 2622 3153 2689 obsecro
3196 2620 3760 2710 conscindendas]

3539 3168 3743 3240 86⁹4.

3151 3323 3650 3392 PARELLUS
3697 3323 4133 3392 OALVINO.

2855 3495 3124 3577 Vapinci
3178 3498 3472 3561 retinetur
3520 3495 3952 3579 flayitantibus
4011 3496 4345 3578 frutribus,
4389 3499 4615 3565 Neoca-

2666 3601 2841 3648 Μ
2881 3582 3009 3647 sibi
3047 3582 3432 3649 redeundum
3465 3582 3677 3661 eredit,
3731 3581 4061 3647 consilium
4101 3584 4294 3651 amici
4345 3584 4477 3649 sibi
4517 3603 4614 3650 ex-

2659 3668 2819 3750 petit
2859 3669 2931 3733 in
2970 3668 3090 3734 tali
3128 3668 3509 3736 discrimine.
3587 3666 3791 3734 Porro
3832 3670 4422 3752 esponitquatenus
4464 3670 4614 3736 dxi-

2667 3773 2920 3819 marum
2963 3759 3020 3819 ct
3075 3753 3346 3820 aliorum
3403 3775 3699 3821 censuum
3741 3754 4289 3821 ecclesiasticorum
4328 3757 4611 3839 redemp-

2667 3838 2903 3906 toribus
2957 3859 3096 3906 mom
3146 3841 3485 3922 pontificiis
3525 3861 3707 3924 ayere
3752 3841 4129 3922 permiserit.
4221 3841 4414 3908 Notat
4461 3842 4615 3909 Gro-

2656 3926 2920 4008 pedium
2960 3926 3343 3991 monachum.

2667 4098 2782 4166 (Ex
2815 4097 3154 4219 autographo
3188 4096 3320 4152 cod.
3367 4098 3570 4152 Genev.
3625 4097 3742 4166 115,
3791 4097 3882 4152 fol.
3935 4097 4052 4164 144,
4095 4098 4215 4154 coll.
4249 4115 4296 4155 c.
4331 4099 4466 4153 Ood.
4507 4099 4613 4162 116,

2874 4167 2964 4221 sol.
3000 4165 3036 4219 6
3072 4207 3084 4218 .
3141 4167 3280 4237 Epp.
3317 4168 3482 4221 Bern.
3525 4166 3618 4222 v1.
3651 4164 3754 4220 889
3791 4174 3848 4220 et
3883 4168 4099 4222 Simleri
4135 4169 4256 4224 Vol.
4293 4167 4411 4234 99.)

2840 4338 3090 4405 Christi
3156 4339 3719 4423 praestantissimo
3783 4358 3972 4403 servo
4037 4339 4267 4404 Ioanni
4335 4341 4610 4406 Calvino

2665 4428 2909 4510 pastori
2978 4424 3286 4491 ecclesiae
3344 4425 3762 4491 Genevensis
3827 4424 4014 4489 fratri
4081 4434 4148 4490 et
4211 4437 4609 4512 symmystae

2668 4512 2854 4579 valde
2898 4511 3321 4578 observando.
4108 4597 4440 4663 Gemm-

2838 4770 2908 4836 S.
2981 4769 3334 4851 Nunquam
3399 4769 3610 4853 magis
3676 4790 3942 4853 pressus
4014 4771 4108 4835 fui
4174 4789 4370 4854 quam
4438 4791 4604 4834 nunc

2665 4856 2785 4923 hos
2821 4857 3140 4932 deserere,
3183 4865 3256 4919 ut
3291 4874 3396 4920 res
3439 4875 3511 4920 se
3559 4853 3820 4936 habent,
3863 4878 3985 4924 nee
4019 4856 4291 4922 retineri
4325 4876 4602 4939 possum.

2611 5003 2616 5020 ,
2665 4943 2938 5009 Fratres
2980 4962 3087 5006 me
3131 4947 3458 5014 vocantes,
3483 4945 3535 5016 ¹)
3574 4961 3855 5024 quorum
3900 4942 4228 5027 suffragiis
4270 4940 4397 5007 huc
4437 4942 4602 5016 veni,

829 5018 891 5080 4)
932 5016 1285 5085 &uppusun
1332 5022 2616 5149 eet-tbsffiproeteytdaoedios,ssebestoq,¹

1334 5103 1395 5170 ᾳ
1489 5160 1501 5170 “
1554 5099 2349 5220 qefig'ugrmrqcnmmnae
2380 5097 2565 5288 Ἠιῗὲ
2611 5191 2616 5222 ι

2388 5252 2522 5304 ΒΜ
2609 5271 2615 5302 ι

2665 5037 2731 5093 et
2773 5039 2914 5094 tam
2956 5047 3171 5094 carum
3220 5026 3576 5104 ecclesiam,
3638 5027 3769 5093 imo
3827 5037 4032 5094 totam
4088 5029 4396 5093 ditionem
4452 5047 4601 5110 quo-

2663 5301 2855 5356 8694.
2873 5302 2934 5366 1)
2987 5301 3117 5356 Vide
3151 5309 3326 5356 tan-en
3365 5307 3680 5371 aequem.
