4850 6117
274 416 398 482 581

480 601 773 671 (Arohives
807 602 878 656 de
911 602 1147 658 Geueve.
1214 603 1436 658 Lettres
1471 602 1541 657 de
1574 602 1629 655 16
1662 599 2015 671 seigneurie.)

446 773 712 840 Proveu
770 794 896 858 que
958 774 1023 840 le
1064 772 1212 858 plus
1273 774 1435 859 long
1496 781 1706 840 terme
1759 772 2061 856 qu’eusse
2113 771 2226 837 de·

271 858 517 926 mande
558 859 788 945 leglise
833 859 914 926 de
956 860 1152 947 Lyon
1206 865 1307 927 est
1362 859 1544 926 desia
1586 858 1811 943 expire
1852 865 1921 924 61
1961 877 2086 940 6116
2128 857 2227 924 166

270 944 503 1012 choses
545 965 630 1011 66
683 951 849 1012 vont
901 965 1018 1029 pas
1071 947 1129 1012 si
1172 945 1308 1012 mal
1346 946 1521 1012 Dieu
1570 963 1797 1030 morey
1840 964 1965 1028 que
2009 949 2226 1009 vostre

274 1029 625 1124 [presence]
671 1053 722 1117 y
764 1040 916 1116 soyt
956 1032 1086 1098 fort
1116 1032 1375 1116 requise
1418 1052 1696 1099 mesmes
1739 1030 1911 1115 quilz
1956 1050 2042 1095 ne
2076 1035 2226 1095 sont

269 1139 396 1202 pas
442 1117 852 1201 depourveus
908 1116 989 1184 de
1052 1138 1233 1203 gens,
1299 1137 1468 1184 nous
1520 1137 1724 1184 avons
1781 1114 2004 1184 advise
2061 1135 2227 1182 vous

271 1210 545 1270 exorter
654 1224 729 1269 ar
791 1203 860 1269 la
907 1210 1212 1289 presente
1269 1202 1350 1269 de
1407 1212 1752 1270 retourner
1792 1203 1906 1286 joy
1959 1202 2024 1267 le
2078 1200 2228 1284 plus

271 1295 411 1355 tost
495 1224 651 1373 quil)
699 1309 864 1356 vous
927 1311 1076 1356 6616
1135 1289 1438 1374 possible.
1545 1289 1681 1355 Car
1742 1308 1994 1355 comme
2058 1307 2227 1353 nous

269 1395 485 1442 avons
540 1376 767 1441 mieux
822 1397 863 1441 a
909 1396 1015 1442 me
1059 1397 1144 1441 66
1186 1376 1333 1440 leur
1388 1375 1708 1442 necessite
1750 1374 1966 1440 destre
2008 1373 2227 1456 prives

272 1459 362 1526 de
423 1481 611 1542 vous,
667 1460 966 1528 6611151611
1022 1482 1150 1545 que
1201 1482 1275 1528 ce
1331 1481 1415 1526 ne
1456 1461 1593 1527 fust
1633 1481 1752 1544 pas
1794 1479 1948 1525 6666
1992 1466 2228 1543 regret,

271 1566 405 1630 que
429 1545 510 1612 de
552 1568 638 1612 ne
669 1547 857 1632 point
899 1547 1189 1614 secourir
1221 1567 1389 1613 ceux
1424 1544 1724 1630 desquelz
1756 1545 1819 1611 16
1854 1545 2031 1611 661111
2061 1565 2230 1609 nous

270 1634 480 1698 estoit
542 1653 707 1716 pour
759 1632 1216 1700 recommends
1257 1632 1464 1715 Aussi
1520 1652 1774 1698 comme
1816 1632 1970 1698 bien
2011 1631 2231 1696 raison

273 1718 459 1803 quilz
523 1726 724 1802 ayent
779 1719 1015 1803 esgard
1076 1740 1117 1785 a
1174 1739 1246 1785 ce
1300 1740 1426 1802 que
1468 1738 1637 1785 nous
1688 1738 1773 1783 ne
1816 1716 2231 1782 demeurions

271 1825 400 1888 pas
467 1805 798 1870 tousiours
865 1806 1245 1888 deproveus.
1323 1806 1515 1871 Vous
1571 1824 1799 1871 scaves
1864 1800 2231 1886 davantage

271 1909 533 1955 comme
576 1911 742 1956 nous
783 1910 989 1958 avons
1032 1897 1170 1957 este
1213 1891 1574 1958 contraintz
1628 1889 1710 1956 de
1751 1909 2076 1974 renvoyer
2116 1908 2231 1953 en-

273 1995 393 2041 cor
436 1975 776 2042 Monsieur
817 1977 894 2043 de
935 1978 1072 2043 bezo
1113 1978 1308 2043 Ainsi
1342 1976 1400 2062 jl
1441 1999 1486 2062 y
1529 1995 1569 2042 a
1612 1976 1794 2042 desia
1826 1995 2015 2059 passe
2048 1972 2233 2058 long-

273 2068 419 2126 tem
541 2082 668 2144 que
709 2083 830 2130 voz
894 2061 1102 2129 freres
1169 2070 1286 2128 ont
1351 2071 1491 2129 este
1556 2062 1715 2130 char
1760 2082 1830 2128 66
1895 2059 2044 2144 plus
2107 2080 2233 2143 que

275 2144 364 2211 do
450 2147 656 2213 ‘naire
690 2168 855 2214 nous
890 2168 1057 2215 vous
1091 2148 1317 2233 prions
1353 2149 1677 2232 doncques
1762 2169 1799 2214 e
1833 2151 2233 2212 remonstrer

271 2252 439 2317 6663Γ
482 2251 524 2296 6
563 2232 794 2318 leglise
839 2232 920 2300 de
959 2234 1158 2319 Lyon
1200 2243 1268 2301 61
1309 2241 1509 2319 ayant
1549 2234 1688 2318 pris
1721 2232 1993 2299 honeste
2028 2250 2234 2316 conge

274 2338 444 2384 vous
504 2325 743 2386 mettre
806 2340 893 2385 en
957 2319 1220 2387 chemin
1261 2341 1302 2385 a
1345 2341 1419 2387 66
1485 2341 1610 2404 6116
1675 2339 1841 2386 66116
1904 2317 2234 2402 puissions

260 2405 471 2490 jouyr
513 2404 594 2471 de
650 2427 816 2472 vous
869 2427 909 2472 a
964 2414 1187 2474 nostre
1242 2414 1397 2473 tour
1440 2406 1535 2474 Ce
1589 2403 2024 2489 quattendans
2065 2424 2233 2471 nous

275 2490 581 2573 prierons
623 2489 801 2558 Dieu
842 2512 1011 2558 vous
1051 2492 1408 2559 maintenir
1463 2512 1548 2557 611
1602 2512 1674 2558 66
1716 2492 1966 2558 saincte
2007 2488 2227 2575 garde.

277 2576 523 2643 Donne
565 2597 639 2644 66
679 2578 774 2664 xij
820 2577 902 2645 de
944 2577 1301 2646 novembre
1346 2580 1529 2646 1562.

1174 3088 1370 3160 3877.

437 3243 812 3312 PAULUS
855 3243 1342 3313 MINISTRIS
1384 3244 2084 3313 TURICENSIBUS.

460 3414 837 3483 Stancarum
876 3421 1046 3483 notat
1085 3422 1142 3483 et
1181 3417 1319 3483 illis
1360 3418 1797 3501 caatiyandum
1842 3418 2053 3498 tradit,
2097 3418 2235 3500 ipse

277 3507 489 3568 tamen
524 3522 645 3585 pro
675 3503 960 3586 paritate
1000 3503 1316 3569 doctrinae
1357 3522 1437 3569 ex
1469 3502 1647 3569 verbo
1681 3502 1812 3571 Dei
1851 3505 2235 3570 derivandae

277 3587 437 3654 adeo
489 3588 774 3674 ambiyue
829 3589 1105 3672 loquitur
1159 3593 1217 3654 et
1269 3587 1776 3656 scholasticorum
1805 3589 2053 3673 placita
2088 3610 2235 3673 per·

278 3673 585 3741 horrescit
621 3679 692 3740 ut
729 3674 919 3759 facile
957 3674 1311 3760 perspicias
1350 3674 1507 3757 quid
1552 3676 1622 3741 in
1674 3681 1870 3742 mente
1910 3674 2144 3742 habeat.
2180 3677 2232 3761 ¹)

277 3845 483 3914 (Exem
522 3846 608 3901 lar
664 3846 1036 3901 authenticum
1081 3861 1201 3900 cum
1250 3845 1647 3915 subscriptione
1680 3850 1807 3901 auto
1847 3847 2018 3914 rapha
2051 3851 2234 3902 exstat

281 3917 345 3968 in
379 3916 434 3968 A
534 3956 547 3969 .
585 3914 763 3970 Turio.
799 3916 944 3970 Plut.
980 3915 1086 3970 VI.
1113 3915 1224 3970 Vol
1271 3914 1374 3969 168
1433 3915 1563 3970 olim
1597 3915 1768 3969 Sorin.
1849 3955 1862 3969 .
1899 3917 1947 3970 Ε
2027 3957 2040 3970 .
2076 3916 2232 3972 Tom.

280 3981 356 4037 25
388 3982 481 4039 fol.
520 3982 652 4048 179;
686 3984 833 4039 aliud
866 4001 1030 4038 manu
1062 3983 1109 4041 1.
1144 3984 1267 4039 wol
1310 3956 1390 4039 hii
1422 3984 1684 4053 scriptum
1715 3984 1921 4038 ibidem
2006 3986 2075 4039 ol.
2113 3984 2231 4057 116,

435 4053 567 4107 olim
600 4054 743 4124 Epp.
780 4052 934 4110 Tom.
970 4054 1068 4112 IX.
1102 4053 1197 4110 fol.
1302 4054 1385 4108 01.
1423 4083 1490 4092 -
1527 4053 1736 4108 Simler.
1773 4053 1892 4109 Vol.
1931 4053 2076 4121 105.)

284 4223 689 4292 Clarissimis
733 4225 897 4290 viris
939 4224 1026 4291 D.
1069 4226 1271 4292 Petro
1314 4225 1619 4310 Martyri,
1662 4225 2046 4312 Heinrycho
2067 4225 2231 4293 Bul-

284 4308 559 4396 lingero,
628 4310 1043 4377 Bernardino
1082 4310 1358 4392 Ochino,
1416 4312 1737 4377 ministris
1780 4310 2035 4378 Christi
2076 4312 2233 4378 fide-

458 4397 632 4463 libus
676 4397 907 4481 'I'iguri
951 4397 1266 4463 fratribus
1309 4399 1379 4462 in
1423 4398 1708 4464 Domino
1752 4397 2059 4464 colendis.

460 4566 530 4634 S.
576 4569 650 4633 in
692 4570 995 4635 Domino.
1061 4570 1270 4635 Paulo
1307 4575 1460 4635 ante
1492 4575 1637 4634 tum
1672 4569 1931 4653 publico
1965 4570 2232 4636 nomine

283 4662 429 4719 tum
472 4654 733 4737 privato
776 4655 859 4720 ad
915 4677 1055 4734 vos,
1122 4656 1355 4722 fratres
1409 4656 1482 4719 in
1527 4657 1813 4720 Domino
1855 4654 2232 4736 venerandi,

282 4739 510 4806 literas
577 4739 903 4820 dederam,
969 4740 1207 4824 quibus
1273 4740 1352 4805 de
1396 4739 1794 4808 Stancarieis
1858 4743 2064 4808 turbis
2123 4742 2234 4807 hic

281 4827 483 4892 motis
540 4827 926 4910 significavi,
985 4828 1144 4910 quin
1191 4836 1258 4891 et
1297 4826 1593 4892 libellum
1640 4827 1938 4893 Stancari
1952 4831 2008 4905 ²)
2064 4828 2233 4908 misi,

281 4932 370 4978 ex
416 4933 545 4995 quo
596 4913 721 4996 ipsi
767 4912 1120 4979 diiudicare
1164 4914 1433 4995 potestis
1473 4933 1622 4978 eum
1667 4913 1835 4978 nihil
1877 4913 2055 4979 aliud
2100 4914 2233 4996 spi-

281 5018 435 5064 rare
480 5018 675 5081 quam
719 4997 1081 5065 Sabellium
1123 4996 1441 5064 Iudaeum
1486 4997 1565 5063 de
1623 4999 1917 5064 trinitate
1960 5009 2026 5064 et
2067 4999 2235 5067 Nes-

281 5085 529 5150 torium
586 5083 666 5149 de
709 5083 1082 5151 mediatore.
1163 5082 1473 5167 Plerique
1537 5092 1693 5151 sunt
1757 5085 1872 5170 6111
1936 5106 2089 5151 eum
2155 5084 2235 5152 de

277 5271 469 5330 3877.
491 5275 545 5340 1)
576 5273 646 5337 af.
686 5274 761 5328 N.
797 5272 958 5327 385⁷.

492 5341 554 5408 2)
586 5341 666 5400 Ν.
696 5342 849 5397 3848.
884 5340 1038 5398 3865.

1977 413 2141 480 1562
2182 411 2247 480 N
2249 411 2599 482 OVEMB.

4160 426 4293 490 582

2326 601 2629 668 trinitate
2670 623 2893 669 errare
2937 607 3072 669 non
3116 611 3499 688 agnoscunt,
3565 606 3723 689 quin
3766 627 3919 674 cum
3961 608 4078 675 illo
4125 629 4284 677 sen-

2326 687 2535 753 tiunt:
2603 688 2684 755 de
2749 689 3105 756 mediatore
3168 710 3323 758 vere
3386 689 3625 758 volunt
3688 690 3896 758 videri
3938 695 4281 764 nobiscum

2325 773 2432 857 pie
2475 775 2738 854 sentire,
2796 796 3025 841 verum
3078 774 3202 842 hoc
3240 797 3368 843 non
3427 774 3672 856 vident,
3732 777 4092 846 dementati
4135 783 4281 850 61116

2325 860 2715 943 praestigiis,
2760 868 2836 926 ut
2877 862 2991 944 qui
3029 881 3181 928 cum
3225 861 3339 927 illo
3382 882 3589 928 unum
3632 872 3826 946 caput
3869 866 4277 950 amplectun-

2324 954 2436 1010 tur
2499 946 2751 1029 reliqua
2813 967 3068 1030 quoque
3130 947 3507 1014 communia
3575 947 3817 1015 habere
3841 954 3902 1028 ⁸)
4002 952 4283 1019 Accedit

2327 1030 2499 1115 quod
2543 1051 2616 1096 se
2659 1038 2878 1099 vestro
2920 1033 3186 1099 nomine
3230 1042 3500 1099 tuentur
3543 1042 3611 1099 et
3635 1034 4013 1104 Stancamm
4054 1048 4279 1105 vestro

2324 1115 2527 1200 pallio
2570 1125 2812 1184 tectum
2857 1118 3268 1185 introducere
3311 1120 3716 1199 annituntur,
3761 1129 3954 1206 atque
3994 1124 4091 1189 ita
4132 1125 4277 1208 ple-

2327 1223 2564 1287 rosque
2626 1202 2960 1287 decipiunt
3022 1204 3315 1271 miseros.
3405 1205 3720 1272 Vestrum
3784 1228 3857 1272 er
3902 1230 3940 1274 6
4004 1210 4134 1275 erit
4197 1221 4279 1277 ut

2750 1289 2972 1374 procul
3018 1311 3059 1356 a
3100 1312 3171 1357 se
3184 1295 3243 1371 ⁴)
3281 1288 3639 1373 depellatis,
3683 1294 3825 1359 61116
3902 1294 4275 1363 6561116616-

2329 1395 2515 1440 mum
2561 1374 2897 1461 detegatis,
2941 1383 3011 1441 et
3049 1397 3160 1442 eos
3202 1376 3317 1460 qui
3360 1396 3480 1442 vos
3527 1378 3731 1444 veluti
3772 1399 4076 1464 auroram
4119 1402 4275 1466 pro-

2333 1459 2645 1526 deuntem
2687 1462 3033 1527 intuentur
3073 1461 3449 1540 sublevetis,
3494 1485 3579 1528 66
3621 1464 3696 1529 in
3732 1465 3873 1532 eius
3914 1486 4129 1534 666666
4172 1468 4277 1538 in-

2331 1543 2552 1612 cidant
2595 1555 2664 1612 et
2725 1546 3183 1631 illaqueantur.
3205 1552 3241 1588 ¹*
3327 1547 3614 1630 Quidam
3670 1551 3870 1616 etiam
3914 1573 3984 1618 se
4046 1560 4281 1621 contra

2331 1651 2455 1697 nos
2497 1632 2618 1699 sub
2663 1642 2880 1699 vestro
2921 1634 3190 1700 nomine
3235 1642 3513 1712 armant,
3580 1642 3656 1700 ut
3696 1637 4085 1720 sanguinem
4127 1660 4283 1705 nos-

2332 1724 2512 1783 trum
2555 1717 2864 1785 fundant:
2930 1727 3227 1786 vestrum
3271 1721 3555 1797 omnino,
3619 1733 3935 1804 quantum
3979 1725 4050 1789 in
4093 1726 4288 1792 vobis

2332 1811 2455 1883 est,
2518 1803 2680 1870 11666
2733 1804 2979 1882 sedare,
3044 1812 3113 1870 et
3171 1806 3433 1889 quidem
3490 1827 3782 1891 propere,
3849 1829 3932 1874 ne
3971 1811 4059 1875 sit
4096 1830 4288 1878 mora

2331 1889 2560 1956 multis
2635 1891 2825 1956 bonis
2900 1891 3154 1975 piisque
3218 1891 3435 1957 noxia.
3547 1892 3699 1959 Non
3777 1893 3921 1960 dico
3985 1902 4064 1960 ut
4139 1897 4284 1963 sine

2333 1975 2506 2041 11666
2563 1976 3030 2042 deliberatione
3086 1977 3570 2060 respondeatur,
3636 1978 3751 2045 sed
3807 1999 3893 2044 ne
3947 1979 4105 2063 quid
4161 2003 4285 2049 vos

2333 2062 2616 2127 retineat
2669 2061 2845 2129 ullus
2910 2071 3240 2146 respectus
3304 2063 3664 2144 hominum,
3721 2064 3827 2131 vel
3891 2064 4118 2150 gloria,
4176 2067 4285 2135 vel

2335 2146 2582 2230 aliquid
2622 2148 2773 2227 tale,
2838 2147 3013 2232 quod
3053 2170 3172 2215 nos
3216 2168 3407 2232 saepe
3451 2170 3491 2215 a
3544 2149 3712 2216 bono
3755 2162 4055 2218 avertere
4096 2153 4285 2221 solet.

2334 2232 2489 2300 Scio
2537 2253 2578 2298 a
2631 2234 2960 2317 plerisque
3003 2242 3293 2300 erratum
3333 2255 3476 2301 esse
3517 2234 3592 2299 in
3633 2235 4065 2319 explicatione
4107 2238 4285 2306 loco-

2334 2340 2481 2384 rum
2529 2319 2888 2385 multorum
2933 2320 3292 2404 scripturae
3335 2341 3495 2404 quos
3551 2342 3669 2404 pro
3713 2343 3783 2387 se
3825 2323 3937 2389 isti
3984 2322 4285 2391 Stancari

2335 2404 2636 2489 discipuli
2701 2406 2988 2472 trahunt.
3074 2405 3210 2472 Sed
3265 2427 3388 2472 nos
3444 2407 3933 2474 meminerimus
3976 2430 4119 2476 esse
4162 2409 4289 2476 ho·

2330 2492 2561 2572 mines,
2623 2491 2796 2556 solos
2859 2492 3234 2577 prophetas,
3304 2491 3666 2571 Christum,
3733 2494 4078 2578 apostolos,
4137 2497 4287 2562 sine

2335 2578 2518 2643 omni
2560 2578 2940 2661 exceptione
2982 2576 3327 2645 coelestem
3364 2588 3434 2644 et
3465 2579 3881 2646 verissimam
3916 2580 4287 2648 doctrinam

2335 2660 2597 2742 1165616,
2655 2662 2817 2730 61166
2867 2683 3088 2730 611616
3140 2684 3329 2748 posse
3383 2663 3496 2747 qui
3539 2666 3620 2731 ab
3676 2665 3802 2731 hoc
3859 2667 4285 2734 fundamento

2334 2749 2667 2815 recedunt.
2755 2747 2993 2831 Quare*
3035 2750 3235 2815 etiam
3295 2757 3652 2817 retractare
3708 2772 3844 2817 non
3892 2753 4115 2836 pigeat
4157 2774 4287 2820 nec

2334 2835 2581 2918 pudeat
2601 2883 2618 2916 ,
2685 2835 2739 2900 si
2818 2833 2976 2918 quid
3049 2843 3339 2901 erratum
3409 2844 3528 2902 est.
3650 2836 3875 2903 Pluris
3944 2839 4032 2903 sit
4096 2837 4289 2905 nobis

2335 2920 2585 2987 veritas
2629 2921 2754 2986 Dei
2798 2932 2867 2985 et
2908 2920 3119 3004 gloria
3159 2940 3355 3004 quam
3400 2931 3626 2988 nostra
3666 2923 3859 3002 fama,
3917 2944 4084 3007 quae
4124 2945 4289 3007 quo-

2379 3027 2462 3072 ue
2505 3005 2690 3073 nulla
2731 3015 2850 3085 est,
2895 3007 3006 3073 ubi
3049 3007 3232 3072 Deus
3275 3028 3469 3073 suum
3523 3008 3841 3074 honorem
3882 3030 4018 3074 666
4061 3009 4287 3076 habet.

2336 3027 2531 3173 &uod
2573 3093 2629 3157 si
2673 3092 2871 3158 etiam
2907 3091 3156 3175 aliquos
3190 3092 3464 3177 pudebit
3496 3101 3852 3161 retractare
3886 3116 4026 3174 sua,
4070 3116 4289 3179 neque

2337 3177 2637 3244 homines
2680 3177 2951 3263 agnosci
2992 3177 3221 3257 velint,
3285 3199 3415 3245 non
3462 3177 3760 3245 dubitent
3815 3186 4288 3248 retractaturos

2289 3277 2297 3284 “
2338 3284 2484 3330 6666
2543 3264 2717 3342 61166,
2784 3261 3334 3346 quemadmodum
3387 3285 3507 3331 666
3560 3286 3812 3350 61166116
3865 3266 4293 3335 scholastico·

2335 3370 2487 3415 rum
2528 3370 2739 3434 nugas
2781 3347 3057 3433 pedibus
3102 3349 3626 3418 conculcavimus
3669 3359 3734 3417 et
3775 3358 4039 3436 patrum
4075 3353 4288 3419 multa

2337 3434 2570 3502 deliria
2609 3435 2978 3514 abiecimus,
3043 3456 3197 3502 cum
3238 3456 3465 3503 eorum
3505 3436 3745 3503 rubore
3786 3440 4289 3505 transsubstan-

2337 3522 2645 3589 tiationes
2687 3541 2835 3588 cum
2880 3521 3025 3587 aliis
3067 3522 3452 3589 commentis
3473 3522 3556 3587 ad
3590 3523 3833 3590 inferos
3867 3523 4286 3591 detrusimus.

2335 3608 2483 3675 Hoc
2525 3615 2724 3692 agent
2765 3615 2941 3673 certe
2984 3613 3052 3673 et
3094 3606 3211 3673 alii
3253 3609 3321 3673 in
3357 3608 3603 3676 nostris
3637 3609 3915 3693 scriptis,
3960 3630 4127 3693 61166
4160 3631 4284 3676 666

2334 3712 2470 3760 666
2536 3695 3052 3777 expunxerimus
3118 3694 3225 3760 vel
3288 3695 3753 3762 notaverimus.
3857 3694 4038 3761 Sunt
4101 3703 4283 3763 certe

2333 3780 2544 3845 multa
2610 3780 2684 3844 in
2744 3778 3018 3845 articulo
3076 3777 3157 3845 de
3221 3780 3518 3846 trinitate
3570 3800 3735 3864 quae
3778 3802 3819 3846 a
3859 3781 4170 3865 sophistis
4214 3791 4285 3849 et

2334 3865 2741 3932 scholasticis
2783 3872 3046 3948 recepta
3088 3864 3467 3932 detinentur
3512 3874 3576 3932 et
3611 3865 4069 3933 defenduntur.
4146 3868 4283 3934 Mi-

2333 3971 2445 4016 ror
2486 3950 2674 4018 nobis
2718 3971 2854 4016 non
2897 3951 3194 4018 sufficere
3228 3952 3501 4018 verbum
3520 3952 3650 4017 Dei
3684 3953 3754 4017 in
3789 3953 4066 4019 articulo
4100 3953 4287 4020 vitae

2333 4045 2657 4116 aeternae,
2704 4057 2904 4120 quum.
2959 4037 3032 4101 in
3086 4037 3390 4103 omnibus
3449 4037 3592 4102 aliis
3645 4038 3933 4104 articulis
3977 4039 4281 4116 sufficiat,

2332 4122 2534 4188 verbo
2580 4122 2708 4188 Dei
2750 4122 2968 4189 solos*
3010 4143 3129 4189 nos
3186 4129 3521 4189 contentos
3586 4121 3878 4204 dicimus,
3943 4125 4166 4191 omnia
4207 4127 4284 4191 in

2331 4208 2446 4274 illo
2509 4229 2668 4289 esse,
2734 4208 2917 4274 nullo
2979 4229 3100 4275 nos
3161 4208 3290 4274 alio
3345 4209 3657 4293 indigere.
3745 4209 4010 4274 Interea
4061 4212 4282 4278 nescio

2334 4293 2492 4379 quid
2535 4316 2667 4362 non
2711 4295 3063 4378 arripimus
3108 4316 3192 4359 ex
3248 4294 3783 4362 scholasticorum
3827 4294 4139 4377 doctrina,
4204 4306 4287 4361 ut

2333 4380 2547 4447 lucem
2604 4381 3082 4464 apertissimam
3135 4381 3320 4447 verbi
3359 4382 3489 4447 Dei
3544 4380 4059 4447 obtenebremus.
4148 4382 4284 4448 Hic

2332 4467 2556 4533 Deum
2600 4466 3036 4533 essentialiter
3080 4468 3303 4550 accipi,
3345 4466 3452 4531 hic
3491 4466 3943 4550 personaliter,
3988 4477 4056 4532 et
4096 4469 4280 4534 simi-

2332 4553 2442 4619 lia.
2531 4555 2766 4618 Annon
2839 4573 3010 4618 unus
3075 4553 3261 4619 Deus
3314 4561 3415 4618 est
3478 4552 3683 4632 nobis,
3757 4560 3944 4634 pater
4008 4552 4283 4620 Domini

2334 4640 2545 4705 nostri
2581 4638 2738 4704 Iesu
2780 4637 3080 4705 Christi?
3169 4641 3414 4704 Annon
3472 4659 3645 4704 unus
3701 4638 3878 4705 filius
3932 4640 4078 4718 Dei,
4133 4641 4175 4707 i.
4221 4662 4277 4707 e.

2334 4724 2512 4790 Deus
2554 4745 2753 4790 verus
2819 4745 2901 4789 ex
2946 4727 3087 4790 Deo
3145 4745 3319 4806 vcro,
3375 4731 3450 4789 ut
3513 4725 3708 4789 etiam
3775 4725 3951 4791 filius
3993 4726 4282 4792 hominis

2332 4812 2377 4876 i.
2423 4831 2477 4875 6.
2538 4831 2736 4878 verus
2791 4810 2985 4876 homo
3044 4833 3129 4876 ex
3194 4810 3459 4875 homine
3514 4811 3712 4876 vero?
3801 4813 4046 4876 Annon
4105 4833 4278 4877 unus

2334 4897 2602 5045 spiritu?
2644 4905 2925 4973 sanctus,
2986 4897 3101 4979 qui
3142 4896 3481 4979 utriusque
3523 4897 3793 4979 spiritus
3838 4905 3939 4963 est
3983 4906 4051 4962 et
4091 4898 4281 4963 Deus

2333 5004 2532 5047 verus
2626 5018 2707 5028 ——
2751 5019 2833 5029 -
2878 5018 2963 5028 —-
3013 5020 3085 5029 —

2544 5204 2605 5271 3)
2642 5206 2723 5260 sic
2756 5211 2875 5259 uter
3012 5203 3192 5259 codex.
3218 5203 3478 5259 Simlerus
3511 5205 3785 5260 emendat.-
3821 5203 4071 5257 habeant.
4105 5201 4287 5257 Male.

2341 5273 2525 5330 Error
2556 5276 2620 5328 in
2649 5275 2831 5341 partic
2889 5290 2953 5328 a:
2986 5279 3049 5327 ut
3080 5279 3174 5328 est.

2546 5341 2606 5412 4)
2638 5345 2721 5401 ita
2752 5343 2931 5399 iidem.
3005 5341 3266 5399 Simlerue
3299 5358 3365 5398 ex
3399 5343 3541 5412 conj.
3578 5340 3871 5476 16516.37*
