4850 6117
195 452 300 516 669

1054 637 1247 709 3916.

583 792 1246 862 BULLINGERUS
1290 790 1722 860 CALVINO.

349 964 553 1033 Mittit
584 970 1008 1050 responsiones
1041 971 1250 1034 eontra
1276 965 1652 1032 §lanearum
1684 968 1743 1030 el
1762 962 2120 1030 Brentiam.

208 1051 343 1118 Vota
382 1052 543 1135 facit
574 1074 700 1137 pro
740 1053 944 1119 salute
973 1055 1235 1135 piorum
1282 1052 1628 1119 Gallorum,

193 1224 289 1290 (Ex
324 1223 667 1295 autographo
700 1223 869 1279 Arch.
913 1223 1091 1278 Turio.
1139 1222 1283 1277 Plut.
1334 1223 1426 1278 VI.
1473 1223 1595 1278 Vol.
1633 1220 1751 1288 129,
1784 1222 1915 1276 olim
1952 1221 2123 1277 Scrin.

382 1294 447 1346 B.
485 1293 634 1363 Epp.
680 1293 831 1348 Tom.
867 1291 951 1359 30,
985 1292 1079 1346 fol.
1114 1290 1235 1345 453.
1273 1319 1336 1329 —
1372 1291 1586 1347 Simler.
1622 1289 1741 1346 Vol.
1780 1289 1922 1358 106.)

348 1463 734 1531 Clarissimo
795 1465 938 1532 viro
979 1465 1066 1529 D.
1110 1463 1346 1530 Ioanni
1391 1463 1672 1529 Calvino
1716 1463 2125 1530 Genevensis

197 1547 485 1615 ecelesiae
530 1550 780 1635 pastori
822 1549 1202 1616 fidelissimo
1247 1548 1512 1614 domino
1529 1625 1534 1630 ¹
1554 1569 1703 1615 meo
1745 1547 2125 1615 honorando

197 1645 252 1699 et
290 1635 475 1700 fratri
520 1637 874 1703 carissimo,
1385 1659 1390 1662 ·
1735 1720 1953 1787 Genff·

349 1890 421 1958 S.
470 1893 559 1959 D.
642 1891 977 1960 Submitto
1043 1916 1221 1960 nunc
1284 1892 1773 1976 responsionem
1830 1892 2033 1957 soceri
2071 1893 2123 1974 ¹)

196 1979 311 2043 mei
365 1976 449 2044 ad
506 1979 751 2045 librum
792 1979 1102 2058 Stancari,
1165 2001 1380 2046 meam
1438 1999 1691 2064 quoque
1747 1976 1831 2042 ad
1884 1977 2124 2043 librum

197 2063 446 2143 Brona,
484 2063 570 2130 de
592 2066 827 2148 quibus
863 2068 931 2131 in
966 2067 1174 2132 literis
1195 2067 1362 2133 meis
1379 2064 1705 2149 prioribus
1726 2064 2123 2129 mentionem

195 2151 318 2216 feci.
388 2151 593 2216 Mitto
650 2150 817 2231 illas,
875 2174 1009 2216 non
1068 2152 1238 2235 quod
1298 2152 1668 2218 existimem
1725 2149 1830 2215 his
1884 2149 2123 2214 nostris

195 2245 252 2299 te
290 2234 606 2321 indigere,
651 2236 765 2303 sed
801 2246 876 2302 ut
909 2238 1112 2303 animi
1146 2239 1277 2303 mei
1311 2259 1470 2322 erga
1501 2246 1567 2303 te
1600 2234 2123 2303 benevolentiam

196 2319 500 2388 declarem
546 2333 900 2407 utcunque,
950 2323 1227 2408 denique
1269 2332 1344 2390 ut
1383 2343 1504 2408 per
1546 2330 1613 2387 te
1656 2321 2126 2390 admoneamur

195 2405 483 2486 fraterne,
543 2408 751 2475 sicubi
806 2409 1146 2476 videamur
1201 2409 1622 2476 exorbitasse.
1693 2406 1916 2489 Quam
1968 2427 2125 2474 vero

196 2491 485 2560 sollicitos
535 2516 656 2560 nos
711 2503 894 2561 tenet
936 2495 1242 2561 Aurelia!
1317 2496 1641 2562 Dominus
1682 2501 1983 2577 protegat
2023 2493 2124 2575 ip-

195 2597 336 2643 sam.
414 2580 630 2647 Vicini
683 2582 895 2647 nostri
953 2582 1256 2666 papistici
1313 2580 1607 2647 Helvetii
1669 2587 1988 2663 apparant
2050 2597 2123 2643 se

195 2663 265 2727 ad
321 2665 657 2744 militiam,
721 2668 960 2733 iterum
1027 2670 1098 2732 in
1163 2667 1455 2734 Galliam
1519 2664 1890 2750 profecturi.
1972 2663 2120 2748 Ego

195 2746 536 2817 Dominum
603 2774 716 2819 oro
782 2755 1138 2836 prophetae
1202 2752 1448 2821 verbis:
1516 2752 1784 2834 Dissipa
1836 2749 2122 2815 Domine

197 2844 440 2916 gentem
474 2859 645 2922 quae
681 2839 852 2906 bella
884 2840 1031 2905 vult
1072 2849 1139 2904 et
1180 2860 1264 2905 ne
1307 2837 1656 2904 tradideris
1694 2837 1939 2902 bestiae
1981 2836 2122 2901 ani-

197 2939 353 2986 mam
396 2926 681 2990 turturis
722 2933 894 2991 tuae.
974 2923 1244 3008 Optime
1290 2924 1452 3005 vale,
1495 2926 1699 2990 frater
1741 2923 1811 2987 in
1853 2920 2123 2988 Ohristo

198 3007 529 3077 carissime.
603 3008 853 3078 Omnes
886 3011 1097 3077 nostri
1132 3019 1199 3075 te
1233 3011 1626 3077 amicissime
1669 3008 1977 3086 salutant,
2020 3008 2123 3072 in·

196 3092 403 3172 primis
444 3097 568 3161 filii
606 3098 757 3174 mei,
802 3098 1049 3181 generi,
1094 3097 1327 3163 affines
1362 3107 1429 3161 et
1469 3097 1722 3161 fratres.
1793 3092 2124 3159 Dominus

199 3190 395 3246 servet
447 3190 515 3247 te
573 3182 762 3250 nobis
819 3183 932 3249 diu
985 3183 1400 3248 incolumem.
1471 3181 1659 3249 Salvi
1712 3182 1846 3247 sint
1885 3180 2124 3246 fratres

198 3266 386 3412 {qgstri
426 3268 733 3369 inprimis
777 3268 1177 3347 Ionvillaeus,
1234 3270 1342 3336 cui
1395 3266 1603 3352 pridie
1656 3267 1964 3351 pecunias
2005 3286 2123 3349 pro

221 3368 241 3410 1
279 3371 364 3417 118
406 3375 578 3420 10101.

353 3438 587 3524 Tiguri
637 3443 733 3506 13.
779 3440 1008 3507 Martii
1059 3444 1239 3506 1063.

1308 3577 1737 3662 Bullingerus
1780 3583 1950 3643 tuus.

1056 4123 1248 4194 3917.

497 4276 1141 4346 IONVILLAEUS
1185 4277 1817 4347 BULLINGERO.

358 4448 663 4531 Affirmat
717 4449 842 4515 sibi
893 4450 1060 4516 nihil
1111 4452 1448 4517 iucundius
1503 4471 1632 4516 esse
1672 4472 1864 4535 quam
1906 4452 2126 4520 literas

207 4522 440 4683 gfflni
472 4538 549 4603 de
580 4536 765 4603 rebus
789 4535 1060 4603 Gallicis
1092 4537 1360 4604 dictatas
1393 4538 1670 4620 excipere
1710 4539 1884 4621 eique
1916 4544 2124 4605 trans—

387 4642 434 4686 e.

212 4780 307 4847 (Ex
353 4793 682 4919 autogrampho
725 4794 886 4849 Arch.
935 4793 1111 4848 Turio.
1159 4793 1302 4849 Plut.
1339 4794 1437 4849 VI.
1488 4795 1611 4850 Vol.
1651 4793 1750 4849 166
1812 4796 1939 4850 011111
1982 4795 2125 4865 Epp.

584 4881 690 4920 om.
724 4861 809 4931 24,
843 4863 936 4920 fol.
968 4861 1087 4918 2⁴27.
1133 4890 1189 4901 -
1226 4863 1435 4918 Simler.
1474 4862 1591 4919 Vol.
1630 4836 1778 4933 1065

265 5110 278 5124 ⁶
360 5031 733 5103 Clarissimo
775 5037 920 5102 viro
955 5034 1039 5100 D.
1064 5034 1356 5102 Henrico
1388 5035 1773 5121 Bullingero
1817 5035 2124 5101 ecclesiae

363 5121 537 5187 rinae
580 5121 712 5187 fido
760 5122 1025 5206 pastori,
1085 5120 1249 5185 mihi
1295 5122 1651 5205 plurimum
1696 5120 2120 5188 observando.

216 5363 443 5445 88101)
472 5378 609 5449 leae:
640 5380 826 5449 generi
863 5386 913 5435 et
946 5381 1017 5444 ef.
1055 5379 1132 5434 N.
1168 5377 1307 5433 3913
1351 5385 1463 5434 not.
1499 5379 1548 5432 7.

1940 453 2099 517 1563
2145 449 2426 516 MART.

2225 757 2310 769 —
2343 724 2429 788 D.
2459 721 2760 791 Calvinus
2793 723 3143 810 diligenter
3176 728 3397 791 omnia
3438 726 3559 792 11111
3597 727 3955 810 perscribit,
4000 748 4168 812 quae

2224 830 2345 893 pro
2397 812 2592 875 certis
2633 810 2978 878 habentur.
3073 816 3286 897 Atque
3328 833 3589 897 possum
3638 814 3760 879 hoc
3814 813 4165 893 affirmare,

2224 895 2479 960 nullam
2523 898 2927 963 occasionem
2970 899 3052 964 ab
3105 920 3182 964 eo
3225 900 3656 982 praetermitti
3699 900 3859 982 quin
3906 899 4165 965 scribat.

2224 980 2458 1047 Unum
2499 981 2686 1047 nobis
2729 983 3074 1049 molestum
3119 991 3242 1063 est,
3298 984 3473 1068 quod
3524 1006 3656 1051 non
3716 1005 3974 1069 semper
4031 985 4168 1051 sint

2223 1066 2413 1132 nobis
2456 1065 2541 1132 ad
2561 1088 2830 1133 manum
2874 1070 2986 1153 qui
3027 1070 3194 1136 istuc
3238 1072 3748 1155 proficiscantur.
3811 1070 3946 1137 Sed
3990 1079 4168 1137 certo

2227 1151 2394 1217 scias
2437 1153 2606 1217 nihil
2647 1174 2790 1220 0080
2832 1154 2993 1220 1111111
3038 1156 3384 1222 iucundius
3420 1178 3615 1239 quam
3659 1157 3883 1223 literas
3919 1158 3999 1222 D.
4028 1155 4168 1224 Gal-

2224 1238 2361 1303 vini
2403 1237 2486 1303 ad
2529 1248 2596 1304 te
2639 1242 2957 1323 excipere,
3013 1251 3081 1305 et
3136 1243 3345 1307 sentio
3400 1244 3597 1308 etiam
3642 1250 3956 1326 quantum
4014 1242 4167 1308 inde

2226 1322 2478 1389 fructus
2520 1326 2874 1408 percipiam
2917 1348 3114 1410 quum
3161 1327 3354 1393 video
3401 1350 3505 1395 res
3560 1339 3779 1413 gestas
3832 1329 3901 1394 in
3947 1327 4168 1395 Gallia

2227 1415 2365 1474 tam
2408 1411 2725 1477 concinne
2767 1412 3090 1478 conscribi
3132 1422 3209 1477 ut
3250 1415 3511 1498 saepius
3555 1413 3985 1481 admiratione
4026 1435 4166 1481 cor-

2223 1496 2429 1578 ripiar
2481 1496 2640 1562 dum
2678 1498 2930 1581 excipio
2973 1519 3140 1581 quae
3192 1498 3515 1565 foecunda
3572 1520 3691 1567 808
3732 1500 4054 1567 brevitate
4096 1509 4166 1567 et

2226 1581 2593 1664 eloquentia
2647 1583 2969 1667 singulari
3032 1585 3501 1668 complectitur.
3568 1622 4165 1636 —————

2224 1664 2535 1733 Budaeus
2574 1669 2777 1734 frater
2818 1679 2885 1735 te
2929 1669 3170 1735 salutat
3215 1680 3609 1738 reverenter.

2397 1753 2713 1821 Genevae
2756 1760 2850 1819 15.
2888 1756 3118 1820 Martii
3166 1762 3346 1821 1563.

2838 1891 2987 1957 Car.
3033 1891 3434 1960 Ionvillaeus
3477 1894 3575 1959 tui
3618 1893 4076 1962 observantias.

3007 2188 3407 2195 ———-————-—.

3089 2438 3285 2509 3918.

2771 2608 3243 2678 ΒΤΠΒΜῙΠΒ
3283 2609 3607 2678 ΖΑΝΟΟ.

2227 2779 3142 2947 ωνπῌὲεεέιῗωόεοήρύίοηω
3177 2781 3517 2850 For-malae
3547 2783 3904 2850 concordiae
3924 2783 4165 2869 Aryen-

2226 3039 2339 3107 (Ex
2372 3037 2713 3108 autographo
2746 3037 2967 3094 Archiv.
3005 3039 3291 3162 Τῗῆωεὲιὲὸ
3299 3040 3527 3175 ΐ18001.
3565 3070 3629 3080 --
3664 3041 3918 3109 Robricb,
3952 3042 4071 3097 Res.
4096 3040 4163 3096 G.

2395 3277 2545 3344 Non
2591 3287 2655 3344 te
2697 3277 2933 3362 pudet!
3004 3278 3194 3346 Duos
3235 3300 3343 3345 me
3384 3301 3591 3346 annos
3631 3282 3705 3345 in
3748 3290 3962 3347 tantos
4010 3301 4166 3348 con-

2225 3363 2431 3432 iecisti
2491 3364 2744 3431 labores
2797 3373 2865 3431 et
2920 3364 3408 3445 sollicitudines,
3468 3375 3537 3431 et
3588 3375 4007 3451 posteaquam
4053 3367 4167 3433 ob·

2224 3657 2482 3726 8918.1)
2521 3657 2741 3725 Scripta
2776 3661 2855 3711 est
2897 3655 3032 3713 11000
3075 3656 3306 3725 epistola
3347 3656 3532 3724 pridie
3577 3659 3696 3711 eius
3739 3656 3990 3727 dieique
4030 3656 4167 3713 Gon·

2224 3728 2450 3784 cordiae
2479 3727 2750 3793 formulae
2795 3742 2834 3781 a
2880 3726 2997 3781 Iac.
3032 3725 3293 3781 Andreae
3323 3726 3541 3781 nomine
3573 3726 3784 3795 001109ίὲ
3812 3727 4170 3782 mediatorum

2224 3810 2288 3855 eo
2431 3798 2441 3809 ‘
2479 3801 2565 3850 tae
2597 3810 2782 3851 eoram
2826 3800 3019 3849 senatu
3061 3810 3243 3850 ornnes
3281 3801 3473 3863 partes
3514 3796 3848 3850 800801·ιοαο
3891 3796 4166 3851 debebant.

2236 3863 2397 3934 Quod
2455 3869 2635 3919 aetam
2670 3871 2752 3918 est
2784 3862 2837 3918 d.
2873 3861 2956 3916 18.
3004 3862 3225 3919 Martii.
3306 3862 3581 3918 Stamina
3625 3862 3972 3919 concordiam
4016 3865 4170 3919 illan·

2225 3949 2266 3989 0
2373 3933 2570 3989 ababa
2603 3936 2656 3987 et
2687 3946 2749 3988 eo
2781 3933 2959 4003 nayis
3005 3932 3446 4001 subscriptionem
3487 3933 3715 3999 araebat
3757 3932 3906 4002 qaod
3938 3931 4170 4002 Poppae

2329 4003 2673 4071 scriptionem
2707 4017 2766 4056 80
2795 4007 3174 4056 recusatam
3208 4000 3440 4056 diverat.
3512 4000 3625 4055 Per
3669 4000 3812 4056 daos
3850 4016 4030 4057 annos
4069 4002 4169 4057 illa

2227 4073 2598 4129 eona-oversia
2630 4070 2907 4125 eeclesiae·
2930 4069 3016 4124 Ar
3176 4076 3439 4125 ratenus
3460 4071 3778 4125 &orbaverat
3792 4070 3923 4125 inde
3946 4086 3985 4125 0
4005 4069 4164 4125 Febr.

2230 4141 2362 4196 1561
2400 4141 2471 4207 ef.
2512 4141 2586 4195 N.
2622 4139 2777 4194 3391.
2811 4137 2963 4193 3404.
3141 4179 3154 4191 .
3191 4138 3382 4193 Adeas
3414 4140 3576 4193 etiam
3606 4138 3820 4194 Zanelue'
3850 4138 3993 4209 opp.
4020 4138 4166 4194 Vm.

2228 4209 2348 4265 132.
2389 4238 2456 4249 —
2498 4208 2757 4265 20801108
2809 4208 3054 4263 Starmio
3109 4207 3371 4263 suadente
3421 4207 3743 4277 subscripsit
3795 4207 3893 4263 sed
3941 4208 4166 4263 invem,

2231 4280 2404 4335 Ouiae
2457 4279 2544 4333 rei
2591 4284 2771 4333 1081001
2820 4276 3077 4332 habmus
3127 4279 3309 4344 ipsum
3366 4274 3487 4333 100.
3538 4276 3798 4332 Andreae
3847 4277 3911 4331 in
3963 4276 4165 4332 libello.-

2224 4349 2435 4402 Kurtze
2487 4351 2745 4401 Antwort
2788 4346 2852 4400 D.
2896 4346 3005 4400 Iac.
3062 4346 3278 4400 Andree
3322 4344 3437 4399 auff
3485 4344 3665 4399 Herrn
3715 4344 3885 4399 1011811
3942 4345 4167 4399 Sturmii

2225 4416 2372 4471 Buch
2406 4415 2751 4485 Antipappus
2787 4421 3012 4484 quartus
3046 4416 3180 4471 ch.
3216 4412 3369 4470 1581.
3412 4430 3469 4482 p.
3515 4412 3586 4467 23
3617 4414 3716 4469 ubi
3747 4413 3909 4469 dicit.-
3955 4414 4169 4468 meiner

2224 4486 2329 4539 wie
2363 4484 2501 4538 80011
2545 4484 2775 4538 anderen·
2821 4485 3026 4538 meiner
3060 4483 3365 4537 Mitbrflder
3410 4483 3594 4536 dienst
3637 4483 3713 4536 ist
3752 4483 3839 4536 dir
3882 4483 4034 4536 nicht
4077 4500 4166 4536 00-

2220 4554 2394 4607 wider
2469 4569 2705 4615 ewesen,
2739 4553 2846 4606 den
2883 4553 2970 4606 ich
2992 4553 3264 4622 unwirdig
3299 4569 3348 4608 a.
3372 4550 3444 4605 63
3470 4569 3538 4605 zu
3556 4551 3880 4621 Strasabnrg
3910 4552 4169 4621 geleistet

2222 4622 2427 4676 dadurc
2500 4621 2590 4675 die
2634 4621 2884 4689 zwispalt
2923 4622 3194 4675 zwischen
3239 4620 3364 4674 dem
3409 4627 3642 4689 gantzen
3690 4621 3998 4675 Ministerio
4045 4638 4168 4675 ver-

2220 4690 2454 4760 glichen,
2488 4691 2570 4744 818
2604 4690 2704 4744 der
2735 4690 2908 4744 vnseli
2979 4691 3106 4744 Man
3143 4690 3207 4743 D.
3243 4688 3491 4743 zanchas
3526 4690 3615 4743 die
3648 4689 3922 4771 vergleich
4067 4707 4165 4744 80-

2219 4775 2487 4829 genomen
2521 4760 2602 4813 als
2636 4760 2765 4813 bald
2800 4758 2874 4812 da
2944 4776 2979 4811 0
3007 4760 3103 4829 jue
3136 4763 3298 4812 vnter
3343 4759 3448 4811 den
3485 4774 3672 4812 armen
3705 4775 3811 4812 wie
3844 4759 3966 4813 eine
4042 4763 4167 4812 rant

2221 4845 2344 4882 zum
2362 4828 2524 4881 'I'isch
2558 4828 2792 4882 ffihrtest
2824 4831 2932 4881 vnd
2970 4830 3153 4884 hatest
3184 4828 3313 4881 dasz
3349 4843 3411 4881 er
3444 4829 3554 4881 solt
3586 4827 4046 4895 vnterschreiben,
4079 4828 4166 4881 dis

2221 4897 2489 4950 stiicklein
2547 4898 2820 4951 bewiesen
2886 4897 3032 4951 vnnd
3083 4897 3185 4950 mit
3234 4896 3659 4966 nachfolgenden
3716 4904 3929 4951 werten
3979 4903 4166 4950 1711101-

2220 4965 2530 5020 sehrieben:
2583 4965 2740 5020 Hanc
2781 4965 3172 5020 confessionem
3223 4973 3286 5020 at
3330 4966 3476 5035 piam
3521 4965 3700 5020 indico
3744 4968 3829 5021 ita
3873 4983 3992 5020 eun
4037 4965 4165 5019 sub-

2221 5035 2416 5089 scribo.
2488 5034 2601 5088 Das
2642 5035 2717 5088 ist
2760 5051 2823 5089 00
2868 5035 2976 5089 viel
3020 5036 3102 5089 818
3143 5034 3321 5088 11101118
3356 5036 3455 5088 wie
3503 5050 3565 5088 er
3609 5034 3845 5090 bernach
3889 5034 4162 5088 bewiesen

2220 5103 2331 5157 hat.
2405 5102 2683 5159 Postridie
2714 5105 3129 5173 achaeo-imonis
3162 5106 3200 5157 i.
3234 5118 3280 5158 e.
3320 5101 3400 5157 19.
3440 5102 3915 5159 Mar-tisamenus
3945 5104 4009 5156 in
4032 5101 4163 5156 Hel-

2221 5173 2419 5226 0011·οω
2463 5186 2521 5227 80
2563 5172 2791 5227 consuit
2830 5173 2994 5227 venia
3044 5189 3083 5227 a
3128 5170 3373 5227 Sturmio
3417 5174 3709 5241 inpetrata
3751 5171 3842 5240 (N.
3883 5168 4068 5236 3936),
4112 5177 4163 5224 et

2223 5241 2483 5296 1100108118
2531 5245 2715 5297 ninas
2778 5249 3034 5300 accurate
3092 5240 3428 5297 Schmidtius
3531 5283 3542 5294 .
3593 5239 3697 5294 669
3745 5241 3779 5294 l.
3837 5240 3873 5294 1.
3920 5239 4166 5309 perlubet

2227 5309 2528 5434 &amum
2562 5312 2630 5367 de
2663 5311 2885 5366 Zaneho
2917 5314 3164 5381 questam
3198 5326 3314 5365 esse
3347 5258 3527 5380 quos
3537 5313 3659 5377 ipso
3705 5308 4005 5363 1880110010
4049 5308 4160 5363 ἄϊε·

2220 5394 2338 5436 cess
2444 5420 2455 5433 .
