4850 6117
646 410 776 472 419

649 600 724 659 et
784 592 1000 677 priore
1062 613 1226 659 nous
1290 592 1355 659 le
1419 592 1642 676 prious
1704 590 1883 658 aussi
1947 589 2083 675 quil
2147 611 2315 657 vous
2378 591 2595 658 donne

647 679 868 747 bonne
911 686 979 745 et
1019 677 1255 764 longue
1297 678 1421 745 vie.
1492 676 1600 744 De
1643 676 1743 744 St.
1787 678 1890 744 Lo
1933 698 2004 745 ce
2046 689 2168 742 xve
2212 675 2295 743 de
2335 698 2508 762 may.

957 813 1197 881 Vostre
1240 812 1640 880 treshumble
1674 821 1740 879 et
1773 812 2238 881 tresobeissant
2270 815 2596 882 serviteur

1539 899 1644 966 De
1687 899 1754 966 la
1796 900 2015 984 Vigne

1285 1006 1370 1051 au
1417 1006 1568 1051 nom
1615 984 1693 1052 de
1736 985 1802 1050 la
1842 986 2241 1071 compaguie.

1416 1279 1802 1293 ψ

1519 1512 1711 1582 3791.

1061 1665 1731 1735 BULLINGERUS
1776 1664 2204 1733 OALVINO.

829 1839 1212 1906 Salodurum
1235 1840 1722 1922 proficiscuntur
1753 1838 1936 1922 leyati
1976 1839 2412 1905 Tmicensium
2446 1860 2593 1905 sua-

651 1927 794 1992 suri
836 1931 904 1992 ut
935 1947 1012 1992 ne
1045 1925 1225 1991 miles
1262 1926 1336 1991 in
1375 1925 1658 1992 Galliam
1693 1925 2012 2003 minatum
2054 1926 2165 1989 vix
2207 1930 2411 1990 autem
2453 1946 2591 2007 spe-

650 2013 948 2165 3ἆῖιῖἷὲιὰ
995 2012 1127 2094 fore
1190 2017 1260 2077 ut
1321 2010 1430 2079 hoc
1493 2011 1823 2077 consilium
1886 2016 2229 2094 sequantur
2306 2016 2594 2078 ‹santonas-

651 2269 762 2337 (Ex
818 2269 1157 2393 autogyrapho
1192 2269 1358 2322 Arch.
1393 2268 1571 2323 Turio.
1606 2267 1750 2324 Plut.
1785 2268 1876 2325 vl.
1911 2268 2038 2322 Vol.
2075 2266 2193 2338 129,
2239 2269 2368 2322 olim
2416 2269 2588 2323 Scriu.

861 2340 927 2394 Β.
1010 2355 1100 2407 pp.
1134 2337 1285 2392 Tom.
1320 2335 1406 2407 30,
1440 2337 1532 2391 fol.
1568 2335 1687 2391 430.
1725 2364 1789 2375 —
1825 2337 2037 2392 Simler.
2075 2337 2202 2392 Vol.
2244 2335 2386 2406 104.)

816 2508 1192 2575 Clarissimo
1247 2509 1386 2574 viro
1429 2508 1513 2573 D.
1556 2508 1792 2573 Ioanni
1846 2506 2122 2576 Calvino
2177 2508 2588 2576 Genevensis

643 2593 951 2661 ecclesiae
993 2592 1123 2660 fido
1159 2595 1405 2678 pastori
1440 2594 1700 2660 domino
1742 2593 2011 2660 colendo
2048 2602 2113 2659 et
2155 2595 2341 2660 fratri
2386 2595 2585 2661 caris-

643 2681 791 2747 simi
826 2700 960 2746 suc.

2192 2765 2411 2832 Genff.

814 2937 883 3004 8.
929 2937 1015 3003 Ι).
1089 2936 1305 3005 Simul
1356 2957 1476 3021 per
1576 2944 1786 3003 ostam
1829 2944 2001 3017 tuae,
2059 2941 2162 3007 vir
2205 2938 2587 3004 honorande

644 3031 713 3089 et
755 3023 955 3089 frater
998 3023 1350 3101 carissime,
1395 3022 1511 3088 red
1558 3031 1762 3089 untur
1794 3023 2021 3092 literae
2065 3032 2143 3091 10
2166 3026 2366 3092 huius
2399 3045 2584 3090 men-

643 3110 734 3175 sis
777 3110 1073 3192 scriptae.
1098 3115 1151 3187 ¹)
1216 3110 1351 3175 Pro
1385 3109 1618 3193 quibus
1662 3110 1982 3176 maximas
2017 3113 2274 3197 agimus
2317 3111 2584 3196 gratias,

643 3203 906 3261 orantes
963 3196 1204 3278 absque
1261 3195 1742 3261 intermissione
1783 3196 2147 3263 Dominum
2209 3205 2286 3263 ut
2342 3196 2587 3262 nostris

642 3280 1000 3347 benedicat.
1071 3281 1162 3346 Et
1202 3281 1376 3347 iutra
1419 3282 1648 3347 horam
1682 3282 2198 3349 concionandum
2240 3290 2358 3361 est,
2404 3281 2585 3349 deni-

642 3388 768 3451 que
825 3367 950 3432 hae
1014 3365 1391 3433 scribendae
1454 3366 1700 3433 literae.
1792 3368 1962 3434 Nam
2028 3372 2221 3435 finita
2284 3370 2587 3435 concione

644 3452 918 3518 abibunt
957 3452 1160 3538 legati
1203 3454 1409 3518 nostri
1434 3450 1848 3519 Salodurum.
1922 3454 2195 3520 Nullum
2231 3476 2387 3538 ergo
2420 3454 2585 3520 mihi

644 3538 1039 3622 relinquitur
1073 3538 1360 3620 spatium
1396 3536 1737 3604 scribendi.
1792 3540 2030 3625 Legati
2064 3542 2274 3605 nostri
2308 3541 2378 3604 in
2401 3560 2588 3605 man-

646 3624 816 3690 datis
852 3624 1099 3691 habent
1132 3644 1284 3689 oum
1327 3628 1399 3687 11
1428 3622 1832 3690 Oantonibus
1867 3626 1977 3709 qui
2020 3634 2175 3692 sunt
2215 3628 2288 3691 iu
2331 3625 2591 3691 foedere

645 3709 902 3776 Gallico
948 3708 1179 3795 agendi
1225 3709 1392 3775 serio
1435 3731 1520 3774 ne
1562 3709 1840 3775 militem
1882 3713 2147 3777 mittant
2199 3720 2431 3778 contra
2474 3733 2590 3778 no-

645 3794 963 3866 bilitatem
999 3805 1066 3860 61
1099 3795 1425 3878 principes
1460 3795 1747 3861 Galliae:
1793 3797 1908 3861 sed
1942 3798 2157 3880 potius
2192 3798 2590 3882 legationem

645 3902 810 3964 quae
876 3882 1386 3964 pacificationem
1447 3889 1734 3965 quaerat.
1828 3881 1964 3964 Qui
2033 3893 2251 3949 tamen
2310 3885 2593 3950 veniunt

651 3987 732 4031 ex
771 3973 807 4030 5
844 3967 1044 4052 Pagis
1081 3967 1410 4032 affirmant
1453 3966 1695 4032 milites
1737 3970 2003 4033 omnino
2039 3968 2208 4035 velle
2252 3969 2591 4053 proficisci,

651 4063 717 4117 et
758 4054 891 4118 iam
936 4052 1237 4138 apparari
1270 4056 1491 4119 omnia
1524 4062 1592 4119 et
1628 4055 1811 4136 quasi
1845 4063 2074 4137 parata
2108 4076 2264 4120 esse.
2286 4053 2341 4139 ²)
2413 4054 2590 4137 Quid

649 4139 944 4203 futurum
1011 4139 1100 4204 sit
1157 4159 1274 4221 pro
1333 4149 1507 4205 certo
1568 4160 1701 4205 non
1758 4139 2005 4218 dixere,
2072 4161 2305 4206 vereor
2366 4149 2592 4205 tamen

651 4234 904 4290 nostros
959 4246 1092 4290 nou
1147 4245 1335 4307 posse
1398 4224 1682 4310 amplius
1736 4226 2015 4292 furiosos
2068 4226 2215 4292 illos
2272 4227 2589 4292 cohibere.

653 4310 743 4373 Et
799 4312 854 4374 si
899 4310 1250 4392 profecturi
1305 4320 1479 4392 sunt,
1536 4332 1670 4375 non
1731 4312 1857 4376 nisi
1917 4311 2315 4377 acerbissimi
2370 4311 2593 4377 hostes

655 4394 975 4477 evangelii
1020 4416 1103 4459 ex
1140 4402 1175 4459 5
1213 4397 1417 4480 pagis,
1455 4415 1538 4461 ex
1575 4396 1720 4461 aliis
1761 4397 1919 4462 locis
1962 4396 2409 4463 inobedientes
2444 4417 2590 4481 pro-

655 4480 887 4544 fecturi
930 4490 1100 4546 sunt.
1171 4480 1460 4561 Utinam,
1519 4483 1773 4546 utinam
1815 4481 1888 4545 in
1933 4489 2222 4565 tempore
2275 4481 2397 4547 sibi
2442 4504 2592 4566 pro·

657 4565 889 4649 spiciat
971 4564 1454 4634 illustrissimus
1532 4569 1832 4651 princeps
1903 4566 2256 4634 Condensis.
2367 4569 2593 4634 Metuo

657 4650 1036 4735 Gruysianos
1092 4650 1309 4716 dedita
1349 4673 1545 4735 opera
1597 4652 1944 4719 extrahere
1989 4674 2073 4718 ne
2119 4655 2343 4733 otium,
2390 4654 2593 4722 donec

655 4737 781 4819 ipsi
823 4737 1038 4819 parati
1094 4737 1258 4801 sint:
1322 4749 1478 4804 tuno
1538 4759 1673 4803 non
1728 4746 1996 4821 parcent
2049 4761 2090 4805 u
2144 4739 2218 4805 is.
2294 4739 2399 4805 Ita
2442 4748 2593 4806 ante

963 4892 1063 4900 ---

653 4973 908 5096 8791112)
941 4973 1266 5042 deperditae.

896 5044 921 5111 )
955 5041 1208 5109 Lanquet
1243 5043 1331 5097 Ia.
1371 5043 1497 5098 Mai
1525 5059 1581 5111 p.
1617 5042 1750 5097 226:
1783 5045 1867 5097 Ex
1893 5044 2159 5099 Helvetiis
2194 5047 2420 5100 mittunt
2453 5047 2593 5100 mili-

654 5120 768 5167 tem
797 5113 897 5166 6011
931 5111 1060 5180 quin
1100 5128 1166 5165 ue
1192 5128 1228 5180 p
1299 5113 1317 5164 i
1347 5112 1608 5178 montani,
1643 5113 1988 5178 Lucernates,
2021 5114 2194 5184 Tugii,
2233 5115 2437 5180 Uranii,
2475 5116 2594 5170 Sui·

656 5186 837 5235 tenses
874 5187 931 5235 et
965 5180 1052 5234 Uu
1093 5181 1260 5233 erwal
1302 5181 1335 5236 ⁸.
1403 5179 1803 5246 Solodurenses‚
1850 5182 2240 5253 Friburgenses
2275 5192 2331 5239 et
2364 5185 2591 5240 Abecel-

658 5251 851 5317 leuses,
886 5248 1110 5303 etiamsi·
1137 5249 1415 5319 pontificii,
1450 5247 1852 5303 interdixerunt
1894 5251 2006 5304 suis
2040 5253 2140 5305 sub
2189 5268 2364 5321 poena
2397 5254 2592 5321 capitis

654 5335 724 5372 ne
760 5319 862 5372 huc
897 5319 1148 5372 venirent
1182 5318 1484 5372 militatum.

2147 401 2668 471 EPISTOLAE
2712 405 2791 469 37
2797 406 3046 469 90-37
3051 406 3132 470 93

4492 411 4594 474 420

2700 593 2782 656 30
2835 610 3041 657 annos
3087 595 3123 656 5
3182 592 3331 678 pagi
3391 591 3727 660 nobiscum
3784 599 4077 677 egerunt.
4148 592 4385 659 Pacem
4438 614 4595 677 prae-

2697 684 3008 743 texerunt
3061 698 3264 760 quum
3328 677 3544 761 parati
3596 698 3904 755 essemus,
3972 676 4125 744 dum
4188 678 4315 761 ipsi
4376 698 4596 764 quoque

2695 761 2872 828 vires
2914 762 3338 847 collegerunt,
3379 771 3639 830 nostros
3680 763 4033 846 imparatos
4076 763 4399 843 viderunt,
4439 765 4598 832 iuvo-

2694 846 2924 913 larunt
2965 848 3035 913 in
3078 869 3216 915 nos.
3286 848 3636 915 Moueatur
3666 849 3971 933 princeps
4012 851 4080 914 in
4123 858 4427 932 tempore.
4489 851 4600 917 Le·

2693 940 2890 1085 fftus
2936 932 3289 1019 Goiqnetius
3341 935 3630 1019 graviter
3681 936 4097 1020 conqueritur
4140 935 4220 1001 de
4263 933 4598 1003 Froeliohio.

2807 1019 3000 1085 unice
3040 1041 3086 1085 u
3168 1029 3236 1085 et
3270 1020 3395 1087 hoc
3438 1022 3789 1106 negotium.
3866 1021 4166 1105 Scriptae
4208 1030 4364 1088 sunt
4403 1022 4467 1086 iu
4506 1043 4601 1088 au-

2694 1104 2828 1170 lam
2870 1104 3100 1171 literae
3190 1105 3478 1186 aloduro,
3522 1107 3757 1189 quibus
3791 1114 4131 1173 accusatur
4164 1106 4415 1191 legatus
4445 1110 4602 1190 quasi

2694 1191 2833 1274 ipse
2895 1189 3312 1274 impediverit
3410 1193 3713 1258 uominus
3778 1192 4094 1259 hactenus
4151 1193 4342 1257 miles
4392 1194 4602 1259 missus

2695 1275 2800 1341 sit.
2885 1278 2980 1341 At
3022 1276 3182 1342 dicit
3222 1299 3337 1360 spe
3462 1299 3550 1343 na
3589 1278 3807 1361 ipsum
3858 1278 4217 1345 sustentari
4259 1288 4328 1344 et
4368 1299 4604 1361 exspec-

2695 1370 2835 1427 tare
2889 1362 3273 1429 auxiliarem
3326 1363 3455 1429 Dei
3510 1384 3800 1429 manum.
3888 1362 4207 1444 Proderit,
4263 1364 4322 1428 si
4374 1365 4605 1447 scriptis

2695 1446 2902 1514 literis
2937 1450 3430 1515 confirmaveris
3465 1450 3698 1532 ipsum,
3735 1448 3908 1533 quod
3942 1458 4011 1515 et
4043 1472 4163 1535 ego
4197 1450 4379 1515 facio.
4442 1450 4606 1515 Nun-

2695 1535 2825 1599 ciat
2865 1534 3031 1599 mihi
3063 1537 3432 1619 praefectus
3465 1534 3942 1602 Frouenfeldae
3978 1557 4170 1619 quam
4215 1534 4403 1600 foeda
4443 1535 4516 1601 de
4553 1543 4606 1600 te

2695 1627 3090 1703 spargantur
3110 1620 3476 1687 mendacia:
3516 1619 3805 1687 Galliam
3831 1622 4015 1704 sequi
4050 1632 4230 1687 tuam
4253 1620 4606 1699 doctrinam,

2695 1713 2761 1771 te
2781 1724 2941 1770 vero
2981 1706 3436 1789 impiissimam
3461 1707 3692 1772 docere
3727 1704 4085 1773 doctrinam
4121 1706 4296 1772 unde
4333 1706 4608 1790 prodesse

2694 1797 2901 1874 putat,
2960 1792 3018 1855 si
3072 1791 3339 1859 brevem
3393 1792 3547 1858 edas
3605 1794 4091 1859 confessionem.
4172 1793 4398 1859 Nescit
4439 1793 4609 1856 nimi·

2695 1898 2845 1941 rum
2880 1877 3090 1941 multa
3123 1877 3297 1943 edita
3331 1898 3473 1945 esse
3510 1879 3704 1943 huius
3744 1880 4004 1963 generis
4038 1900 4077 1943 a
4112 1887 4193 1945 te.
4265 1876 4402 1944 Sed
4439 1897 4608 1962 cogor

2695 1984 2869 2028 nunc
2914 1964 3306 2047 abrumpere
3350 1962 3708 2047 epistolam.
3776 1962 4042 2048 Optime
4076 1965 4238 2032 vale.
4313 1964 4609 2029 Dominus

2695 2057 2912 2115 servet
2976 2056 3042 2114 te
3106 2071 3242 2115 una
3315 2069 3465 2115 cum
3545 2049 3812 2117 ecclesia
3877 2059 3943 2115 et
4019 2051 4405 2135 symmystis
4478 2050 4606 2114 tuis.

2700 2138 2796 2199 18.
2844 2134 3006 2199 Maii
3055 2139 3235 2201 1562.
3325 2136 3471 2201 Non
3518 2136 3740 2220 relegi.
3763 2139 3816 2217 3)

3792 2290 3974 2355 Tuus
4018 2289 4460 2375 Bullingerus.

3452 2610 3852 2621 ------

3564 2887 3757 2957 3792.

2833 3057 3178 3126 numos
3223 3057 3705 3126 mmsrms
3753 3024 4490 3129 onNuqusmus',

2844 3220 3031 3297 'Petit
3072 3235 3144 3296 ut
3193 3231 3481 3297 ecclesiae
3536 3232 3606 3296 in
3648 3232 3877 3298 ditione
3922 3231 4449 3314 Rapoltsteniensi
4488 3252 4617 3298 nas-

2689 3318 2849 3384 emti
2890 3317 3110 3383 missi-s*
3151 3318 3467 3384 ministris
3498 3318 3888 3400 provideant.

2687 3488 2800 3557 (Ex
2835 3488 3172 3558 autographo
3192 3488 3331 3542 Bibl.
3353 3487 4227 3624 qssffikssaeffififfiffimenmmm
4266 3487 4437 3543 1972.
4489 3489 4614 3543 Mira

2864 3729 3100 3795 Gratia
3151 3736 3220 3793 et
3273 3749 3403 3812 pax
3457 3750 3496 3794 a
3538 3729 3682 3794 Deo
3737 3736 3926 3812 patre
3984 3752 4097 3813 per
4138 3730 4362 3795 Iesum
4406 3731 4614 3797 Chris·

2694 3823 2851 3879 tum.
2924 3812 3147 3895 Quum
3192 3815 3485 3879 omnium
3528 3835 3748 3879 rerum
3792 3816 3881 3879 sit
3916 3816 4314 3893 vicissitudo,
4362 3824 4429 3882 et
4469 3836 4615 3881 uon-

2692 3921 3031 3983 nunquam
3097 3901 3295 3965 etiam
3361 3900 3812 3966 ministrorum
3879 3902 4183 3968 ecclesiae
4242 3904 4360 3967 fiat
4418 3911 4484 3967 61
4540 3901 4615 3967 sit

2694 3987 3057 4052 necessario
3121 3985 3413 4051 mutatio.
3446 3990 3488 4063 ¹)
3597 3986 3763 4051 Nam
3833 3996 4088 4070 praeter
4150 3987 4218 4053 id
4286 3986 4457 4072 quod
4519 3986 4613 4053 alii

2694 4072 2821 4137 alio
2865 4080 3202 4151 vocantur,
3261 4071 3595 4154 intercipit
3654 4073 3850 4138 etiam
3905 4073 4151 4157 aliquos
4204 4075 4348 4158 ipsa
4392 4080 4615 4140 morta-

2695 4156 2864 4235 litas,
2910 4157 3173 4240 quidam
3227 4159 3426 4223 etiam
3469 4178 3507 4222 a
3563 4159 3866 4241 tyrannis
3910 4160 4257 4243 proscripti
4299 4160 4411 4225 vel
4453 4178 4614 4224 more

2693 4243 3018 4326 pecudum
3062 4241 3396 4308 laniantur
3430 4241 3539 4308 vel
3575 4243 3806 4308 exsilio
3842 4242 4254 4310 damnantur.
4328 4243 4615 4328 Requirit

2696 4348 2851 4412 ergo
2892 4329 3039 4412 ipsa
3081 4327 3208 4394 Dei
3252 4328 3462 4414 gloria
3506 4334 3572 4394 et
3614 4331 3869 4409 caritas,
3924 4351 4119 4413 quam
4174 4329 4484 4397 debemus
4525 4349 4614 4393 ec-

2696 4414 2909 4479 clesiis
2952 4413 3199 4480 Christi
3243 4435 3408 4498 quae
3451 4414 3689 4480 viduae
3748 4422 3814 4479 et
3870 4414 4064 4482 orbae
4122 4425 4294 4495 sunt,
4357 4425 4434 4482 ut
4488 4436 4615 4481 rur·

2696 4520 2842 4565 sum
2908 4499 3376 4582 provideantur
3441 4499 3585 4565 aliis
3650 4502 3894 4567 sanctis
3958 4502 4083 4567 Dei
4148 4502 4484 4579 ministris,
4545 4519 4615 4564 ne

2697 4593 2997 4668 coeptum
3035 4585 3283 4650 Christi
3327 4584 3693 4651 aedificium
3727 4588 3868 4653 sine
3996 4588 4339 4653 bernatore
4377 4608 4417 4652 a
4459 4586 4612 4669 lupis

2695 4672 2768 4735 in
2825 4672 2975 4736 avia
3032 4677 3100 4735 et
3153 4691 3353 4741 arena
3406 4670 3734 4738 fundetur.
3759 4676 3812 4749 ²)
3959 4695 4118 4738 uum
4173 4694 4331 4758 ergo
4375 4674 4519 4756 pius
4558 4678 4615 4735 et

2696 4757 2891 4821 simul
2978 4756 3389 4823 doctissimus
3467 4767 3531 4822 et
3618 4758 4021 4824 reverendus
4101 4758 4181 4823 D.
4252 4758 4613 4842 Arnulphus

2897 5046 2957 5111 3)
2998 5047 3144 5128 Suae
3178 5050 3386 5130 raptim·
3417 5049 3637 5130 scr-ipsit
3678 5064 3840 5130 quum
3887 5050 3956 5104 de
3998 5055 4167 5105 morte
4204 5049 4425 5131 Soc-ini&
4446 5046 4612 5128 pridie

2696 5115 2838 5171 Idus
2900 5115 3087 5171 Tune·
3138 5117 3400 5199 defunctu,
3452 5116 3594 5199 1117111
3646 5118 3819 5199 dacor,
3875 5118 4021 5188 quod
4066 5126 4246 5174 tamen
4305 5119 4443 5181 facit
4489 5134 4513 5171 ⁸

2692 5184 3977 5389 {isslfffrsswssffimaffimm-
3977 5187 4265 5312 §.fff'oeh‘d
4297 5187 4364 5240 ¹¹·
4406 5185 4510 5239 ¹⁹⁹·

2996 5339 3089 5379 m.
