4850 6117
648 419 771 484 399

647 604 784 673 sale
838 610 1222 671 monstrum.
1311 602 1503 670 Lioet
1556 603 1751 668 etiam
1812 600 2130 669 oonsolari
2225 603 2295 668 ui
2352 601 2585 685 laqueo

646 692 850 759 vitam
892 689 1123 759 iudiois
1166 689 1494 757 sententia
1537 688 1728 754 finire
1769 693 2112 774 eoguntur.
2325 707 2585 753 summa

646 777 755 844 hio
796 782 1019 842 tantus
1061 782 1163 842 est
1201 796 1514 841 numerus
1547 773 2095 854 Christianorum,
2139 780 2471 842 crescente
2512 773 2587 838 in

645 861 783 963 dies
821 861 1258 963 multitudine,
1300 861 1695 961 ut0papist0as
1716 860 2139 944 paucissimos
2172 859 2483 961 reperias,
2521 865 2589 924 et

647 968 871 1101 “6233
925 955 1059 1101 ⁸33
1105 949 1402 1118 ἅᾬῗῗῖἷ
1446 944 2591 1117 ῗέἓοᾘςῖῗὲἓηῗζὲζὲῗέἒθξ

643 1118 954 1204 permulti
997 1140 1068 1185 se
1100 1119 1511 1203 permiscent,
1554 1136 1833 1201 quorum
1866 1117 2064 1184 flatiis
2091 1120 2142 1198 ¹)
2165 1117 2293 1183 Dei
2329 1136 2588 1197 nomen,

646 1205 788 1272 eius
852 1203 1148 1271 doetrina
1209 1213 1278 1270 et
1339 1203 1627 1270 ministri
1697 1202 2112 1269 contumeliis
2192 1203 2588 1270 afficiuntur.

646 1288 729 1357 Id
779 1289 955 1374 quod
1011 1292 1436 1377 magistratus
1490 1289 1681 1373 eulpa
1742 1288 1856 1373 qui
1900 1287 2090 1355 nobis
2133 1295 2236 1355 est
2279 1287 2589 1354 adversa-

646 1376 788 1443 rius
829 1376 1080 1444 aooidit.
1168 1375 1390 1459 Quare
1435 1373 1632 1441 velim
1679 1382 1744 1439 te
1788 1380 2062 1455 oratum,
2129 1375 2197 1440 ni
2240 1373 2590 1440 molestum

649 1464 751 1541 sit,
809 1470 885 1529 ut
924 1461 1091 1529 mihi
1136 1468 1316 1530 tuam
1360 1481 1554 1544 super
1596 1460 1721 1527 hae
1763 1482 1836 1526 re
1877 1462 2266 1528 sententiam
2312 1458 2587 1544 aperias.

820 1546 953 1630 Qui
1019 1547 1101 1613 ad
1158 1556 1225 1614 te
1279 1545 1524 1631 perfert
1577 1546 1700 1612 has
1754 1545 1976 1613 literas
2034 1547 2137 1611 vir
2202 1553 2304 1612 est
2346 1544 2590 1630 probus

650 1642 719 1699 et
783 1633 1114 1700 studiosus
1175 1653 1506 1701 sacrarum
1572 1631 1929 1711 literarum,
2011 1653 2185 1697 unus
2248 1653 2285 1697 e
2350 1630 2593 1697 uostris

655 1718 939 1786 diaoonis
992 1720 1101 1804 qui
1158 1720 1328 1786 istue
1383 1717 1628 1784 missus
1683 1717 1769 1783 ad
1826 1717 2215 1801 capiendum
2272 1717 2593 1785 maiorem

654 1804 724 1870 in
809 1805 904 1871 nii
959 1804 1207 1872 cultum
1252 1804 1464 1871 noluit
1515 1803 2036 1888 praetermittere
2092 1802 2250 1888 quin
2294 1822 2365 1869 se
2407 1802 2597 1870 brevi

654 1891 946 1991 epistolio
989 1898 1139 1958 tuae
1181 1890 1579 1957 humanitati
1616 1888 2161 1956 commendarem.
2222 1889 2406 1955 Bene
2428 1887 2595 1968 vale,

655 1996 761 2042 vir
819 1977 1258 2063 integerrime.
1345 1976 1732 2053 Annomam,
1811 1995 1893 2041 ex
1957 1982 2270 2059 tempore,
2330 1981 2597 2058 propter

653 2059 1062 2130 tabellarium
1148 2082 1371 2130 morae
1454 2059 2100 2145 impatientissimum
2177 2062 2278 2128 29.
2344 2059 2597 2144 Aprilis

657 2149 839 2214 1562.

1404 2248 1548 2316 Tibi
1584 2249 2036 2334 paratissimus
2079 2249 2163 2316 ad
2206 2250 2425 2315 omnia

1659 2335 1736 2401 P.
1783 2335 2069 2403 Baletus.
2093 2340 2151 2414 ²)

1422 2627 1823 2635 -.m——

1526 2843 1717 2915 πω.

857 2984 1879 3087 ιἘοιΙεΕ-ΒἈΝΝΟΝΑῩ
1923 3002 1984 3066 A
2028 3001 2398 3069 oALvm.

654 3171 1149 3325 diesim
1189 3173 1264 3238 de
1285 3178 1548 3255 pascerer
1589 3177 1646 3240 et
1685 3173 2243 3240 recommandation
2277 3175 2428 3241 d‘aem
2463 3175 2595 3241 ἐίκ-

657 3429 1027 3501 (Autographe
1062 3430 1131 3484 de
1166 3429 1220 3483 18
1254 3427 1633 3497 Bibliotheque
1677 3430 1745 3483 de
1782 3429 2016 3485 Geneve.
2047 3431 2166 3486 Vol.
2204 3429 2320 3500 196,
2355 3431 2447 3486 fol.
2481 3430 2599 3501 27.)

829 3603 890 3667 A
933 3601 1273 3669 Monsieur
1316 3601 1654 3668 Monsieur
1698 3601 1934 3669 Oalvin

2054 3709 2094 3753 a
2137 3687 2422 3756 Geneve.

829 3858 1176 3937 Monsieur,
1235 3857 1519 3943 l'esglize
1575 3859 1656 3924 de
1712 3870 1883 3926 oeste
1929 3859 2082 3927 ville
2127 3859 2517 3946 d’Annonay
2560 3882 2601 3927 a

657 3965 850 4013 reeeu
890 3965 1031 4030 ung
1072 3943 1165 4009 tel
1228 3943 1426 4009 fruiot
1470 3942 1560 4011 du
1603 3945 1937 4012 ministere
1997 3945 2085 4011 du
2127 3947 2427 4014 ministre
2470 3967 2599 4032 que

657 4031 720 4096 le
764 4027 876 4097 Sei
973 4051 1093 4097 eur
1134 4048 1255 4130 par
1291 4038 1515 4096 vostre
1555 4030 1733 4096 main
1864 4053 1905 4098 a
1948 4030 2194 4099 draisse
2249 4051 2374 4116 que
2418 4040 2602 4099 toute

657 4125 834 4185 oeste
925 4117 1049 4184 ‘ote
1093 4115 1220 4184 vile
1254 4122 1356 4182 est
1390 4115 1731 4182 refformee
1817 4119 1926 4183 ien
2051 4139 2095 4183 u
2131 4138 2250 4184 sen
2292 4117 2463 4184 fault
2504 4117 2602 4205 (la

662 4202 895 4288 loange
959 4223 1045 4268 en
1103 4200 1408 4267 demeure
1451 4223 1493 4268 a
1547 4201 1869 4281 leternel).
1959 4138 2049 4268 fio
2078 4212 2180 4270 est
2241 4225 2411 4289 vray
2477 4224 2602 4288 que

663 4288 1005 4355 Monsieur
1047 4288 1317 4354 maistre
1361 4288 1590 4354 Pierre
1636 4286 1874 4356 Baiaet
1912 4296 2132 4356 nostre
2176 4289 2476 4355 ministre
2517 4310 2602 4356 ne

662 4373 819 4439 faiet
882 4393 1007 4457 que
1067 4394 1138 4439 se
1191 4372 1489 4457 plaindre
1549 4395 1589 4438 a
1642 4395 1809 4441 nous
1866 4374 1946 4441 de
2004 4396 2123 4442 son
2165 4375 2600 4456 insuffisanoe‚

664 4465 907 4543 voyant
946 4480 1086 4544 ung
1143 4459 1199 4525 si
1242 4458 1455 4545 grand
1497 4468 1814 4544 troupeau
1859 4460 2098 4528 devant
2138 4461 2272 4548 luy.
2359 4460 2603 4528 Iaoeoit

659 4565 805 4627 que,
851 4544 917 4608 la
956 4563 1149 4629 graoe
1202 4566 1244 4610 a
1285 4545 1479 4625 Dieu,
1546 4567 1713 4612 nous
1767 4548 1952 4613 aions
2008 4546 2258 4633 grande
2303 4546 2600 4613 oeeasion

662 4627 742 4695 de
785 4649 953 4695 nous
995 4638 1339 4697 oontanter
1381 4630 1461 4696 de
1502 4652 1577 4698 sa
1633 4631 1927 4699 doctrine
1962 4642 2028 4699 et
2071 4634 2314 4699 bonnes
2358 4653 2599 4698 meurs.

659 4715 768 4781 En
813 4717 909 4781 fin
950 4735 1032 4781 vo
1080 4723 1196 4781 ant
1237 4737 1501 4783 enoores
1543 4737 1665 4784 son
1724 4724 1994 4804 tropeau
2038 4717 2387 4787 woroistre
2429 4738 2601 4784 mes-

660 4821 802 4867 mes
867 4800 981 4866 des
1087 4801 1344 4868 abitans
1400 4801 1513 4869 des
1577 4805 1990 4890 montaignes
2055 4804 2134 4871 de
2180 4803 2391 4870 Velau
2450 4824 2602 4888 pro·

661 4885 931 4954 ohaines
998 4907 1037 4952 a
1117 4895 1289 4953 oeste
1374 4887 1548 4967 ville,
1636 4888 2038 4957 deseendans
2101 4890 2207 4976 ioy
2285 4912 2325 4956 a
2387 4888 2602 4976 grand

661 4970 934 5038 nombre
987 4992 1151 5055 pour
1204 4993 1324 5057 oyr
1378 4972 1440 5038 18
1499 4976 1734 5058 parole,
1802 4976 2015 5062 lequel
2057 4995 2222 5061 pays
2277 4974 2357 5041 de
2415 4996 2603 5043 mon-

663 5194 843 5250 m'm‘
865 5193 926 5327 12))
962 5195 1538 5346 κᾞεωῦκοίω.
1620 5266 1714 5321 Δια
1763 5262 1911 5333 falso
1956 5283 2150 5322 nonen
2200 5266 2425 5335 kyimue
2472 5282 2606 5336 pro.-

664 5333 932 5387 Baletus?
1013 5333 1148 5387 Vnde
1181 5339 1496 5404 aequantem.

2136 410 2663 482 EPISTOLAE
2706 414 3126 480 3778-3781

4479 416 4582 476 400

2687 602 2945 687 taignes
2988 609 3089 668 est
3131 600 3212 666 de
3254 600 3317 667 lo
3456 623 3493 667 e
3536 598 3855 668 estandue
3896 607 3962 666 et
4004 621 4052 685 y
4095 621 4134 666 a
4175 599 4492 682 beauooup
4522 599 4588 666 de

2689 685 2848 754 viles
2890 688 3304 773 imporveues
3389 709 3429 755 e
3469 687 3821 753 ministres.
3903 683 4104 752 Ledit
4146 684 4345 752 Sieur
4386 683 4593 751 Rama

2686 793 2726 838 a
2765 771 3085 840 demands
3126 780 3341 859 temps
3383 792 3550 857 pour
3586 773 3750 838 aller
3790 771 4080 838 estudier
4122 769 4477 855 davantage
4493 791 4593 854 par

2689 858 2921 925 devere
2976 879 3139 925 vous
3195 879 3369 943 pour.
3418 879 3492 925 se
3543 858 3817 944 myeulx
3882 858 4240 924 fassonner.
4326 853 4432 922 Ou
4466 854 4596 921 bien

2689 965 2816 1029 que
2875 965 3041 1010 nous
3106 946 3401 1011 eussions
3465 965 3602 1030 ung
3664 950 3852 1011 autre
3915 943 4216 1010 ministre
4288 963 4441 1009 aveo
4495 942 4597 1027 luy

2687 1030 2838 1115 plus
2899 1050 3130 1097 exeroe
3235 1031 3305 1096 ui
3366 1030 3485 1116 luy
3548 1029 3759 1097 aidast
3822 1049 3864 1094 a
3925 1028 4239 1095 subvenir
4301 1048 4343 1094 a
4396 1047 4516 1092 une
4551 1028 4599 1093 si

2691 1114 2938 1201 grande
2996 1137 3206 1182 assem
3251 1116 3352 1182 lee
3404 1122 3623 1182 estant
3665 1114 3747 1181 de
3790 1115 3906 1180 dix
3949 1136 3991 1181 a
4032 1114 4235 1181 douze
4275 1114 4451 1179 mile.
4526 1113 4599 1178 Et

2689 1221 2848 1269 aveo
2910 1202 3125 1287 lequel
3174 1202 3231 1286 jl
3290 1209 3481 1286 peust
3532 1201 3847 1287 proffiter.
3936 1200 4139 1278 Nous,
4203 1219 4450 1286 voyans
4487 1198 4603 1283 quil

2694 1296 2797 1355 est
2837 1287 3211 1371 impossible
3269 1287 3404 1372 quil
3463 1309 3551 1371 pu
3600 1307 3705 1353 sse
3756 1286 4051 1353 satisfere
4094 1307 4134 1352 a
4175 1307 4307 1353 une
4348 1285 4409 1351 si
4445 1284 4603 1367 plan·

2690 1380 2954 1439 tureuse
2995 1371 3352 1440 assemblee
3394 1373 3482 1439 du
3581 1373 3872 1458 signem,
3928 1371 4205 1455 laquelle
4248 1371 4353 1437 dio
4441 1391 4516 1435 en
4552 1370 4607 1435 la

2691 1480 2760 1525 es
2795 1462 2982 1545 jours
3026 1459 3107 1525 de
3149 1457 3494 1527 dimenohe
3527 1460 3584 1545 jl
3627 1458 3887 1524 fauldra
3930 1458 4173 1525 diviser
4210 1478 4292 1523 en
4382 1476 4503 1522 eux
4534 1475 4605 1519 en

2691 1565 2938 1610 mesme
3002 1545 3226 1624 heure,
3294 1565 3501 1612 avons
3568 1567 3608 1611 a
3673 1563 3835 1611 vous
3899 1543 4212 1630 supplyer
4271 1543 4412 1628 quil
4472 1562 4610 1607 vous

2692 1631 2899 1714 plaise
2965 1651 3046 1696 en
3114 1631 3500 1697 oontinuant
3563 1652 3604 1696 a
3670 1652 3835 1697 nous
3899 1630 4052 1696 bien
4117 1628 4280 1695 faire
4344 1626 4426 1694 de
4465 1647 4609 1694 nous

2693 1716 3044 1800 pourveoir
3078 1716 3258 1801 dung
3300 1723 3488 1782 autre
3530 1717 3831 1783 ministre
3876 1716 3956 1783 de
3991 1715 4057 1781 la
4097 1714 4318 1800 parole
4360 1713 4443 1780 de
4462 1713 4612 1779 Dieu

2695 1811 2762 1867 et
2819 1823 2923 1868 ses
2979 1803 3220 1869 sainots
3278 1823 3670 1882 saoremens‚
3737 1804 3868 1868 afin
3920 1802 4001 1869 de
4057 1801 4154 1867 les
4211 1799 4450 1885 garder
4486 1808 4611 1864 tous

2697 1886 2914 1967 deulx,
2960 1909 3046 1953 ou
3088 1887 3259 1967 bien,
3320 1889 3375 1954 si
3419 1888 3635 1973 oelluy
3677 1889 3813 1973 quil
3856 1908 4022 1954 vous
4064 1886 4275 1972 plaira
4316 1906 4480 1951 nous
4517 1906 4613 1950 en·

2696 1994 2900 2059 voyer
2942 1973 3122 2058 peult
3164 1972 3433 2072 myeulx
3478 1974 3705 2040 suffire
3729 1994 3768 2039 a
3790 1982 3933 2039 tant
3954 1973 4035 2039 de
4056 1972 4309 2057 peuple‚
4345 1971 4615 2055 aequies-

2696 2081 2806 2126 oer
2874 2079 2912 2124 a
2981 2080 3054 2125 oe
3121 2058 3282 2125 ledit
3352 2059 3661 2145 seigneur
3717 2058 3953 2125 Baiaet
3980 2064 4029 2137 ¹)
4089 2057 4409 2124 demando
4470 2075 4615 2140 pour

2698 2167 2836 2231 ung
2881 2153 3094 2230 temps
3149 2143 3229 2211 de
3294 2144 3495 2211 saller
3536 2165 3805 2212 exeroer
3847 2143 4238 2228 davantaige
4282 2164 4324 2209 a
4363 2139 4616 2209 lestude.

2696 2231 2787 2297 Et
2830 2252 2994 2297 nous
3048 2250 3289 2297 aurons
3354 2252 3395 2297 a
3434 2252 3635 2316 pryer
3677 2230 3741 2296 le
3783 2229 4116 2316 Seigneur
4155 2229 4331 2296 Dieu
4375 2235 4442 2294 et
4483 2246 4616 2311 pere

2697 2315 2834 2400 quil
2876 2316 2994 2402 luy
3045 2315 3250 2400 plaise
3306 2316 3470 2382 faire
3526 2336 3874 2401 prosperet
3929 2338 4014 2383 en
4070 2334 4233 2383 vous
4266 2335 4374 2382 ses

2698 2401 2780 2468 de
2821 2402 2973 2487 plus
3014 2423 3101 2469 en
3155 2401 3301 2487 plus
3352 2424 3519 2470 nous
3580 2401 4123 2470 reoommandans
4165 2408 4302 2468 tres
4343 2399 4618 2467 humble-

2696 2496 2881 2554 ment
2960 2510 2997 2553 a
3059 2488 3126 2553 la
3190 2494 3410 2555 vostre
3472 2496 3541 2554 et
3605 2509 3645 2553 a
3706 2508 3828 2556 voa
3891 2489 4137 2572 priores
4200 2493 4266 2552 et
4329 2486 4618 2553 oraisons.

2699 2574 3096 2659 d’Anuonay
3138 2595 3212 2640 oe
3255 2574 3518 2640 dernier
3562 2574 3753 2642 Avril
3797 2594 3882 2640 an
3932 2575 4116 2638 1562.

3136 2728 3277 2793 Voz
3319 2728 3759 2796 treshumbles
3802 2737 3872 2794 et
3913 2729 4245 2795 obeissans
4288 2728 4623 2793 serviteurs

3452 2816 3716 2883 oonsulz
3759 2812 3950 2880 dudit
3991 2816 4336 2898 Annonay.

2869 3020 3210 3087 Monsieur
3252 3018 3480 3087 Andre
3521 3020 3639 3089 Du
3676 3019 3827 3087 Oros
3871 3019 4086 3086 diaore
4127 3018 4210 3084 de
4268 3024 4494 3085 nostre
4535 3036 4623 3083 es·

2699 3105 2865 3191 glize
2908 3126 3025 3172 sen
3068 3128 3154 3173 va
3195 3105 3481 3173 estudier
3538 3128 3657 3191 par
3716 3104 3863 3172 dela
3904 3106 4260 3191 hesperant
4300 3102 4512 3172 servir
4550 3123 4626 3168 au

2697 3192 3008 3277 seigneur
3049 3191 3199 3276 plus
3242 3214 3283 3259 a
3323 3192 3517 3276 plein.
3587 3193 3768 3259 Nous
3802 3212 3964 3259 vous
4005 3211 4255 3277 povons
4297 3188 4377 3256 de
4416 3195 4625 3257 nonu-o

2699 3285 2848 3361 part
2911 3298 3212 3345 asseurer
3266 3276 3346 3345 de
3405 3299 3478 3344 88
3532 3276 3911 3362 prodhomie
3954 3277 4206 3344 bonnes
4248 3294 4465 3342 meurs
4508 3294 4626 3360 πο

2697 3370 2765 3430 et
2805 3365 3276 3431 conversation.

3490 3660 3865 3668 ————————

3579 3928 3775 3998 8780.

3132 4081 3753 4151 ALTOOLARUS
3797 4080 4232 4151 GALVINO.

2876 4254 3000 4322 Per
3062 4262 3263 4323 terras
3326 4257 3593 4323 iactatus
3654 4255 3855 4321 multa
3916 4274 4156 4338 quoque
4210 4252 4624 4338 bellom-tm

2707 4341 4212 4424 vaamsibiponumsaledssesoewitst)

3006 4513 3117 4582 (Ex
3153 4511 3490 4582 autographo
3524 4512 3654 4568 ood.
3674 4512 3875 4568 Genev.
3915 4511 4032 4577 109,
4064 4512 4154 4567 tol.
4189 4510 4336 4581 20⁷.)

2704 4683 3081 4769 Magnifioio
3160 4683 3304 4748 viro
3362 4684 3445 4748 D.
3504 4683 3781 4750 Calvino
3850 4704 4203 4768 saoraeque
4282 4685 4616 4768 scripturae

2898 4769 3251 4852 professori
3293 4768 3710 4836 celeberrimo
3754 4769 4034 4836 salutem
4076 4771 4145 4835 in
4191 4768 4469 4838 Christo.

2704 5059 2886 5116 8770.
2909 5060 2964 5129 1)
3009 5058 3098 5116 Un
3130 5060 3341 5117 nomme
3377 5062 3570 5119 Rem
3604 5060 3828 5130 Rumor,
3868 5061 4064 5118 mettre
4105 5060 4299 5120 d’doole
4330 5065 4370 5120 ὰ
4407 5062 4615 5130 chana,

2704 5129 4616 5195 mmmmmmustedemfflimoemmfondionm

2706 5199 3255 5335 {qaam
3194 5197 3532 5338 ¹⁵⁶3..st
3412 5199 3768 5325 ‹Rufa-..¹2
3801 5198 4046 5325 aa...
4079 5268 4274 5340 φ...
4307 5268 4490 5325 ω...
4518 5267 4610 5319 a

2710 5350 2963 5392 exorsum
2996 5342 3118 5393 orat
3147 5343 3199 5394 et
3230 5344 3358 5394 ante
3391 5337 3775 5407 mun-aphet·
3819 5337 3869 5392 Τ
4089 5353 4157 5392 ιιι.
