4850 6117
631 391 755 455 367

624 579 787 657 lum,
867 576 1070 641 adiuti
1114 575 1417 642 videlicet
1458 595 1656 660 opera
1697 574 1981 659 Hispani
2023 579 2092 639 et
2129 572 2456 655 pontificis
2498 578 2563 636 et

623 661 1033 749 quorundam
1073 661 1353 727 aliorum
1396 661 1688 727 hostium
1730 682 1900 726 evan
1985 659 2076 724 lii.

796 749 901 815 De
953 746 1437 814 conditionibus
1491 748 1678 812 liberi
1736 747 1912 812 conc'
1948 746 1986 760 ‘'
2008 749 2065 826 ⁷)
2129 754 2244 808 tua
2285 743 2565 826 legimus

624 836 699 900 in
742 846 928 901 coetu
971 836 1268 913 fratrum,
1311 852 1436 898 nec
1477 834 1845 916 improbare
1886 852 2246 916 possumus.
2311 828 2568 895 Nihilo·

623 921 847 987 minus
888 918 1204 1003 quaedam
1248 920 1750 1002 conscripsimus
1792 924 1861 984 et
1901 918 1924 981 i
1970 917 2047 993 si,
2073 918 2127 998 ⁸)
2176 916 2441 981 missuri
2484 915 2566 981 ad

623 1016 693 1072 te
733 1006 948 1089 prima
1003 1025 1258 1089 quaque
1312 1006 1815 1090 opportunitate.
1959 1002 2316 1068 onferimus
2357 999 2572 1066 adhuc

622 1113 705 1158 ea
745 1092 830 1157 de
870 1113 946 1156 re
987 1111 1138 1157 cum
1180 1091 1571 1175 magistratu
1612 1100 1851 1155 nostro.
1932 1088 2207 1153 Interim
2250 1089 2446 1151 mitto
2484 1086 2570 1152 ad

623 1188 694 1244 te
726 1178 841 1243 lib.
879 1182 917 1240 2
956 1177 1036 1243 de
1059 1176 1372 1242 Conciliis
1406 1198 1449 1241 a
1479 1197 1587 1242 me
1607 1175 1910 1260 vulgatos
1930 1194 2106 1240 anno
2132 1174 2486 1257 superiore.
2510 1174 2568 1254 ⁹)

623 1263 697 1330 Is
738 1264 905 1329 liber
959 1275 1061 1328 est
1103 1283 1298 1345 quem
1341 1271 1730 1328 accusarunt
1769 1260 2287 1344 Quinquepagici
2329 1258 2402 1322 in
2447 1279 2568 1341 pu-

624 1350 813 1416 blicis
878 1349 1159 1415 comitiis
1223 1348 1365 1412 dira
1419 1347 1587 1412 mihi
1639 1347 1983 1412 minantes.
2010 1349 2097 1423 ¹⁰)
2179 1345 2314 1409 Sub
2366 1345 2569 1409 finem

624 1436 875 1502 dissero
932 1434 1016 1500 de
1069 1432 1545 1501 conditionibus
1602 1432 1858 1498 concilii
1910 1431 2118 1498 liberi.
2215 1431 2572 1495 Praeterea

623 1523 823 1588 mitto
861 1520 946 1586 ad
1002 1528 1071 1586 te
1125 1519 1408 1585 Brevem
1466 1519 1937 1602 expositionem
1961 1522 2046 1596 ¹¹)
2090 1524 2209 1583 etc.
2296 1515 2427 1581 ma
2470 1523 2570 1580 est

624 1608 710 1674 de
760 1628 894 1690 qua
946 1606 1082 1671 iam
1137 1606 1392 1690 agimus
1448 1625 1599 1671 cum
1651 1604 2059 1688 magistratu.
2163 1602 2366 1668 Nolui
2422 1622 2570 1668 eam

621 1693 966 1844 flublicari.
1045 1691 1150 1757 De
1191 1712 1323 1774 qua
1359 1711 1433 1756 re
1488 1690 1680 1774 plura
1718 1690 1887 1756 forte
1930 1688 2251 1773 proximis
2292 1687 2570 1753 scribam

657 1780 852 1845 teris.
940 1775 1169 1843 Adieci
1229 1777 1335 1842 his
1390 1776 1847 1859 responsiones
1903 1776 2272 1858 principum
2331 1785 2398 1838 et
2441 1775 2570 1838 rei·

670 1863 924 1931 ublicae
1001 1864 1598 1947 Argentoratensis,
1699 1862 2143 1928 recusantium
2220 1858 2572 1926 concilium

621 1886 1105 2027 &fidentinum
1149 1949 1208 2013 si
1239 1949 1408 2014 forte
1442 1948 1779 2013 existimes
1821 1969 1900 2012 ea
1933 1945 2241 2031 prodesse
2275 1966 2465 2030 posse
2498 1948 2570 2010 in

793 2120 1097 2187 Procedit
1138 2118 1380 2204 alioqui
1419 2119 1764 2186 concilium
1807 2118 2243 2203 pertinaciter.
2346 2116 2571 2184 Sessio

627 2213 683 2273 1.
725 2207 954 2273 habita
996 2218 1094 2271 est
1141 2210 1240 2270 20.
1285 2205 1650 2270 Februarii.
1759 2205 2114 2270 Decretum
2157 2213 2259 2270 est
2301 2211 2379 2268 ut
2417 2202 2571 2268 libri

618 2294 1105 2360 haereticorum
1145 2312 1283 2355 una
1322 2312 1475 2358 cum
1517 2289 2160 2356 condemnationibus
2197 2289 2569 2356 scholarum

618 2380 1073 2464 inspiciantur,
1118 2376 1350 2443 deinde
1395 2386 1712 2441 vocentur
1753 2378 1820 2441 in
1856 2376 2203 2442 concilium
2237 2374 2569 2455 haeretici,

621 2487 710 2531 ne
752 2474 975 2548 postea
1020 2463 1204 2546 queri
1245 2463 1499 2546 possint
1540 2461 1882 2528 damnatos
1925 2482 2068 2527 esse
2105 2482 2240 2527 non
2283 2459 2564 2527 auditos.

620 2549 779 2616 Alia
820 2549 1082 2616 decreta
1122 2557 1225 2613 est
1276 2549 1481 2614 emo
1530 2553 1625 2611 14.
1670 2548 1853 2613 Maii.
1963 2546 2256 2614 Omnino
2297 2568 2565 2630 persua·
2614 2586 2623 2615 l

620 2656 775 2702 sum
816 2636 1064 2701 habent
1107 2636 1174 2698 in
1219 2634 1513 2712 concilio,
1558 2632 1910 2698 mittendos
1953 2635 2205 2699 interea
2236 2655 2320 2698 ex
2343 2632 2569 2698 Gallia

620 2720 875 2806 legatos
899 2722 984 2805 ¹²)
1039 2722 1109 2784 in
1168 2721 1531 2798 concilium,
1587 2720 1701 2803 qui
1752 2732 1819 2784 et
1877 2720 2004 2803 ipsi
2063 2720 2199 2785 sint
2250 2739 2371 2785 nos
2412 2739 2568 2784 con-

622 2805 1018 2873 demnaturi.
1243 2806 1256 2819 “

620 2894 1022 2960 sententiam
1066 2889 1147 2956 de
1182 2890 1429 2976 synodo
1465 2900 1847 2969 mutassent,
1891 2912 2024 2957 non
2058 2902 2218 2975 puto
2254 2911 2398 2955 eam
2422 2912 2570 2956 esse

620 2979 1042 3045 autoritatem
1107 2996 1321 3043 meam
1385 2997 1550 3060 quae
1616 2979 2045 3042 mutationem
2117 2978 2567 3060 persuasisset.

620 3064 854 3148 Neque
915 3084 1074 3129 vero
1130 3084 1251 3148 ego
1309 3061 1441 3127 illis
1493 3063 1603 3127 vel
1657 3063 1834 3128 suasi
1888 3063 1997 3129 vel
2050 3062 2326 3129 dissuasi
2380 3062 2569 3146 quid·

624 3170 844 3234 quam.
932 3149 1042 3214 Ad
1086 3147 1418 3215 Hazza-um
1473 3156 1696 3214 tamen
1750 3149 1986 3233 scripsi
2037 3149 2374 3233 epistolam
2439 3169 2572 3232 qua

622 3256 846 3301 meum
892 3236 954 3300 ei
999 3234 1080 3299 de
1122 3233 1369 3319 synodo
1413 3237 1684 3317 exposui
1727 3234 2060 3312 iudicium,
2104 3256 2180 3300 ac
2211 3235 2388 3300 inter
2420 3234 2570 3314 alia,

624 3322 688 3386 si
728 3341 863 3386 non
916 3322 1006 3385 sit
1061 3341 1211 3404 spes
1268 3318 1664 3399 concordiae,
1725 3323 1929 3385 satius
1971 3341 2116 3386 esse
2159 3321 2490 3386 abstinere
2534 3342 2573 3385 a

2131 380 2656 450 EPISTOLAE
2698 383 3124 448 3758—3759

2615 2644 2623 2693 Ι

1117 2806 1262 2870 Nisi
1325 2826 1487 2871 vero
1552 2806 1635 2870 ob
1700 2814 1912 2870 certas
1964 2825 2194 2871 causas
2247 2805 2570 2871 Bernates
2618 2848 2623 2885 :

2618 2888 2623 2935 Ξ

2618 2952 2625 3075 Ι

2618 3082 2623 3105 Ι

2619 3116 2625 3139 l

2619 3144 2625 3169 l

2619 3172 2625 3239 ἰ

4466 391 4569 455 368

2664 570 3133 657 rempublicam
3174 578 3553 637 curaturam
3597 592 3676 637 ea
3717 592 3885 656 quae
3932 572 4168 640 facient
4208 572 4291 639 ad
4332 574 4575 658 gloriam

2666 659 2813 725 Dei.

2837 744 2983 828 Ego
3026 753 3345 827 quantum
3400 744 3587 827 potui
3642 743 3867 810 obstiti
3930 766 4016 810 ne
4059 752 4403 812 vocaretur
4443 745 4578 814 00⁸-

2666 830 2836 908 talio,
2893 838 2963 896 et
3018 841 3178 914 puto
3234 830 3625 915 impetrasse
3673 852 3758 895 ne
3802 840 4084 896 vocetur.
4116 832 4197 916 ¹⁸)
4283 831 4427 916 Ego
4463 854 4578 898 non

2669 915 2941 999 despero
2985 916 3066 981 de
3106 915 3444 1000 religionis
3486 916 3859 982 sincerioris
3900 917 4367 1002 propag-atione
4398 927 4462 983 et
4489 918 4582 983 de-

2669 1002 2964 1067 fensione
3027 1023 3144 1085 per
3206 1002 3666 1086 magistratum
3729 1004 3947 1068 istum.
4046 1001 4332 1069 Oremus
4388 1004 4584 1069 Domi·

2670 1109 2831 1153 num
2894 1099 2971 1153 ut
3046 1085 3388 1153 benedicat
3463 1089 3522 1152 ei
3600 1103 3666 1154 et
3730 1090 3933 1155 nobis.
4028 1089 4213 1154 Haec
4273 1089 4585 1156 celerrime

2670 1174 2902 1256 scripsi
2959 1175 3029 1238 in
3095 1172 3199 1238 die
3252 1174 3749 1240 resurrectionis
3791 1175 4083 1253 Domini,
4108 1178 4191 1256 ¹⁴)
4235 1196 4434 1258 quum
4472 1178 4587 1241 iam

2668 1260 2911 1325 iterum
2964 1259 3131 1324 mihi
3188 1258 3708 1325 concionandum
3766 1274 3953 1327 esset.
4040 1261 4225 1326 Bene
4280 1260 4425 1326 vale
4459 1282 4587 1327 cum

2670 1344 2974 1411 omnibus
3015 1347 3326 1412 fratribus
3370 1356 3437 1412 et
3475 1344 3666 1412 domo
3706 1356 3838 1411 tua.
3920 1347 4126 1412 Doleo
4160 1367 4323 1413 sane
4356 1356 4589 1412 tantum

2669 1451 3029 1497 moerorem
3072 1433 3191 1498 tibi
3235 1452 3319 1497 ex
3364 1433 3704 1516 privignae
3746 1430 3981 1498 delicto
4023 1432 4387 1498 obvenisse.
4470 1431 4591 1497 Do·

2669 1517 2889 1582 minus
2968 1517 3343 1584 consoletur
3419 1528 3486 1583 te
3551 1529 3620 1582 et
3685 1518 3915 1583 liberet
3979 1527 4045 1583 te
4110 1519 4234 1583 hac
4295 1519 4591 1584 molestia.

2671 1602 2836 1681 Scis,
2882 1605 2976 1668 mi
3017 1604 3238 1682 frater,
3284 1604 3442 1687 quid
3467 1602 3709 1669 Davidi
3754 1606 3900 1669 viro
3942 1603 4301 1670 secundum
4347 1624 4457 1671 cor
4485 1605 4593 1669 Dei

2673 1690 2988 1754 evenerit.
3081 1690 3409 1754 Dominus
3449 1689 3641 1755 Iesus
3682 1689 4023 1757 benedicat
4076 1689 4215 1757 tibi.
4305 1688 4596 1756 Salutaut

2672 1784 2738 1839 te
2780 1775 3035 1853 fratres,
3095 1776 3522 1860 singulariter
3576 1784 3796 1840 autem
3853 1779 3983 1842 mei
4024 1797 4271 1843 omnes.
4361 1775 4596 1860 Oupide

2671 1870 2823 1925 tuas
2865 1870 3321 1945 exspectamus
3366 1861 3652 1928 dicturas
3696 1862 3775 1928 de
3822 1862 4014 1928 rebus
4057 1862 4337 1929 Galliae.
4435 1865 4591 1926 1562

3796 1999 4221 2082 Bullingerus
4273 2006 4446 2064 tuus.

3548 2514 3746 2584 3759.

3171 2669 3525 2735 GALVIN
3572 2675 3633 2735 A
3678 2669 4123 2738 DESPREZ.

2850 2838 3136 2922 Responsa
3179 2840 4299 2924 alammaeriteausujddela
4343 2844 4609 2925 qumion

2672 2925 2930 2991 relative
2971 2947 3060 2990 aa
3091 2928 3377 3010 mariage
3409 2932 3578 2992 eostre
3610 2927 3959 3009 beau-frere
4001 2933 4057 2994 d
4088 2926 4464 2995 belle-soem
4490 2930 4538 3011 ¹)

2672 3098 2890 3166 (copies
2925 3098 3073 3151 Bibl.
3116 3098 3187 3151 de
3223 3097 3444 3163 Geueve
3491 3098 3614 3153 Vol.
3664 3097 3776 3152 107.
3821 3100 3861 3153 f.
3913 3098 4031 3152 145.
4100 3099 4197 3152 Aa
4241 3099 4379 3155 dos.-
4458 3099 4612 3168 Oopie

2672 3169 2817 3219 dune
2867 3167 3032 3221 lettre
3082 3168 3278 3220 escrite
3321 3183 3393 3219 au
3427 3166 3569 3220 Oure
3602 3168 3671 3223 de
3705 3167 3871 3221 Ohire
3916 3167 4180 3221 touchant
4214 3184 4276 3223 ce
4315 3169 4433 3238 quil
4479 3168 4613 3220 avoit

2672 3235 2776 3287 fait
2813 3236 2865 3288 le
2900 3237 3137 3305 mariage
3179 3236 3249 3289 de
3530 3238 3584 3288 ui
3630 3253 3690 3290 es
3764 3237 3909 3289 usoit
3952 3238 4007 3290 la
4049 3253 4174 3289 seur
4208 3237 4278 3290 de
4316 3256 4382 3291 sa
4414 3238 4614 3290 femme.

2675 3303 2753 3357 Le
2780 3303 2907 3371 jour
2939 3304 3009 3356 de
3045 3236 3655 3373 Pasquesffi.qul.
3707 3304 3793 3371 ω,
3829 3305 3924 3358 fol.
3952 3303 4081 3370 1273
4116 3305 4296 3360 Berne
4334 3305 4427 3360 vl.
4466 3303 4616 3369 lm&

625 3427 1001 3490 congressu,
1074 3428 1156 3470 ne
1213 3407 1438 3490 gravis
1493 3428 1578 3470 ex
1622 3428 1699 3471 eo
1743 3406 2016 3472 offensio
2060 3405 2327 3484 oriatur,
2372 3409 2428 3472 si
2470 3407 2573 3471 in-
2620 3392 2625 3447 ²

623 3494 797 3559 fecta
861 3514 933 3558 re
989 3504 1059 3557 et
1123 3492 1360 3557 animis
1403 3491 1730 3557 distractis
1793 3491 2219 3559 discedamus.
2307 3491 2574 3557 Interea

624 3578 970 3644 consilium
1013 3576 1314 3642 dedimus
1357 3577 1530 3660 quod
1573 3578 1690 3642 tibi
1737 3590 1804 3642 et
1846 3577 2129 3644 cordatis
2173 3598 2305 3642 non
2348 3577 2572 3661 displi-

624 3666 908 3730 citurum
966 3662 1366 3728 confidimus.
1459 3668 1555 3729 Ac
1615 3684 1806 3746 spero
1865 3663 2334 3747 amplissimam
2392 3664 2571 3728 illam

833 3867 895 3930 7)
931 3866 1009 3922 Ν.
1043 3867 1198 3923 3731.
1232 3867 1387 3922 3737.

832 3935 894 4003 8)
930 3935 1084 4005 Quae
1124 3937 1410 4006 deperdito
1453 3952 1565 3990 ease
1607 3937 1878 3991 videntur.

625 4007 804 4075 w
832 4007 1020 4072 pm
1057 4005 1286 4060 edm
1320 4005 1626 4060 mma·
1952 3937 2103 3990 Nam
2146 3952 2288 4006 quae
2322 3936 2401 3993 N.
2436 3936 2573 3992 3731

627 4144 898 4197 Conciliis.
967 4144 1092 4196 Ziir.
1127 4145 1199 4195 im
1237 4143 1502 4209 Hornung
1536 4141 1567 4194 1
1640 4141 1686 4193 1.
1725 4142 1814 4196 ld.
1848 4146 1920 4195 im
1959 4142 2283 4196 Homonat
2317 4143 2470 4197 1561.

627 4290 754 4334 ortu
807 4283 923 4334 vita
973 4287 1025 4333 et
1074 4281 1225 4335 obitu
1269 4279 1345 4332 Η.
1383 4278 1693 4348 Rulli-yon*
1741 4279 1839 4345 fol.
1884 4278 1951 4332 37
1996 4295 2076 4334 v..·
2127 4280 2190 4332 D.
2227 4281 2575 4335 Bernardoa

629 4350 802 4402 Cham
837 4350 900 4401 B.
936 4348 1212 4417 inscripsit
1246 4348 1301 4401 ll.
1339 4346 1406 4400 11.
1443 4348 1511 4401 de
1544 4348 1801 4415 conciliis,
1835 4347 2106 4417 quomodo
2140 4365 2213 4401 sc.
2250 4351 2483 4418 apostoli
2518 4352 2573 4403 in
2620 4378 2625 4415 ;

628 4417 968 4537 ''timidi-:geu
944 4418 1074 4469 eccl.
1108 4417 1392 4470 concilium
1422 4415 1816 4486 Hierosolymis
1849 4416 2245 4470 celebraverint
2279 4423 2336 4470 et

629 4502 753 4538 cum

1147 4492 1311 4565 taque
1355 4501 1505 4553 pace,
1551 4485 1821 4554 quomodo
1867 4488 1998 4539 item
2032 4485 2190 4538 Rom.
2225 4502 2332 4554 pon
2363 4486 2376 4498 ⁸
2409 4428 2575 4540 ἓξὲξ)

629 4623 831 4675 damno
866 4622 1378 4692 perturbationeque
1409 4622 1667 4676 fidelium.

805 4689 896 4753 11)
935 4688 1196 4745 Fortasse
1231 4693 1415 4745 ms
1447 4690 2169 4759 ermannus-‘nala-
2200 4693 2236 4745 1.
2267 4708 2312 4747 c.
2347 4692 2573 4757 fiseo..-

629 4766 696 4811 .⁵..
738 4758 872 4812 1562
905 4770 1165 4813 renovato
1199 4760 1424 4815 concilio
1459 4761 1605 4814 Trid.
1643 4758 1848 4813 citatio
1881 4760 2096 4813 concilii
2112 4759 2178 4814 ⁰1¹·
2407 4763 2576 4816 missa

631 4842 720 4880 est
770 4846 880 4896 qua
929 4834 1190 4881 vocantur
1243 4831 1360 4881 eius
1409 4830 1559 4881 urbis
1610 4830 2018 4882 concionatores
2071 4836 2131 4881 et
2179 4846 2196 4880 ι
2246 4830 2258 4842 ’
2335 4831 2572 4884 mittitur

629 4896 768 4948 fides
821 4896 1060 4964 publica:
1115 4900 1296 4977 itaque
1350 4915 1516 4965 quum
1569 4914 1677 4951 non
1727 4899 1900 4952 solum
1946 4898 2090 4951 domi
2142 4896 2275 4952 haec
2325 4902 2574 4968 quaestio

631 4974 902 5034 ngmm,
947 4966 1042 5018 sed
1093 4982 1290 5032 passm
1337 4981 1436 5033 per

629 5034 702 5086 de
737 5034 839 5087 bac
870 5050 1032 5088 musa
1066 5044 1152 5086 ter
1185 5034 1253 5086 ad
1293 5033 1354 5087 B.
1389 5034 1708 5113 scripsisset,
1756 5035 1935 5090 denuo
1983 5040 2274 5089 tractatum
2318 5037 2386 5090 de
2421 5055 2573 5092 recu·

3144 3374 3343 3428 Simler
3378 3374 3439 3427 V.
3476 3371 3609 3437 104;
3642 3375 3858 3428 Bonnet
3890 3373 3959 3428 11.
3992 3372 4141 3440 461.)

2844 3545 3185 3611 Monsieur
3242 3554 3312 3610 et
3359 3546 3551 3625 frere,
3607 3545 3657 3611 il
3699 3569 3744 3630 y
3802 3566 3842 3609 a
3898 3546 4077 3611 desia
4119 3566 4299 3612 asses
4342 3544 4479 3611 bon
4522 3565 4612 3609 es·

2622 3656 2626 3671 ·
2671 3652 2829 3713 pace
2873 3629 2954 3695 de
2989 3640 3202 3715 temps
3244 3653 3370 3715 que
3403 3631 3500 3697 les
3531 3631 3812 3715 plaintes
3843 3630 3931 3696 du
3965 3633 4257 3716 mariage
4292 3652 4426 3714 que
4459 3651 4611 3697 vous

2673 3736 2829 3782 aves
2881 3717 3017 3794 fait,
3077 3726 3195 3782 ont
3251 3717 3397 3782 vole
3449 3718 3712 3802 iusques
3767 3719 3869 3783 ici.
3961 3718 4134 3783 Mais
4187 3717 4442 3783 devant
4493 3736 4609 3801 que

2622 3870 2625 3879 ,
2672 3823 2838 3867 nous
2903 3802 3186 3869 fussions
3232 3801 3521 3869 advertis
3572 3825 3697 3887 que
3752 3804 3988 3870 cesties
4031 3825 4212 3883 vous,
4274 3803 4374 3870 les
4419 3804 4612 3870 freres

2673 3886 2754 3952 de
2796 3887 3078 3954 Poitiers
3136 3908 3302 3953 nous
3355 3910 3442 3953 en
3500 3888 3974 3955 demanderent
4034 3889 4299 3967 conseil,
4366 3899 4439 3954 et
4480 3890 4612 3954 leur

2621 4028 2625 4055 ,
2672 3993 3073 4058 envoyames
3160 3995 3280 4057 par
3343 3977 3542 4039 escrit
3601 3996 3677 4041 ce
3741 3977 3852 4058 qui
3919 3996 4085 4041 nous
4144 3997 4228 4040 en
4293 3974 4609 4041 sembloit.

834 4073 896 4142 9)
927 4075 1010 4127 De
1060 4075 1300 4128 conciliis
1336 4075 1393 4129 ιι.
1441 4073 1508 4127 11„
1543 4074 1605 4126 Τ·
1645 4115 1658 4126 .
1714 4074 1936 4128 Frooeh.
1974 4071 2124 4127 1561.
2177 4073 2227 4126 s
2301 4075 2428 4127 von
2463 4075 2571 4130 den
2622 4062 2625 4071 '

2672 4059 2961 4125 Mesmes
3021 4080 3188 4125 nous
3250 4060 3736 4144 respondismes
3794 4082 3834 4125 a
3887 4062 4199 4144 quelques
4257 4061 4484 4144 points
4538 4060 4612 4123 de

801 4211 894 4272 ιο)
933 4211 1021 4265 De
1055 4212 1144 4264 aa
1177 4211 1314 4265 αιῶι·
1346 4210 1488 4265 ...πει
1517 4211 1756 4279 κερέα-ω.
1830 4211 1942 4263 ιω.
1970 4209 2180 4275 seam,
2215 4216 2473 4267 ..mm
2507 4213 2574 4266 a.
2672 4156 2892 4210 '⁰⁸³⁰
2940 4145 3270 4230 Apologia,
3336 4146 3696 4230 regardans
3760 4146 3824 4211 ¹⁰
3881 4147 4113 4230 simple
4168 4147 4307 4224 fait,
4372 4164 4609 4230 pom-00

2671 4251 2797 4313 que
2858 4230 3185 4296 l’autheur
3247 4252 3414 4298 nous
3458 4232 3651 4298 estoit
3702 4253 3972 4299 encores
4013 4233 4317 4316 incognu.
4415 4231 4613 4315 Voyla

2620 4340 2625 4357 ·
2672 4325 2880 4400 quant
2934 4325 2978 4382 a
3040 4326 3263 4383 nostre
3314 4318 3524 4384 escrit
3542 4316 3599 4403 ²)
3678 4317 3936 4402 Depuis
3992 4326 4256 4384 courrut
4298 4323 4612 4402 qu'ayant

2673 4410 2812 4467 este
2855 4402 2989 4467 mal
3034 4403 3264 4468 advise
3284 4407 3338 4475 ⁸)
3383 4412 3427 4469 a
3468 4403 3633 4470 faire
3673 4403 3867 4469 ledict
3932 4405 4240 4489 mariage,
4305 4424 4473 4469 vous
4516 4424 4611 4468 re·

629 4552 738 4607 500
771 4564 828 4605 et
862 4554 1091 4622 amphus
1126 4570 1281 4606 annu
1314 4570 1414 4606 sus
1447 4554 1674 4608 munilia
1707 4553 2105 4607 celebraverint
2136 4564 2194 4606 θ.
2214 4562 2418 4622 quanto
2450 4573 2572 4609 oum
2620 4500 2625 4571 Ξ
2671 4487 2962 4553 doublies
2997 4487 3062 4554 la
3105 4490 3284 4554 faute
3328 4510 3414 4554 en
3455 4491 3518 4554 le
3562 4492 3976 4556 maintenant
4008 4503 4234 4556 contre
4270 4498 4419 4556 tous
4443 4497 4610 4555 estre

2620 4666 2625 4731 Ξ

1708 4968 1720 4979 ‘
1759 4985 1828 5035 m,
1875 4974 1932 5018 et
1977 4967 2234 5036 princeps
2276 4967 2573 5023 Bessorum
2619 4962 2625 5007 ἶ

629 5103 845 5183 natione
878 5102 1024 5155 Trid.
1065 5102 1274 5155 concilii
1310 5101 1540 5154 confecit
1573 5105 1666 5170 qui
1711 5112 1893 5157 tamen
1938 5121 2044 5158 nou
2088 5112 2175 5157 est
2207 5105 2262 5159 in
2298 5108 2573 5174 publicum
2619 5168 2627 5191 ·

629 5171 826 5225 editus.

2672 4573 2866 4638 ordre
2923 4575 3053 4640 bon
3113 4585 3179 4640 et
3237 4576 3541 4659 legitime.
3652 4576 3824 4642 Mais
3881 4576 4111 4660 depuis
4169 4596 4297 4660 que
4356 4595 4518 4641 vous
4568 4595 4611 4657 y

2673 4679 2833 4724 aves
2875 4669 3014 4726 este
3064 4660 3286 4740 mesle,
3351 4681 3519 4727 nous
3562 4667 3714 4727 n’en
3758 4681 3965 4729 avons
4007 4662 4190 4746 parle
4232 4681 4317 4726 en
4354 4661 4503 4726 bien
4547 4660 4611 4723 ni

2619 4768 2625 4831 ς
2673 4767 2758 4810 en
2801 4746 2952 4811 mal.
3014 4747 3193 4830 Vray
3240 4756 3342 4811 est
3382 4769 3508 4830 que
3552 4769 3719 4814 nous
3760 4769 3844 4812 en
3889 4769 4096 4814 avons
4138 4754 4275 4813 este
4318 4747 4612 4823 offensa,

2848 4967 2940 5035 18)
2984 4969 3041 5022 V.
3381 4972 3393 4984 ‘
3435 4977 3487 5025 et
3526 4970 3743 5025 Hauon-i
3783 4985 3906 5040 epp.
3943 4988 4011 5023 ιιι.
4050 4972 4324 5025 Ianum-io
4365 4970 4612 5037 scriptas.

2851 5036 2915 5091 14
3046 5038 3827 5095 §bonomia-ceditis&
3868 5039 4084 5094 Martii.

2878 5172 3256 5240 moeee'crit
3307 5178 3477 5231 «siue
3527 5185 3578 5231 et
3626 5182 3708 5231 ext
3756 5178 3992 5245 eon-pris
4039 5174 4609 5231 ammeca-tion

805 5238 899 5305 12)
950 5240 1218 5292 Vasa-m
1259 5237 1468 5293 ἆοιιοιιπ
1515 5238 1595 5292 od
1638 5245 1922 5295 maen·
1968 5240 2017 5294 4.
2058 5241 2216 5295 lunio·
2256 5243 2573 5298 σαοὺναωιη
2689 5244 2800 5299 Vol.
2842 5242 2911 5296 X.
2952 5242 3038 5298 Pe.
3077 5241 3174 5307 Ire,
3210 5260 3263 5312 p.
3300 5244 3421 5300 233.

625 5309 722 5377 (aa
768 5308 916 5361 Tm
951 5308 1047 5360 m.
1084 5305 1233 5371 259).

2880 5310 2943 5371 3)
2976 5312 3193 5365 adres-e
3231 5313 3319 5367 Bt.
