4850 6117
607 358 738 422 679

603 543 915 694 regim
960 540 1201 694 {igme
1262 548 1330 608 et
1373 540 1850 609 Festinandum
1890 539 2301 624 imperatoris
2342 539 2555 606 filium

610 650 741 698 oon
892 649 972 693 en
1077 677 1095 693 .

784 713 1141 797 Negotium
1185 712 1667 779 Pellizariorum
1683 713 1741 787 ⁸)
1786 733 1914 796 qua
1951 711 2139 796 potui
2181 710 2310 777 fide
2353 718 2420 776 et
2454 708 2554 775 di-

609 799 885 885 ligentia
922 798 1047 883 egi,
1093 797 1269 883 apud
1312 807 1631 864 senatum.
1705 796 2066 881 Impetravi
2106 797 2349 876 literas,
2394 816 2554 879 qua-

609 906 764 951 rum
807 883 1185 967 exemplum
1227 885 1404 950 hisce
1445 883 1698 950 inclusi.
1763 883 2040 949 Iamiam
2084 883 2318 966 recepi.
2382 880 2552 947 Ver-

605 975 751 1037 tere
810 989 946 1035 non
1000 968 1207 1036 licuit.
1305 969 1579 1035 Retinui
1632 989 1748 1052 per
1805 968 2078 1035 biduum
2117 967 2550 1035 tabellarium.

606 1055 780 1122 Heri
841 1054 1043 1122 venit.
1137 1055 1355 1121 Hodie
1429 1055 1653 1120 literas
1715 1055 2086 1137 impetravi.
2186 1054 2354 1120 Cras
2418 1052 2552 1119 dis-

609 1140 816 1208 cedet.
880 1140 1065 1206 Haec
1109 1142 1232 1206 sub
1266 1161 1608 1223 vesperam
1643 1139 1885 1205 scribo:
1931 1139 2181 1206 scribae
2213 1159 2332 1223 pro
2366 1158 2551 1204 more

609 1226 763 1292 dedi
806 1246 985 1292 asses
1034 1229 1109 1289 15
1154 1226 1263 1292 vel
1305 1225 1550 1291 batzios
1595 1230 1632 1287 7
1691 1246 1839 1291 8881
1885 1225 2170 1291 dimidio.
2254 1224 2422 1290 Gavi
2464 1243 2551 1288 ne

609 1311 781 1378 ullos
822 1318 1124 1394 sumptus
1169 1312 1447 1378 facerem
1503 1311 1802 1376 maiores.
1874 1310 2289 1378 Pellizarium
2330 1307 2549 1375 orabis

608 1406 688 1463 ut
751 1397 1031 1482 benigne
1073 1397 1369 1462 consulat
1429 1395 1552 1462 hoc
1614 1417 1835 1461 meum
1899 1397 2182 1462 officium
2248 1392 2417 1480 quod
2488 1395 2550 1459 ei

607 1491 879 1567 propter
941 1490 1119 1546 tuam
1184 1480 1811 1549 commendationem
1866 1481 2174 1566 impendi.
2284 1481 2549 1546 Literas

606 1569 1031 1652 magistratus
1084 1569 1337 1633 mittam
1393 1566 1674 1633 fideliter
1717 1568 1898 1634 Coss.
1986 1566 2414 1634 Ouriensibus
2477 1573 2546 1631 et

606 1652 1073 1719 commendabo
1115 1655 1209 1718 eis
1252 1673 1517 1718 causam
1571 1654 1743 1719 hanc
1788 1673 1985 1737 quam
2028 1651 2546 1737 diligentissime.

604 1738 777 1805 Heri
821 1740 1050 1823 scripsi
1092 1737 1176 1804 D.
1203 1738 1506 1817 Fabritia
1550 1739 1655 1805 cui
1698 1740 1896 1804 etiam
1929 1737 2384 1804 commendavi
2418 1759 2549 1821 qua

605 1826 795 1907 potui
857 1824 1001 1889 fide.
1090 1825 1181 1890 Ac
1237 1826 1369 1891 scio
1432 1825 1617 1890 illum
1680 1825 1816 1890 fore
1873 1824 2191 1889 sedulum.
2280 1823 2547 1908 Optime

604 1910 772 1976 vale.
860 1911 1085 1995 Tiguri
1130 1915 1229 1976 27.
1278 1911 1508 1976 Martii
1549 1908 1673 1976 sub
1717 1930 2056 1995 vesperam
2106 1913 2288 1977 1563.

1724 2046 2150 2131 Bullingerus
2204 2053 2372 2113 tuus.

775 2252 1037 2319 Dicitur
1078 2251 1293 2336 colligi
1337 2252 1660 2318 exercitus
1700 2252 1771 2317 18
1795 2251 2154 2317 Germania
2187 2252 2271 2318 ad
2312 2251 2547 2318 Metim

606 2338 1141 2422 recuperandam.
1172 2342 1226 2412 ⁴)
1292 2337 1514 2402 Vidua
1533 2337 1758 2402 beatae
1779 2339 2129 2402 memoriae
2154 2337 2471 2422 Martyris
2495 2341 2547 2416 ³)

606 2424 879 2489 fratrem
949 2423 1160 2489 habet.
1269 2422 1341 2488 Is
1404 2431 1505 2488 est
1571 2420 1743 2505 apud
1808 2421 1892 2488 D.
1957 2423 2413 2489 Admiraldum
2474 2424 2546 2487 in

606 2509 765 2574 aula
808 2510 965 2575 eius.
1053 2508 1228 2590 Quia
1270 2529 1424 2574 vero
1467 2508 1674 2573 multo
1728 2516 2017 2592 tempore
2073 2508 2238 2574 nihil
2283 2508 2547 2593 scripsit

607 2593 886 2660 sollicita
927 2603 1030 2659 est
1070 2615 1154 2659 ne
1197 2595 1536 2660 interierit.
1626 2593 1914 2660 Oramus
1957 2614 2133 2679 ergo,
2179 2603 2256 2661 ut
2298 2596 2355 2661 si
2396 2615 2545 2678 pos-

606 2679 725 2759 sis,
765 2679 1101 2764 perquiras
1155 2699 1271 2762 per
1330 2680 1572 2746 amicos
1629 2688 1794 2757 tuos,
1859 2699 1946 2745 an
1987 2682 2172 2747 vivat
2227 2701 2313 2746 an
2371 2702 2545 2746 mor-

607 2771 764 2831 tuus
805 2766 908 2832 sit.
997 2763 1300 2831 Merenda
1343 2773 1444 2832 est
1484 2785 1723 2831 nomen
1765 2765 2065 2832 familiae.

1479 3307 1677 3378 3922.

854 3445 1173 3531 comm
1216 3461 1343 3529 Au
1386 3446 1690 3529 samm
1731 3463 1857 3529 DE
1904 3447 2302 3531 GENEVE.

780 3635 861 3702 R
900 3636 1036 3702 lone
1077 3621 1164 3699 les
1213 3635 1454 3718 yrands
1510 3636 1774 3702 services
1828 3635 1903 3701 de
1959 3633 2130 3701 Bcze
2170 3637 2291 3719 {qui
2343 3640 2546 3703 rentrc

604 3722 652 3787 ὰ
699 3721 955 3787 Θεηὲυε.

609 3892 902 3958 (Archives
936 3893 1005 3946 (18
1039 3890 1518 4029 θοῃὸνθὲήξξοὲἕο
1526 3890 1903 4029 αξῖῗέἑίιὲἓὲῧ
1950 3890 2136 3946 Liasse
2175 3890 2327 3948 1712.
2383 3892 2546 3948 Sous-

607 4134 770 4199 Aux
834 4131 1302 4216 magnificques
1362 4131 1701 4215 seigneurs
1742 4131 2096 4197 Messieurs
2148 4131 2244 4198 les
2302 4132 2546 4200 scindic

909 4226 976 4282 et
1018 4218 1353 4301 seigneurs
1396 4215 1484 4282 du
1528 4216 1789 4283 Oonseil
1834 4216 1912 4283 de
1960 4218 2251 4285 Geneve.

784 4388 1259 4472 Magnificques
1334 4359 1706 4471 881388818,ι
1766 4389 1914 4471 puis
1987 4388 2122 4470 quil
2187 4410 2227 4453 a
2289 4388 2442 4473 pleu
2506 4411 2547 4456 a

610 4481 834 4537 nostre
877 4473 1004 4537 bon
1048 4471 1200 4538 dieu
1243 4493 1651 4539 commancer
1714 4494 1753 4537 a
1810 4472 2069 4538 reduire
2124 4474 2221 4541 les
2258 4475 2547 4542 troubles

611 4564 682 4622 et
739 4558 1109 4623 confusions
1167 4555 1325 4624 dont
1380 4559 1436 4624 si
1491 4558 1648 4642 long
1703 4566 1917 4641 temps
1973 4565 2250 4640 (comme
2293 4561 2547 4629 chacun

819 4776 882 4842 3)
916 4777 1197 4846 Negotium
1229 4779 1414 4848 ipsum
1459 4779 1619 4834 nobie
1661 4793 1774 4833 non
1816 4781 2085 4848 comitum
2126 4787 2219 4836 cst.
2293 4781 2549 4838 Pelii-eca-

610 4848 824 4929 η’ρηιιιι
904 4860 1027 4927 cns·
1055 4846 1361 4928 Olapennac
1403 4854 1457 4903 et
1496 4849 1558 4901 in
1600 4847 1939 4930 Dognbardia
1983 4850 2220 4911 florebat.
2304 4851 2552 4907 Bernar-

612 4916 785 4971 amus
877 4954 902 4997 ⁰.
956 4914 1269 5000 Vtccntmngs
1312 4934 1364 4971 a.
1417 4915 1554 4970 1559
1598 4921 1868 4973 ctmtatcm
1917 4916 2274 4974 Gemenscm
2318 4920 2550 4990 adeptus

609 4991 693 5041 cst
723 4983 971 5052 (Galcffc,
1008 4983 1139 5038 Not.
1173 5002 1289 5051 oen.
1323 4985 1420 5040 111.
1452 4985 1601 5052 363).

605 5121 665 5179 Π
715 5051 882 5177 7984)
912 5050 991 5107 N.
1042 5051 1196 5106 3906.
1284 5054 1448 5110 Μέηι.
1505 5056 1573 5111 dc
1629 5054 1920 5111 Ooslclmu
1970 5054 2053 5112 ὀᾶ.
2091 5056 2173 5111 Lc
2207 5056 2548 5114 Labourcur.

607 5260 639 5327 ‹
812 5189 881 5273 p)
911 5190 1112 5313 &ff
1125 5194 1330 5327 fasten
1364 5191 1654 5248 mercatori
1682 5191 2030 5251 Locamemi
2044 5192 2322 5252 Lodovn‘co
2340 5194 2548 5253 Ronco.

2099 349 2628 420 EPIsmLAE
2669 327 3094 418 3921—3924

4464 358 4586 423 680

2657 539 2849 619 88811)
2890 560 2964 607 ce
3009 557 3257 621 pouvre
3299 557 3612 624 royaume
3653 560 3693 606 a
3725 545 3863 607 este
3896 540 4116 625 afflige
4148 562 4318 627 pour
4345 540 4408 608 le
4438 543 4590 610 faict

2656 624 2737 691 de
2802 624 2868 690 la
2916 623 3195 709 religion
3251 646 3292 690 a
3348 645 3481 691 une
3532 625 3947 707 pacification
3998 635 4062 693 et
4104 626 4486 711 tranquilite
4524 639 4589 696 et

2653 709 2791 793 quil
2837 709 3100 788 semble,
3165 729 3206 774 a
3246 711 3392 776 voir
3447 709 3994 777 lacheminement
4035 712 4151 779 des
4192 713 4428 780 choses
4467 736 4588 797 que

2652 816 2821 862 nous
2862 815 2957 861 ne·
2985 815 3278 881 peuvons
3316 794 3673 862 desormais
3704 796 4007 863 attendre
4039 799 4225 864 sinon
4261 820 4399 864 une
4434 821 4587 885 aug-

2626 882 3025 956 ,mentacion
3070 887 3302 947 autant
3342 882 3591 966 grande
3632 903 3717 948 en
3758 882 4214 950 lavancement
4254 885 4350 950 du
4394 906 4592 970 regne

2655 966 2735 1032 de
2776 966 2964 1034 Iesus
3030 965 3258 1033 Christ
3319 988 3441 1050 par
3501 967 3567 1032 la
3628 989 3790 1051 pure
3852 968 4259 1053 predicacion
4329 970 4412 1036 de
4476 993 4591 1038 son

2652 1053 2995 1136 evang-ille,
3035 1072 3285 1118 comme
3318 1053 3412 1120 188
3446 1074 3761 1139 ennemys
3796 1052 3877 1120 de
3911 1076 3985 1120 88
4021 1056 4227 1122 verite
4261 1055 4592 1123 cuidoient

2649 1147 3374 1221 presumptueusement
3436 1159 3567 1204 non
3625 1140 3988 1206 seulement
4036 1142 4101 1207 le
4153 1140 4457 1207 retarder
4509 1164 4590 1209 ou

2652 1225 3034 1307 empescher
3073 1224 3216 1289 ains
3257 1225 3540 1309 plustost
3576 1225 3640 1289 18
3682 1246 3932 1309 ruyner
3974 1235 4041 1292 et
4082 1225 4308 1292 abatre
4354 1235 4425 1293 81
4468 1248 4589 1312 888

2651 1328 2817 1392 pour
2857 1317 3027 1375 cette
3068 1310 3282 1375 raison
3326 1309 3568 1376 Monsr.
3611 1311 3687 1376 cle
3706 1309 3908 1377 Besae
3949 1332 3988 1376 a
4027 1311 4092 1376 18
4134 1311 4369 1379 (188888
4410 1315 4591 1397 prins

2651 1404 3016 1479 argument,
3062 1415 3232 1480 quoy
3285 1397 3436 1479 qu’a
3486 1417 3645 1462 mon
3686 1409 3921 1480 regret‚
3979 1396 4060 1463 (18
4116 1419 4187 1464 88
4228 1399 4471 1464 retirer
4514 1399 4588 1464 de

2651 1500 2724 1545 ce
2767 1481 2906 1563 pais
2950 1501 3116 1566 pour
3158 1481 3320 1546 aller
3361 1503 3447 1546 au
3492 1491 3711 1548 vostre
3764 1481 3998 1548 rendre
4057 1504 4140 1549 en
4185 1491 4416 1549 vostre
4480 1505 4588 1548 en-

2650 1564 2858 1633 droict
2896 1567 2959 1632 le
3003 1567 3230 1632 devoir
3272 1566 3509 1651 auquel
3552 1587 3627 1633 sa
3682 1568 3986 1635 vocation
4038 1568 4104 1635 le
4148 1571 4311 1634 tient
4357 1569 4586 1654 oblige,

2640 1654 2711 1734 ,ie
2754 1674 2837 1717 ne
2878 1652 2988 1737 lay
3030 1651 3254 1718 voullu
3305 1653 3535 1718 laisser
3589 1655 3795 1736 partir
3850 1675 4005 1720 sans
4063 1655 4590 1739 laccompaigner

2648 1736 2730 1802 de
2771 1745 2941 1804 cette
2979 1739 3172 1804 lettre
3216 1740 3328 1820 qui
3372 1739 3624 1806 servira
3665 1760 3799 1803 non
3843 1761 4006 1822 pour
4048 1741 4455 1824 tesmoigner
4497 1742 4586 1807 les

2647 1833 2972 1889 vertueux
3014 1835 3081 1890 et
3121 1823 3409 1889 louables
3453 1825 3670 1891 offices
3706 1825 3842 1908 quil
3876 1848 3917 1891 a
3949 1826 4137 1892 faicts
4171 1848 4255 1892 en
4291 1826 4361 1890 la
4395 1847 4585 1910 pour-

2648 1909 2846 1974 suitte
2887 1919 2955 1975 et
2997 1908 3288 1975 deffence
3332 1909 3506 1976 dune
3549 1912 3607 1975 si
3642 1913 3820 1994 juste
3863 1921 3931 1976 et
3970 1913 4218 1977 saincte
4274 1913 4583 1996 querelle,

2649 1994 2946 2060 daultant
2999 1992 3170 2079 quilz
3214 2006 3363 2061 sont
3410 1996 3473 2061 si
3508 1997 3794 2061 notoires
3847 2009 3914 2062 et
3965 2019 4294 2082 congneuz
4342 2018 4475 2081 que
4515 2019 4584 2063 ce

2647 2101 2732 2144 ne
2767 2081 2966 2145 seroit
3007 2099 3131 2165 888
3175 2082 3582 2163 superfluitte
3625 2080 3705 2147 de
3746 2081 3842 2148 les
3886 2081 4157 2149 deduire
4198 2104 4280 2148 ou
4326 2083 4584 2167 publier

2649 2164 3055 2251 davantaige,
3111 2167 3284 2232 Mais
3336 2187 3504 2250 pour
3558 2168 4055 2250 premierement
4115 2190 4272 2234 vous
4339 2189 4583 2233 remer-

2649 2252 2779 2316 cier
2821 2251 2972 2316 bien
3015 2253 3591 2318 affectueusement
3633 2253 3713 2319 de
3775 2252 3840 2319 la
3880 2253 4116 2321 faveur
4157 2275 4284 2337 que
4316 2257 4443 2339 jay
4484 2275 4581 2319 re-

2648 2357 2768 2401 888
2812 2336 2892 2402 (18
2935 2361 3099 2405 vous
3142 2358 3249 2403 me
3291 2338 3522 2423 layant
3562 2338 3757 2404 181888
3791 2341 3969 2405 88881
4002 2338 4428 2425 longuement
4462 2361 4583 2423 que

2647 2420 2763 2506 luy
2822 2444 3067 2490 mesme
3110 2444 3149 2487 a
3192 2427 3352 2507 juge
3410 2446 3486 2489 sa
3537 2445 3848 2507 presence
3902 2435 4073 2491 estre
4125 2427 4389 2508 requise
4446 2439 4510 2490 et
4549 2447 4586 2490 a

2648 2528 2804 2592 moy
2846 2531 2964 2574 son
3023 2511 3150 2576 bon
3207 2510 3449 2575 conseil
3506 2512 3872 2576 necessaire
3929 2531 3970 2575 8
4022 2510 4088 2576 18
4144 2511 4481 2577 eonduitte
4523 2520 4586 2575 et

2648 2595 3008 2660 maniment
3048 2595 3219 2661 dune
3261 2617 3453 2661 cause
3495 2597 3552 2662 si
3599 2599 4001 2679 ,importante
4055 2619 4183 2663 veu
4225 2597 4445 2679 quelle
4486 2617 4584 2661 re·

2646 2678 2902 2762 gardoit
2937 2689 3003 2745 et
3035 2682 3100 2745 la
3132 2681 3337 2764 gloire
3373 2680 3453 2747 de
3488 2703 3560 2747 oe
3594 2680 3805 2766 grand
3841 2681 3990 2748 dieu
4034 2690 4100 2748 et
4141 2683 4206 2747 la
4238 2703 4582 2748 conserva-

2648 2766 2784 2828 tion
2808 2765 2888 2831 de
2908 2765 3250 2833 lauctorite
3271 2765 3351 2832 de
3374 2788 3524 2832 mon
3540 2770 3742 2851 jeune
3762 2768 3934 2852 Roy‚
3957 2789 4041 2833 en
4061 2789 4232 2853 quoy
4257 2768 4304 2832 il
4329 2788 4372 2832 a
4395 2767 4583 2833 beau·

2649 2870 2815 2933 coup
2858 2873 3056 2937 servy
3097 2873 3138 2918 a
3168 2853 3410 2935 jnciter
3461 2853 3558 2918 les
3600 2875 3727 2919 888
3780 2861 3849 2919 81
3889 2854 4186 2920 88818811-
4222 2854 4320 2920 188
4364 2864 4579 2920 autres

2649 2957 2689 3000 a
2730 2936 3101 3003 lexecution
3156 2938 3237 3002 de
3291 2938 3468 3005 leurs
3520 2938 3795 3023 charges
3852 2948 3919 3004 et
3970 2940 4114 3024 puis
4158 2942 4295 3021 (me
4338 2958 4579 3005 remec-

2647 3028 2796 3087 tant
2852 3043 2968 3088 sur
3009 3044 3083 3088 sa
3125 3022 3471 3090 suffisance
3514 3046 3554 3090 8
3595 3045 3759 3091 vous
3802 3024 4118 3091 discourir
4173 3034 4242 3090 et
4287 3034 4578 3109 raporter

2648 3108 3246 3190 particulierement
3285 3108 3383 3175 les
3426 3129 3850 3176 occurrances
3894 3119 3961 3176 et
4003 3130 4397 3176 evenemens
4443 3117 4579 3174 tant

2651 3194 2730 3258 de
2773 3192 2837 3256 la
2874 3215 3111 3277 guerre
3155 3216 3280 3278 que
3323 3194 3404 3260 de
3446 3205 3619 3261 ceste
3662 3196 3816 3279 paix
3861 3203 3929 3261 et
3972 3196 4060 3262 du
4118 3196 4266 3262 11188
4308 3198 4425 3279 881
4467 3216 4575 3261 sen

2648 3278 2829 3361 peult
2871 3286 3159 3362 esperer)
3201 3302 3363 3347 vous
3398 3302 3678 3359 asseure,
3724 3281 4188 3365 magnificques
4221 3282 4573 3365 seigneurs,

2647 3385 2775 3447 que
2836 3373 3050 3431 188188
3106 3365 3202 3431 188
3244 3367 3739 3449 gratiffications
3780 3374 3847 3431 et
3888 3367 4239 3433 honnestes
4282 3365 4575 3433 demons-

2647 3450 2923 3516 tratione
2984 3451 3065 3516 de
3140 3452 3206 3516 la
3270 3452 3483 3518 bonne
3542 3452 3817 3518 volunte
3880 3474 4006 3535 que
4070 3474 4295 3518 mavez
4358 3473 4449 3518 en
4508 3474 4575 3518 ce

2645 3534 2798 3601 faict
2859 3536 3121 3602 offertos
3176 3537 3512 3602 tiendront
3574 3544 3757 3603 toute
3821 3559 3931 3603 ma
3983 3540 4092 3603 vie
4156 3538 4245 3604 tel
4303 3538 4441 3603 lien
4497 3558 4573 3603 en

2646 3641 2754 3685 ma
2794 3622 3106 3688 memoire
3148 3643 3275 3705 que
3318 3624 3596 3690 soffrant
3649 3625 3940 3690 occasion
3998 3646 4162 3708 pour
4223 3625 4285 3689 le
4327 3625 4572 3689 service

2645 3726 2880 3772 envers
2945 3728 3110 3774 vous
3173 3708 3349 3774 dune
3403 3708 3726 3793 condigne
3780 3710 4357 3794 recongnoissance
4417 3729 4569 3774 vous

2643 3794 3091 3876 congnoistrez
3154 3814 3276 3876 par
3338 3794 3530 3862 effect
3595 3794 3674 3861 de
3737 3795 3948 3878 quelle
4014 3796 4315 3861 affection
4351 3797 4423 3879 je
4467 3815 4569 3878 my

2646 3878 3065 3962 emploieray.
3151 3881 3243 3944 Et
3286 3900 3413 3962 que
3456 3901 3576 3963 par
3618 3901 3692 3947 ce
3735 3901 3977 3965 moyen
4025 3884 4094 3964 je
4150 3881 4287 3945 suis
4328 3883 4570 3945 certain

2644 3984 2811 4029 vous
2853 3983 2942 4029 ne
2983 3965 3371 4049 regreteriez
3424 3968 3646 4048 poinct
3700 3965 3798 4031 les
3851 3966 4113 4050 plaisirs
4170 3986 4296 4048 que
4352 3985 4569 4032 mavez

2637 4050 2960 4133 jmpartiz.
3049 4051 3242 4116 Ainsi
3282 4072 3406 4134 que
3439 4052 3561 4136 jay
3602 4052 3779 4134 prier
3830 4051 3990 4116 ledit
4045 4054 4220 4118 81881·
4260 4053 4337 4117 de
4379 4051 4569 4117 Besae

2645 4155 2810 4201 vous
2872 4135 2935 4200 le
2970 4135 3136 4201 faire
3184 4138 3518 4203 entendre.
3605 4137 3842 4203 Priant
3894 4136 4063 4216 dieu,
4107 4138 4567 4221 Magnificques

2645 4221 2999 4304 seigneurs,
3063 4223 3405 4288 continuer
3447 4242 3529 4288 88
3584 4229 3764 4288 18818
3810 4221 4060 4288 felixite
4114 4223 4180 4287 la
4233 4242 4567 4289 conserva-

2646 4306 2783 4371 tion
2827 4305 2907 4371 de
2948 4314 3176 4373 vostre
3219 4308 3636 4392 republicque
3678 4316 3746 4374 et
3786 4329 3947 4374 vous
3992 4308 4342 4373 maintenir
4385 4329 4468 4374 en
4503 4325 4567 4373 sa

2649 4399 2784 4456 tres
2827 4392 3071 4458 saincte
3124 4394 3340 4478 garde.
3402 4396 3641 4477 escript
3694 4415 3734 4459 8
3777 4392 4058 4460 Orloans
4101 4415 4175 4460 ce
4220 4394 4453 4477 xxviij⁶
4494 4392 4563 4458 de

2647 4497 2825 4542 mars
2875 4480 3053 4544 1562.
3081 4480 3132 4562 ¹)

3411 4616 3653 4682 Vostre
3694 4615 3846 4682 bien
3892 4616 4019 4682 bon
4061 4637 4166 4681 am
4259 4623 4326 4682 81
4367 4615 4567 4699 oblige

3668 4702 3849 4788 Loys
3894 4702 3975 4768 de
4013 4638 4324 4768 bom-lon.

2641 4869 3184 5009 ῗῙΘῙΒῇἐὲιξοηῳυι
3212 4872 3481 4942 francaic,
3517 4872 3727 4929 Panne'e
3761 4872 3896 4927 1563
3913 4877 4281 4943 commeant
4304 4875 4341 4930 ὰ
4367 4872 4571 4943 Ρᾶφιοε
