4850 6117
305 429 387 492 3⁷
2056 435 2214 499 1561
2263 429 2587 501 OO‘DOB.
4225 436 4314 503 ³8

1189 615 1377 688 85⁶1.

743 770 1216 841 OALVINUS
1253 771 1815 842 ORUOIGERO.

478 938 909 1009 Blandratam
952 964 1079 1026 pro
1133 944 1350 1011 merito
1414 949 1745 1012 tradamm
1809 945 1992 1026 docet,
2057 948 2256 1014 mira-

305 1027 532 1108 turm
570 1047 692 1110 quo
729 1033 910 1113 pacto
951 1051 994 1094 a
1049 1030 1425 1112 quibusdam
1466 1036 1596 1098 tam
1649 1031 2002 1099 lamnae,-
2043 1053 2255 1115 excep-

304 1113 414 1179 tus
452 1112 649 1194 fuerit
686 1113 814 1180 imo
860 1115 1148 1184 ecclesiae
1181 1116 1554 1200 praefectus,

303 1283 423 1350 (Ex
457 1285 770 1407 alpographo
806 1286 968 1340 Arch.
988 1285 1171 1368 Turio:
1188 1286 1332 1380 plut.
1365 1286 1465 1343 VI.
1506 1286 1625 1342 Vol.
1665 1286 1779 1354 168,
1815 1288 1945 1342 olim
1981 1288 2153 1343 Scrin.
2190 1289 2252 1343 B.

304 1368 436 1422 epp.
514 1369 618 1408 om.
640 1352 724 1422 25,
758 1354 852 1409 fol.
887 1352 1005 1408 129.
1040 1355 1230 1409 Edidit
1264 1356 1404 1409 Besa
1447 1354 1582 1411 Gen.
1625 1373 1678 1425 p.
1696 1354 1818 1426 258,
1854 1357 2015 1412 Laus.
2050 1375 2107 1428 p.
2130 1355 2251 1428 534,

580 1422 792 1478 Hanov.
830 1440 886 1492 p.
921 1422 1042 1491 600,
1080 1423 1292 1479 Ohonet
1323 1441 1378 1494 p.
1408 1422 1533 1494 352,
1568 1427 1742 1479 Amat.
1779 1442 1835 1494 p.
1876 1424 2016 1495 161.)

302 1592 616 1659 Eximiae
657 1593 924 1676 pietatis
967 1601 1035 1660 et
1077 1593 1411 1662 doctrinae
1452 1597 1598 1662 viro
1640 1596 1724 1661 D.
1773 1596 1983 1664 Felici
2028 1595 2251 1664 Cruci-

302 1698 469 1763 gero
519 1698 786 1763 eiusque
813 1675 1103 1779 'collegis
1134 1681 1587 1782 'ecclesiarum’
1621 1682 1895 1781 minoris
1942 1683 2254 1751 Poloniae

716 1763 865 1832 fidis
908 1765 1278 1849 pastoribus
1321 1774 1389 1833 et
1429 1774 1765 1834 mimstns.
1789 1772 1843 1853 ¹)

484 1933 664 2017 Quid
710 1933 1061 2003 Stanoam
1112 1938 1476 2022 profecerit,
1536 1939 1769 2022 quibus
1812 1959 1931 2005 vos
1975 1959 2253 2024 gravare

302 2022 601 2088 tentavit
674 2022 1039 2102 calumniis,
1120 2045 1204 2089 ex
1280 2044 1595 2107 responso
1674 2033 1897 2091 nostro
1961 2033 2249 2109 apparet.

297 2105 367 2172 N
370 2106 511 2173 obis
553 2116 726 2175 certe
768 2130 1105 2193 nunquam
1146 2108 1364 2176 fuistis
1399 2111 1700 2193 suspecti.
1780 2109 1916 2177 Sed
1952 2111 2106 2195 quia
2139 2130 2255 2178 vo-

301 2193 415 2259 bis
478 2194 693 2260 visum
757 2200 860 2260 est
914 2215 1221 2280 purgare,
1290 2196 1349 2260 si
1412 2194 1571 2279 quid
1634 2202 2018 2280 conceptum
2082 2203 2255 2263 esset

297 2280 709 2363 suspicionis,
763 2279 1045 2347 libenter
1096 2279 1565 2348 confessionem
1623 2302 1663 2345 a
1720 2283 1901 2348 vobis
1942 2282 2253 2365 scriptam

300 2363 784 2448 amplectimur,
832 2368 985 2450 quia
1027 2367 1170 2432 eius
1213 2367 1502 2434 brevitas
1545 2367 1714 2432 nihil
1770 2368 1971 2434 habet
2021 2367 2252 2435 obscu-

298 2470 459 2515 rum
518 2450 625 2517 vel
676 2449 1074 2537 ambiguum.
1160 2452 1299 2518 Nec
1360 2472 1513 2518 vero
1571 2453 1939 2519 timendum
1979 2453 2120 2531 fuit,
2164 2474 2252 2519 ne

298 2535 461 2602 ullis
500 2537 784 2603 sinistris
817 2538 1191 2604 rumoribus
1214 2559 1254 2603 a
1276 2537 1461 2605 vobis
1491 2537 1946 2605 alienaremur.
2006 2538 2252 2607 Sancta

297 2621 510 2707 igitur
551 2631 813 2689 maneat
854 2624 1030 2689 inter
1072 2644 1192 2690 nos
1233 2625 1622 2705 coniunctio,
1667 2645 1937 2708 eamque
1960 2624 2134 2690 ultro
2156 2624 2249 2691 ci-

298 2713 534 2792 troque
567 2707 860 2775 fraterna
891 2709 1347 2777 benevolentia
1380 2710 1688 2778 colamus.
1768 2711 1994 2777 Unum
2028 2718 2250 2777 tamen

298 2813 442 2859 non
497 2794 851 2873 dissimulo,
912 2814 1023 2861 eos
1082 2795 1194 2879 qui
1249 2802 1387 2862 tam
1446 2796 1825 2862 humaniter
1889 2795 2248 2881 Georgium

294 2877 736 2947 Blando-atam
793 2889 1211 2965 exceperunt,
1228 2883 1287 2961 2)
1343 2902 1578 2967 parum
1633 2883 1834 2949 fuisse
1897 2890 2122 2948 cautos
2184 2889 2252 2947 et

346 2964 628 3046 rovidos‚
673 2972 739 3032 et
778 2966 953 3032 male
1002 2968 1406 3034 consuluisse
1447 2976 1705 3035 vestrae
1760 2968 2248 3035 existimationi.

292 2984 526 3136 {fagis
586 3053 785 3118 etiam
839 3051 1044 3118 miror
1101 3053 1415 3137 quosdam
1467 3055 1815 3138 primariae
1872 3055 2248 3121 autoritatis

293 3137 483 3204 viros
539 3138 831 3221 graviter
885 3138 1144 3218 offendi,
1200 3139 1372 3223 quod
1429 3139 1630 3206 libere
1682 3140 2017 3206 hominem
2071 3140 2248 3206 dete-

295 3224 517 3288 xerim
560 3232 635 3289 ut
678 3245 939 3291 necesse
983 3234 1141 3291 erat.
1222 3227 1321 3291 Ac
1365 3247 1449 3292 ne
1491 3227 1734 3309 putetis
1767 3234 2015 3291 temere
2049 3224 2247 3292 fuisse

338 3308 659 3393 uidquam
716 3331 756 3375 a
806 3331 913 3377 me
970 3310 1308 3390 creditum,
1369 3312 1744 3379 historicam
1804 3311 2247 3377 narrationem

348 3393 568 3474 'ctavi,
604 3416 771 3479 quae
806 3417 922 3463 vos
955 3397 1247 3462 omnium
1281 3398 1589 3463 certiores
1608 3398 1870 3465 faceret.
1897 3400 1952 3477 ⁸)
2006 3399 2249 3463 'l'acere

296 3501 461 3546 vero
506 3481 579 3546 in
625 3489 807 3547 tanto
853 3488 1072 3550 vestro
1117 3481 1492 3549 discrimine
1534 3482 1637 3548 fas
1680 3504 1811 3549 non
1855 3484 1999 3563 fuit,
2044 3504 2248 3567 quum

294 3563 742 3651 intelligerem
806 3567 1034 3652 lupum
1088 3589 1221 3633 non
1276 3568 1467 3634 modo
1524 3570 1596 3633 in
1651 3569 1823 3654 ovile
1887 3568 2248 3636 admissum

294 3650 525 3731 fuisse,
587 3652 703 3718 sed
755 3655 985 3722 ovibus
1042 3655 1269 3720 datum
1328 3674 1470 3720 esse
1527 3654 1878 3720 custodem.
1899 3659 1955 3732 ⁴)
2056 3655 2118 3721 N
2121 3676 2247 3722 unc

294 3744 528 3804 tamen
571 3738 630 3804 si
671 3741 1050 3823 resipiscere
1084 3741 1155 3805 in
1205 3739 1423 3806 animo
1479 3739 1719 3806 habeat
1751 3739 2130 3820 Blandrata,
2175 3761 2247 3806 re

293 3823 445 3908 ipsa
502 3822 922 3892 demonstret.
1025 3823 1220 3907 Quod
1275 3826 1332 3892 si
1394 3825 1555 3891 mihi
1610 3826 2013 3893 reconciliari
2065 3826 2245 3905 velit,

293 3910 643 3995 ignoscere
684 3917 955 3995 paratus
999 3932 1164 3989 sum,
1209 3911 1404 3978 simul
1447 3931 1523 3977 ac
1564 3920 1888 3978 mutatum
1929 3911 2131 3979 fuisse
2173 3913 2246 3978 in

290 3995 538 4062 melius
581 4017 960 4081 cognovero.
1047 3996 1182 4064 Sed
1241 3998 1526 4083 profecto
1579 3997 1763 4065 vobis
1806 3996 2043 4078 illudit,
2087 3996 2245 4064 dum

291 4101 367 4148 se
426 4079 702 4167 indigne
766 4082 1139 4151 traductum
1205 4084 1409 4150 fuisse
1473 4082 1906 4167 conqueritur.
2010 4082 2190 4166 Quid
2208 4083 2240 4149 2

292 4187 505 4252 quum
542 4168 777 4235 scirem
810 4169 1029 4254 impiis
1052 4169 1301 4235 deliriis
1328 4169 1672 4250 imbutum,
1717 4190 1804 4235 an
1847 4189 1981 4234 non
2013 4170 2245 4237 fuisset

336 4251 731 4319 roditorium
795 4254 876 4322 de
937 4263 1117 4321 tanto
1179 4255 1469 4340 periculo
1510 4277 1626 4321 vos
1682 4277 1817 4321 non
1880 4274 2244 4322 commone-

438 4359 514 4404 re
534 4337 567 4403 ⁴?
656 4338 970 4407 Sincerae
1011 4361 1166 4426 ergo
1209 4341 1291 4407 de
1332 4340 1543 4407 salute
1597 4349 1822 4408 vestra
1863 4340 2240 4408 sollicitudi-

291 4424 405 4491 nis
448 4424 736 4492 officium
771 4427 1085 4510 praestiti,
1129 4427 1319 4493 cuius
1354 4447 1690 4510 nunquam
1722 4447 1830 4493 me
1861 4427 2236 4511 poenitebit.

291 4508 556 4591 Valete,
591 4511 658 4576 in
813 4511 1000 4578 rrimi
1055 4513 1290 4579 fratres
1333 4522 1399 4578 et
1442 4534 1526 4578 ex
1569 4515 1788 4578 animo
1830 4513 1995 4580 mihi
2034 4513 2238 4581 caris-

292 4595 468 4663 simi.
558 4596 883 4665 Dominus
923 4596 1110 4665 vobis
1152 4598 1341 4678 adsit,
1386 4619 1504 4666 vos
1546 4598 1869 4684 gubernet
1922 4620 2000 4666 ac
2054 4607 2235 4668 tuea-

290 4687 407 4747 tur
448 4690 785 4767 perpetuo.
872 4688 929 4749 9.
967 4684 1271 4752 Octobris
1321 4687 1506 4751 1561.

305 4990 2239 5201 wobgmaemtmmfflfflniamwccfimad

293 4853 562 5060 W}

1060 5305 1475 5316 Ἥ*

3217 618 3411 692 3502.

2478 772 2947 844 GALVINUS
3001 772 3476 843 Mmls'rms
3517 771 4166 845 VILNENSIBUS.

2534 943 2710 1012 Satis
2753 943 3074 1026 ἀποτόμως
3113 965 3217 1014 eos
3256 965 3371 1012 suo
3409 944 3772 1014 Blandrata
3807 946 4083 1032 qaudam
4124 947 4295 1016 &aba

2355 1031 2730 1184 mm
2760 1051 3017 1116 quocum
3057 1033 3192 1116 ipse
3231 1030 3505 1116 conferri
3545 1031 3669 1099 sibi
3707 1031 3958 1099 minim
3998 1032 4298 1116 honorifi-

2356 1287 2471 1350 (Ex
2506 1288 2818 1357 apographo
2853 1288 3013 1342 Arch.
3053 1288 3235 1345 Turio.
3281 1288 3427 1346 Plut.
3478 1287 3571 1343 VI.
3621 1288 3744 1345 Vol.
3779 1286 3896 1350 168.
3943 1289 4072 1344 olim
4118 1287 4294 1344 Sei-in.

2356 1356 2422 1411 B.
2458 1356 2600 1427 Epp.
2635 1357 2784 1412 Tom.
2820 1354 2906 1424 25,
2939 1356 3031 1412 fol.
3067 1355 3187 1414 129.
3224 1357 3436 1412 Simler.
3472 1356 3599 1412 Vol.
3646 1354 3768 1412 102.
3812 1386 3879 1397 —
3920 1357 4111 1412 Edidit
4154 1360 4298 1412 Besa

2356 1425 2494 1482 Gen.
2514 1442 2568 1495 p.
2607 1424 2725 1493 258,
2758 1425 2920 1482 Laus.
2953 1423 3145 1496 phu,
3179 1424 3606 1563 Epanfgigdioe,
3641 1425 3854 1482 Ohouet
3885 1442 3939 1497 p.
3963 1424 4082 1491 863,
4116 1426 4291 1482 Amet.

2526 1662 2720 1746 Quod
2776 1663 2859 1729 de
2909 1664 3201 1730 caritatis
3257 1671 3488 1730 mutuo
3559 1665 3732 1730 inter
3798 1685 3921 1732 nos
3984 1665 4297 1734 colendae

2355 1749 2571 1816 studio
2614 1747 2911 1829 scribitis,
2939 1748 2988 1835 ι)
3022 1749 3300 1815 libenter
3333 1748 3718 1833 amplector:
3756 1771 3834 1817 ac
3866 1751 4012 1835 piae
4032 1760 4296 1819 vestrae

2356 1835 2782 1902 admonitioni
2822 1856 3069 1901 morem
3125 1854 3351 1920 gerere
3402 1842 3673 1919 paratus
3728 1857 3959 1915 essem,
4015 1838 4074 1904 si
4128 1837 4297 1904 mihi

2352 1922 2529 1987 iusta
2570 1922 2738 1987 ratio
2782 1943 2822 1986 a
2863 1921 3050 1990 vobis
3091 1920 3662 2005 praescriberetur,
3705 1919 4024 2004 quomodo
4065 1943 4297 1989 recon-

2353 2007 2563 2074 ciliari
2604 2028 2713 2072 me
2753 2013 3052 2091 oporteat
3090 2027 3243 2073 cum
3294 2007 3582 2092 Georgio
3631 2004 4015 2074 Blandrata.
4101 2008 4297 2090 Quod

2354 2094 2476 2159 sub
2519 2113 2799 2178 persona
2838 2092 3276 2158 Blustrissimi
3318 2092 3526 2160 Ducis
3567 2091 3854 2158 Palatini
3902 2091 4223 2161 Vilnensie
4238 2096 4297 2173 ²)

2351 2199 2470 2247 vos
2514 2199 2739 2244 omnes
2774 2178 3075 2244 hortatus
3109 2199 3257 2244 sum
3292 2177 3377 2244 ad
3411 2177 3771 2246 cavendam
3804 2176 3985 2243 illam
4019 2185 4294 2262 pestem,

2354 2263 2647 2349 graviter
2687 2263 2903 2330 fuistis
2955 2263 3223 2330 offensi:
3268 2262 3432 2329 mihi
3490 2272 3665 2330 certe
3707 2262 3886 2328 dolet
3923 2263 4211 2329 officium
4253 2285 4295 2331 a

2354 2351 2606 2417 sincero
2665 2350 2874 2417 vestri
2927 2368 3147 2415 amore
3198 2350 3566 2433 profectum
3620 2357 3688 2415 et
3728 2350 3840 2434 pia
3880 2348 4107 2416 salutis
4147 2369 4293 2416 ves-

2354 2442 2496 2501 trae
2540 2455 2699 2502 cura
2740 2456 2876 2501 non
2918 2434 3259 2519 placuisse.
3340 2433 3477 2503 Sed
3510 2434 3668 2520 quid
3700 2434 4021 2501 facerem?
4062 2434 4296 2501 saltem

2355 2522 2702 2588 defunctus
2767 2540 2947 2588 sum:
3026 2542 3148 2587 nec
3214 2541 3320 2587 me
3384 2539 3672 2605 unquam
3736 2518 4096 2605 poenitebit
4155 2521 4296 2587 eius

2355 2606 2754 2686 offensionis,
2813 2627 3009 2690 quam
3065 2605 3228 2672 mihi
3284 2627 3540 2674 summa
3592 2606 3946 2673 necessitas
3987 2606 4297 2672 iniunxit.

2354 2693 2588 2777 Magni
2627 2692 2817 2759 vobis
2873 2700 2977 2759 est
3015 2692 3411 2758 existimatio
3453 2690 3876 2758 Blandratae:
3929 2691 4083 2774 quia
4123 2692 4296 2757 inte-

2355 2778 2720 2863 gerrimum
2760 2779 2980 2845 virum
3024 2799 3165 2845 esse
3207 2777 3613 2864 cognoscitis,
3660 2796 3782 2842 nec
3823 2776 4021 2842 ullius
4055 2778 4297 2844 erroris

2355 2870 2754 2948 suspectum.
2842 2862 3022 2946 Quid
3085 2871 3308 2930 autem
3367 2863 3449 2929 de
3505 2863 3650 2947 ipso
3701 2862 3960 2947 publice
3985 2868 4295 2930 ‚testatus

2355 2951 2500 3029 sim,
2546 2949 2834 3017 ostendit
2889 2949 3208 3034 praefatio
3251 2949 3333 3016 de
3376 2969 3506 3033 qua
3546 2969 3803 3016 mecum
3846 2970 3928 3014 ex
4048 2948 4292 3015 tulatis.

2354 3035 2498 3103 Etsi
2553 3036 2743 3103 vobis
2798 3056 2929 3101 non
2988 3044 3089 3102 est
3144 3043 3504 3119 suspectus,
3548 3033 3741 3118 plane
3780 3054 3909 3118 apu
3995 3054 4103 3100 me
4141 3054 4295 3101 con-

2353 3122 2568 3190 victus
2609 3128 2726 3200 est,
2783 3122 2915 3187 imo
2958 3140 3177 3188 coram
3220 3121 3346 3188 hac
3386 3120 3675 3188 ecclesia.
3763 3119 3937 3186 Mihi
3979 3140 4111 3186 non
4154 3140 4296 3186 cre-

2354 3206 2529 3287 ditis,
2572 3227 2689 3275 cur
2732 3227 2854 3293 ego
2888 3208 3105 3291 potius
3148 3205 3335 3274 vobis
3377 3204 3683 3272 credam?
3728 3206 4018 3272 Multum
4051 3205 4298 3273 scilicet

2352 3293 2538 3361 vobis
2581 3293 2698 3359 otii
2751 3300 2870 3372 est,
2928 3300 3008 3358 ut
3055 3291 3337 3379 synodos
3379 3293 3630 3377 cogatis
3670 3291 3755 3358 ob
3797 3291 3962 3358 tales
4004 3291 4296 3376 quisqui-

2352 3377 2497 3445 lias.
2586 3377 2722 3446 Sed
2774 3376 3174 3445 Blandratae
3229 3377 3622 3445 excellentia
3677 3397 3800 3446 vos
3840 3385 4091 3445 movet:
4146 3377 4302 3462 quia

2350 3463 2665 3532 horribile
2709 3464 3086 3531 scandalum
3141 3472 3467 3543 nascetur,
3523 3464 3582 3530 si
3639 3464 3990 3549 confligere
4037 3483 4296 3529 mecum

2344 3551 2676 3701 {ncipiatizi
2717 3550 2898 3635 Ergo
2959 3570 3093 3701 11οἓ
3135 3550 3434 3702 ¹1¹viulzgare
3487 3549 3655 3702 {ecit
3718 3569 3953 3633 operae
4009 3549 4294 3699 pretium

2347 3656 3156 3807 amassent...
3200 3657 3432 3807 ..a
3447 3655 4145 3789 5¹.2.⁰⁰?..0⁰....20‘¹?¹⁸¹„.
4147 3655 4291 3784 2¹13„

2347 3829 2534 3875 secus
2597 3815 2797 3892 atque
2860 3807 3170 3892 angelum
3232 3829 3270 3873 e
3332 3808 3511 3874 coelo
3555 3806 3913 3891 delapsum.
4013 3805 4290 3870 Vestras

2348 3893 2606 3961 delitias
2647 3894 2920 3960 minime
2959 3894 3148 3960 vobis
3187 3892 3472 3961 invideo.
3561 3892 3836 3961 Summo
3872 3892 4070 3990 etiam
4102 3896 4179 3990 nt
4195 3889 4291 3990 ‚in

2345 3981 2557 4063 pretio
2605 3979 2696 4045 sit
2752 3979 2928 4063 apud
2983 4000 3123 4058 vos,
3180 4000 3301 4062 per
3358 4000 3465 4045 me
3521 3980 3704 4046 licet:
3763 3977 3953 4045 modo
3993 3993 4286 4044 vlmsslm
4341 4059 4348 4068 ⁸

2343 4086 2466 4149 pro
2520 4073 2742 4132 vestra
2794 4065 3121 4148 aequitate
3176 4065 3345 4131 mihi
3386 4064 3780 4150 permittatis
3835 4082 3970 4128 non
4012 4061 4284 4142 nescire,

2344 4151 2519 4235 quod
2572 4150 2744 4234 apud
2799 4171 2921 4217 nos
2961 4150 3265 4217 omnibus
3307 4153 3468 4217 satis
3509 4169 3830 4234 superque
3872 4154 4285 4231 compertum

2343 4245 2464 4305 est.
2537 4237 2616 4305 Si
2649 4237 2944 4321 asperius
2976 4236 3225 4321 loquor,
3261 4257 3380 4304 vos
3407 4258 3514 4302 me
3555 4234 3858 4318 coegistis
3926 4233 4283 4300 Caeterum

2343 4329 2419 4389 ut
2455 4323 2673 4391 sciatis
2706 4322 3054 4390 immodica
3087 4320 3497 4407 quorundam
3530 4320 3842 4386 facilitate
3875 4319 4047 4385 male
4085 4318 4286 4386 eccle-

2342 4409 2459 4475 siis
2510 4409 2751 4476 vestris
2792 4410 2995 4475 fuisse
3037 4408 3409 4476 consultum
3451 4405 3688 4491 quibus
3730 4406 4096 4489 praefectus
4137 4404 4285 4483 fuit,

2339 4495 2531 4562 mitto
2597 4494 2797 4563 breve
2881 4494 3194 4563 historiae
3285 4493 3483 4559 totius
3555 4511 3696 4559 com
3782 4490 4009 4557 ndium
4026 4509 4042 4555 τ
4062 4494 4142 4571 ⁸)
4196 4509 4283 4557 ex

2337 4602 2467 4665 quo
2509 4581 2927 4665 perspicuum
2985 4581 3171 4649 vobis
3212 4581 3345 4658 fiet,
3390 4577 3520 4644 nisi
3560 4578 3682 4644 infi
3726 4576 3917 4644 eliter
3958 4585 4025 4642 et
4065 4574 4283 4661 prodi-

2335 4871 2604 4941 amal)
2636 4871 2717 4930 N.
2751 4869 2904 4927 3453.
2975 4869 3149 4924 Mart.
3189 4867 3514 4925 anacteum
3555 4870 3870 4951 quicum
3912 4867 4279 4923 literam

2335 4942 2475 5025 lev-at
2508 4942 2650 4997 idm
2683 4947 2734 4996 ct
2766 4940 2870 4995 hae
2900 4937 3271 4994 &Potentiam
3482 4936 3861 5063 αὲιέἕὲοίωό,
3884 4935 4036 5005 Eptt.
4060 4952 4115 5006 p.
4133 4933 4284 5059 1823
