4850 6117
225 407 332 470 561

223 592 546 660 Christum
597 596 676 657 ut
724 589 915 657 iuves
980 594 1239 656 nostras
1291 587 1598 657 ecclesias
1660 593 1803 654 tum
1866 588 2157 656 consiliis

227 687 481 762 tumque
534 676 1118 755 exhortationibus,
1162 694 1326 759 quas
1367 696 1488 759 pro
1539 683 1658 741 tua
1708 675 1952 828 bigam
2004 695 2156 774 pro-.-

225 763 461 831 ceribus
502 763 691 847 regni
733 762 946 830 nostri
986 762 1167 829 omni
1211 762 1543 828 occasione
1582 761 1712 829 scri
1832 808 1848 824 .

224 850 386 916 enim
426 848 535 928 (ut
572 848 741 932 phas
782 848 911 934 est)
953 868 1213 932 semper
1254 848 1640 915 aestimatur
1680 868 1921 914 nomen
1962 853 2159 912 tuum

222 937 290 1001 in
337 940 565 1001 nostra
616 933 850 1018 patria.
939 933 1066 1001 Sin
1124 954 1280 1001 vero
1334 933 1418 999 ad
1459 940 1530 999 te
1569 932 1814 1016 aliquid
1871 933 2158 1000 scribent

220 1022 322 1088 isti
352 1020 858 1100 Lismaniniani,
902 1020 1167 1088 obsecro
1205 1039 1291 1086 ne
1332 1018 1611 1086 faciliter
1650 1019 1748 1084 illi
1788 1018 1988 1084 fidem
2021 1018 2154 1085 des.

221 1106 443 1176 Sciunt
484 1106 663 1174 enim
705 1106 849 1189 pios
888 1106 1134 1183 fallere,
1179 1113 1246 1171 et
1276 1104 1524 1172 habent
1562 1105 1963 1189 ineptiarum
2004 1126 2156 1171 sua-

219 1214 356 1261 rum
397 1200 591 1260 artes.
677 1192 827 1278 Ego
869 1192 990 1259 tibi
1031 1191 1231 1258 fidem
1272 1212 1490 1258 meam
1532 1190 1839 1259 brevibus
1882 1191 2155 1274 explico,

219 1279 431 1345 eadem
485 1279 769 1346 veritate
811 1278 943 1345 Dei
994 1278 1458 1362 purgatissima
1499 1278 1624 1343 niti
1664 1299 1794 1362 qua
1843 1276 2156 1342 fruuntur

220 1365 514 1434 ecclesiae
558 1373 836 1445 vestrae,
891 1384 1166 1448 eamque
1221 1364 1659 1430 constantiam
1712 1384 1864 1431 cum
1916 1361 2156 1446 spiritu

218 1451 479 1518 Domini
534 1449 801 1517 habent.
870 1450 1004 1517 Hic
1057 1449 1364 1517 standum
1421 1457 1593 1517 esset
1646 1470 1856 1534 usque
1913 1449 1999 1515 ad
2040 1470 2156 1515 ex-

216 1545 490 1604 tremum
528 1536 705 1604 diem
738 1538 912 1604 vitae
946 1537 1249 1604 hominis.
1315 1537 1521 1603 Ames
1561 1536 1787 1621 igitur,
1830 1534 2156 1601 exceUen-

218 1624 455 1691 tissime
488 1623 618 1705 vir,
658 1623 966 1690 ecclesias
999 1629 1287 1689 nostras:
1332 1643 1556 1688 curam
1590 1622 1826 1688 habeto
1857 1621 2153 1687 istarum.

219 1709 533 1776 Dominus
575 1709 696 1778 tibi
737 1707 1073 1776 fidelitatis
1116 1718 1186 1775 et
1204 1708 1590 1793 vigilantiae
1622 1707 1938 1792 rependet
1975 1728 2156 1774 coro-

218 1818 412 1950 Ξιαωὸ
453 1795 629 1948 ῪὲΙθ
670 1803 741 1863 et
781 1815 933 1865 ama
973 1795 1094 1863 tibi
1138 1793 1501 1862 dedinssim‘
1413 1795 1426 1809 ⁶
1502 1814 1635 1861 um.
1714 1792 2157 1878 Olycseryciis

653 2020 1104 2087 Excellentiae
1146 2028 1300 2086 tuae
1343 2018 1626 2085 famulus
1672 2016 2116 2085 deditissimus

1071 2106 1347 2173 Iacobus
1391 2105 1667 2192 Sylvius

610 2192 768 2259 Iesu
791 2191 1045 2259 Christi
1078 2214 1311 2258 servus
1330 2192 1623 2259 Polonus
1657 2190 1747 2256 ill.
1772 2190 1855 2255 D.
1882 2188 2158 2256 Martini

614 2299 654 2345 a
687 2279 962 2346 Zborow
998 2277 1285 2344 Palatini
1317 2277 1787 2344 Posnaniensis
1835 2276 2154 2342 minister.

992 2573 1400 2583 ——-—--

1085 2826 1286 2896 3867.

689 2980 1164 3051 GALV'INUS
1208 2979 1681 3049 MERGERO.

373 3154 602 3224 Denuo
658 3159 842 3239 royat
890 3160 962 3221 ut
1012 3174 1091 3222 ex
1143 3154 1440 3223 cathedra
1489 3175 1611 3221 sua
1629 3197 1638 3206 -
1655 3152 2018 3221 Parisiensi
2056 3152 2157 3219 de-

212 3240 424 3322 pulsus
469 3240 757 3309 Genevae
797 3260 1049 3326 operam
1089 3262 1324 3308 navare
1363 3240 1527 3307 velit.

609 3414 683 3467 ho
731 3413 863 3469 cod.
908 3412 1110 3468 Genev.
1148 3410 1296 3482 1072,
1338 3412 1433 3466 fol.
1463 3410 1581 3465 259.
1660 3410 1787 3465 Alia
1828 3413 2160 3481 exemplaria

221 3411 573 3551 ffiriffii
602 3523 614 3535 .
646 3483 740 3539 fol.
772 3481 894 3547 258,
943 3488 999 3538 et
1045 3483 1103 3564 in
1140 3482 1269 3536 God.
1307 3480 1450 3548 111⁸,
1485 3480 1578 3534 fol.
1615 3478 1722 3533 212
1767 3484 1824 3561 et
1855 3480 2065 3535 Bernae
2098 3481 2158 3535 in

221 3549 347 3620 Epp.
381 3552 534 3608 Tom-
569 3551 670 3607 VI.
717 3569 771 3622 p.
811 3551 959 3606 1131.
1030 3551 1258 3686 Slffi‘)
1281 3549 1408 3605 Vol.
1451 3548 1567 3603 105.
1637 3550 1832 3604 Versm
1876 3549 2017 3618 angl.
2052 3550 2159 3646 ΙῩ.

220 3788 641 3860 ornatissimo
677 3792 818 3860 viro
852 3793 937 3858 D.
973 3792 1028 3857 I.
1068 3791 1367 3857 Mercero
1402 3790 1592 3856 fratri
1635 3798 1703 3856 et
1745 3790 1954 3855 amico
1993 3790 2160 3855 mihi

842 3975 848 3982 .
969 3876 1397 3945 observando.

373 4049 446 4118 S.
507 4049 860 4136 Optassem
906 4050 1186 4134 quidem,
1231 4070 1433 4133 quum
1478 4055 1543 4113 te
1583 4048 1713 4114 huc
1756 4067 2158 4115 accerserem

219 4143 359 4203 ante
400 4137 762 4216 biennium,
789 4141 837 4214 ¹)
894 4137 1184 4202 rationes
1243 4145 1392 4201 tuas
1433 4135 1530 4201 ita
1584 4135 1776 4214 ferre,
1833 4142 1912 4200 ut
1953 4134 2158 4203 eccle·

217 4221 340 4288 siae
380 4222 770 4307 scholasque
811 4229 1075 4289 noan-ae
1131 4230 1317 4288 tuam
1357 4240 1622 4304 operam
1680 4219 1981 4288 addicere
2021 4241 2158 4287 non

220 4304 567 4375 dubitares:
627 4308 744 4375 sed
798 4308 968 4373 mihi
1024 4316 1186 4376 tunc
1227 4329 1363 4375 non
1420 4307 1583 4373 adeo
1627 4306 1978 4373 molestum
2030 4307 2159 4374 fuit

218 4403 360 4459 voto
401 4395 724 4472 frustrari,
781 4416 981 4478 quam
1037 4401 1266 4478 postea
1323 4393 1510 4460 triste
1553 4400 1623 4459 et
1665 4392 1973 4459 acerbum
2010 4392 2155 4472 fuit,

218 4476 283 4542 in
321 4480 561 4548 misera
613 4502 783 4565 quae
824 4481 1134 4547 Lutetiae
1190 4478 1426 4547 accidit
1478 4478 1897 4562 dissipatione
1952 4485 2019 4544 te
2074 4479 2157 4545 ab

218 4563 415 4633 officio
473 4565 750 4633 docendi
805 4587 946 4633 esse
1002 4566 1363 4633 exclusum.
1383 4567 1439 4648 ²)
1526 4566 1696 4631 Erat
1747 4573 1923 4632 certe
1976 4564 2157 4631 labo-

219 4650 381 4718 riosa
422 4660 490 4720 et
533 4653 751 4719 tenuis
794 4651 1099 4732 conditio,
1145 4652 1228 4717 ad
1271 4672 1471 4736 quam
1514 4659 1580 4716 te
1621 4652 1968 4718 vocabam:
2025 4671 2159 4716 una

219 4742 429 4805 tamen
471 4740 543 4806 in
585 4759 660 4805 re
699 4738 917 4823 opinio
959 4745 1027 4804 te
1072 4738 1345 4821 decepit,
1404 4735 1578 4822 quod
1618 4756 1968 4821 persuasus
2011 4757 2159 4803 eras

219 4820 283 4885 in
343 4826 757 4891 celeberrimo
823 4824 1083 4890 theatro
1149 4822 1440 4890 laborem
1503 4831 1693 4889 tuum
1756 4823 1894 4888 fore
1947 4824 2158 4907 magis

220 4907 434 4976 utilem
469 4933 547 4978 ac
587 4913 1013 4992 fructuosum,
1056 4930 1255 4994 quam
1296 4911 1370 4974 in
1410 4910 1536 4977 hoc
1569 4908 1846 4976 obscuro
1881 4927 2155 4975 recessu.

221 5128 392 5188 3867.
411 5134 468 5203 1)
496 5136 606 5191 imo
636 5134 752 5192 ian
784 5140 950 5191 amec
981 5132 1049 5187 N.
1081 5130 1237 5188 2832.
1974 5199 1982 5210 ν

411 5202 473 5271 2)
507 5204 572 5259 Η
689 5204 769 5259 'us
812 5208 1032 5261 contra:
1101 5201 1335 5256 Mercier
1417 5201 1474 5253 ui
1518 5200 1719 5255 n'avait
1756 5201 1915 5269 point
1956 5199 2044 5254 ete
2075 5199 2158 5253 in-

225 5270 393 5336 quiete
424 5289 498 5328 en
533 5273 559 5325 1
668 5315 683 5341 ,
718 5274 803 5327 fut
835 5272 1016 5396 obliges
1049 5271 1134 5354 de·
1164 5271 1373 5354 quitter
1454 5270 1562 5324 aris
1596 5275 1656 5324 et
1687 5270 1743 5323 la
1775 5269 1987 5325 Franco
2021 5270 2156 5325 lors-

226 5353 321 5405 que
350 5341 405 5395 la
437 5343 667 5399 seconde
698 5359 897 5414 guerre
1033 5342 1267 5411 rehgmn
1298 5338 1470 5396 celata
1502 5339 1660 5407 (VII.
1693 5337 1836 5407 328).

417 5427 635 5486 Caluini
665 5444 851 5499 opera.
933 5427 1046 5483 Vol.
1084 5424 1254 5481 XIX.

1940 402 2101 465 1562
2146 398 2473 468 OOTOB.

2198 4769 2204 4824 Ὗ

4086 407 4219 471 562

2256 588 2407 655 Etsi
2451 589 2628 656 enim
2669 588 2949 675 exiguus
2991 593 3093 656 est
3134 589 3670 658 scholasticorum
3712 612 4044 673 numerus,
4096 595 4215 659 eos

2257 683 2485 741 tamen
2539 682 2772 742 nactus
2826 695 3002 743 esses
3062 675 3430 760 discipulos,
3490 678 3726 761 quibus
3780 678 4090 763 prodesse
4143 686 4221 745 te

2255 761 2617 845 plurimum
2679 763 2972 829 iuvisset.
3079 764 3181 828 Ac
3245 761 3304 828 si
3363 762 3496 829 huc
3560 771 3629 828 te
3693 765 4067 846 contuleris,
4132 773 4211 831 ut

2257 867 2471 930 sper0,
2526 847 2779 914 videbis
2821 869 2956 914 non
3011 847 3476 931 poenitendam
3533 849 3732 916 fuisse
3787 851 4213 935 provinciam.

2255 933 2364 999 Ex
2405 953 2535 1018 quo
2578 941 2799 1000 autem
2840 933 3216 1021 calamitosa
3249 954 3416 1017 quae
3457 944 3726 1018 repente
3769 935 4002 1003 accidit
4044 945 4215 1002 tem·-

2255 1026 2475 1103 pestas
2517 1021 2738 1085 omnia
2782 1020 3093 1086 Lutetiae
3136 1040 3400 1104 pessum
3452 1019 3650 1100 dedit,
3696 1022 3885 1089 valde
3929 1022 4211 1088 miratus

2258 1126 2424 1184 sum,
2484 1111 2551 1171 te
2595 1106 2752 1172 alibi
2806 1106 3180 1191 perfugium
3221 1126 3419 1189 quam
3460 1105 3635 1190 apud
3677 1129 3796 1173 nos
3836 1109 4209 1191 quaesiisse,

2256 1191 2413 1274 quia
2468 1212 2791 1275 nusquam
2870 1191 3284 1275 tranquillior
3352 1213 3428 1258 ac
3506 1213 3715 1259 comm
3867 1217 3901 1258 r
3977 1195 4213 1260 fuisset

2257 1277 2471 1344 statio.
2554 1278 2693 1344 Nec
2733 1299 2893 1344 vero
2947 1278 3200 1343 tamdiu
3247 1299 3288 1343 a
3328 1278 3668 1346 scribendo
3721 1301 4090 1360 cessassem,
4150 1281 4212 1345 si

2257 1363 2626 1447 suspicatus
2659 1363 2930 1430 fuissem
2952 1363 3218 1430 ubinam
3253 1371 3321 1430 te
3341 1364 3707 1447 reperirent
3740 1387 3924 1432 meae
3959 1366 4209 1432 literae.

2256 1449 2451 1514 Nunc
2508 1451 2661 1532 quia
2716 1451 2963 1516 amicus
3007 1450 3273 1533 quidam
3328 1451 3659 1517 facturum
3715 1474 3785 1518 se
3841 1453 4089 1536 recepit
4132 1462 4210 1516 ut

2258 1534 2381 1600 tibi
2436 1534 2889 1614 redderentur,
2948 1535 3199 1601 diutius
3257 1535 3680 1619 supersedere
3732 1537 3834 1603 fas
3886 1559 4021 1603 non
4063 1539 4210 1604 fuit.

2255 1621 2384 1687 Est
2427 1622 2603 1686 enim
2647 1622 2754 1686 hic
2810 1622 2931 1688 tibi
2972 1630 3245 1706 paratus
3298 1622 3500 1702 labor,
3561 1644 3756 1705 quem
3812 1623 3958 1690 aliis
4002 1625 4214 1689 omni·

2256 1705 2381 1772 bus
2438 1707 2941 1792 praeferendum
2992 1706 3225 1788 iudico,
3279 1709 3538 1774 etiamsi
3591 1707 3802 1775 libera
3855 1710 3976 1776 tibi
4033 1709 4212 1794 optio

2258 1792 2466 1859 detur.
2555 1793 2750 1860 Nunc
2791 1815 2948 1860 vero
3005 1814 3207 1877 quum
3251 1792 3435 1859 Deus
3493 1802 3557 1861 te
3611 1793 3691 1859 ab
3745 1816 3823 1860 eo
3878 1795 4019 1862 loco
4062 1795 4208 1862 abs·

2256 1880 2564 1958 traxerit,
2625 1879 2736 1945 ubi
2793 1885 2857 1945 te
2912 1879 3193 1963 putabas
3245 1880 3666 1959 obstrictum,
3731 1901 3850 1947 cur
3902 1881 4011 1947 vel
4067 1902 4209 1947 mo-

2258 1972 2558 2031 mentum
2613 1987 2819 2031 unum
2876 1964 3139 2031 differas
3195 1986 3330 2030 non
3373 1963 3582 2047 video,
3640 1965 3798 2050 quin
3851 1965 4082 2032 saltem
4127 1988 4211 2033 ex

2258 2052 2591 2133 praesenti
2631 2051 2880 2116 intuitu
2922 2050 3171 2118 iudices
3205 2050 3362 2134 quid
3403 2051 3519 2116 abs
3561 2059 3630 2117 te
3671 2049 3924 2135 flagitet
3957 2052 4217 2135 publica

2258 2136 2527 2203 utilitas.
2588 2136 2874 2221 Singula
2897 2136 3201 2203 distincte
3222 2137 3342 2202 tibi
3365 2157 3688 2219 exponere
3712 2137 3973 2203 difficile
4009 2147 4208 2204 esset:

2259 2243 2490 2289 verum
2532 2224 2589 2288 si
2632 2222 2787 2308 quid
2831 2222 3002 2306 apud
3046 2229 3112 2288 te
3155 2223 3385 2288 valent
3427 2243 3611 2288 meae
3653 2244 3897 2307 preces,
3942 2245 4100 2308 rogo
4145 2231 4213 2291 et

2257 2309 2524 2376 obsecro
2590 2318 2667 2374 ut
2729 2308 2964 2375 saltem
3023 2329 3233 2374 unum
3297 2310 3413 2376 abs
3474 2315 3543 2374 te
3606 2310 3949 2393 impetrari
4011 2310 4207 2376 sinas.

2255 2393 2485 2478 Neque
2529 2395 2707 2459 enim
2751 2394 2930 2460 aliud
2974 2394 3046 2459 in
3089 2395 3457 2478 praesentia
3499 2395 3837 2476 contendo,
3896 2415 4092 2479 quam
4135 2405 4214 2461 ιιι

2256 2489 2481 2546 noster
2516 2481 2628 2561 sis,
2670 2479 2875 2547 donec
2911 2479 3037 2547 alio
3073 2490 3136 2545 te
3180 2487 3441 2548 revocet
3473 2479 3668 2548 officii
3703 2482 3800 2546 tui
3834 2483 4210 2548 necessitas.

2261 2565 2458 2647 Quod
2501 2567 2556 2632 si
2593 2567 2816 2633 minus
2848 2565 3152 2650 precibus
3184 2566 3529 2646 movearis,
3573 2566 3923 2634 consilium
3955 2589 4213 2652 quoquo

2258 2652 2620 2736 interpono,
2689 2652 2797 2720 cui
2859 2654 2916 2719 si
2972 2653 3393 2736 obtemperes,
3458 2651 3768 2736 polliceor
3824 2660 3891 2718 te
3949 2674 4033 2718 ex
4086 2653 4213 2718 hac

2259 2738 2658 2823 profectione
2720 2738 2871 2824 plus
2946 2738 3302 2822 voluptatis
3374 2747 3751 2821 capturum,
3832 2760 4029 2822 quam
4093 2739 4215 2805 tibi

2261 2823 2570 2891 credibile
2613 2824 2720 2906 sit,
2767 2825 2973 2891 donec
3014 2825 3216 2890 fueris
3257 2833 3582 2907 expertus.
3654 2823 3969 2891 Accelera
4010 2825 4216 2908 igitur

2262 2917 2332 2978 et
2364 2920 2613 2994 quanta
2645 2910 2891 2995 poteris
2923 2911 3340 2977 festinatione
3374 2917 3441 2976 te
3478 2909 3666 2977 nobis
3701 2909 3878 2975 siste.
3899 2912 3955 2990 3)
4022 2909 4212 2989 Vale,

2262 2996 2676 3063 ornatissime
2718 2997 2842 3074 vir,
2901 3004 2967 3063 et
3025 2995 3191 3061 mihi
3249 3016 3333 3062 ex
3386 2996 3608 3061 animo
3665 2995 3935 3062 colende
3989 2997 4211 3062 frater.

2261 3083 2588 3149 Dominus
2630 3090 2700 3149 te
2733 3083 2969 3169 spiritu
3003 3102 3123 3149 suo
3160 3101 3418 3166 semper
3448 3081 3787 3166 gubernet,
3824 3083 4065 3148 itinera
4098 3089 4217 3148 tua

2263 3167 2524 3255 dirigat,
2570 3176 2647 3235 ut
2688 3175 2755 3236 te
2795 3170 2980 3237 brevi
3020 3167 3412 3235 incolumem
3453 3187 3816 3235 cernamus.

2436 3255 2749 3322 Genevae
2794 3259 2895 3321 25.
2941 3253 3261 3322 Octobris.
3284 3252 3340 3340 ⁴)

3172 3389 3453 3458 Carolus
3494 3390 3828 3456 Passelius
3869 3397 4045 3456 tuus.

3038 3687 3444 3696 —-—-=-—-—-—————-

3121 3939 3326 4012 3868.

2392 4098 2519 4164 LE
2565 4081 2881 4194 SENAT·
2912 4095 3040 4161 DE
3086 4080 3472 4266 (ῧξέἒέιι
3516 4095 3581 4161 A
3623 4091 3909 4161 OELUI
3952 4090 4082 4158 DE

3051 4199 3103 4265 z
3403 4248 3419 4263 .

2429 4372 2545 4439 Au
2585 4375 2743 4458 sajet
2784 4372 2859 4438 de
2898 4370 3169 4455 l'affaire
3210 4370 3286 4436 de
3330 4368 3561 4437 Milan.

2462 4543 2757 4614 (Archives
2790 4543 2861 4599 de
2894 4540 3130 4600 Geneve.
3194 4541 3417 4597 Lettres
3448 4541 3518 4595 de
3552 4542 3607 4595 la
3640 4538 4001 4610 Seigneurie.)

2431 4716 2873 4801 Magnifiques
2916 4712 3278 4801 Seigncurs
3320 4718 3441 4780 etc.
3528 4712 3712 4779 Nous
3766 4730 3971 4779 avons
4015 4733 4210 4779 receu

2257 4823 2380 4870 voz
2442 4801 2672 4869 lettres
2713 4823 2836 4886 par
2898 4800 3240 4886 lesquelles
3296 4820 3462 4865 nous
3525 4818 3732 4866 avons
3798 4799 4087 4865 entendu
4144 4799 4211 4863 la

2461 5056 2524 5123 3)
2613 5058 2727 5114 aaa
2758 5063 2940 5115 tamen
2973 5074 3091 5113 mm
3123 5058 3315 5122 recisse
3347 5071 3462 5114 non
3494 5060 3730 5113 constat.
3878 5125 3888 5136 ⁸
4055 5122 4068 5136 .

2461 5127 2526 5210 4)
2615 5142 2657 5209 ‘c
2707 5143 2856 5184 anno
2899 5127 3105 5210 3²in
3133 5131 3337 5209 potest„
3404 5126 3714 5210 Exemploq-
3765 5123 4210 5194 amq-‘mmm

2253 5197 2468 5254 nauum
2500 5195 2714 5280 seducat
2745 5214 2785 5252 a
2806 5212 2999 5279 prmo
3030 5212 3219 5280 asana,
3254 5198 3370 5253 alea
3407 5197 3728 5266 subscr-spent
3750 5192 3903 5247 1563.
3971 5189 4082 5246 uod
4112 5206 4181 5247 οι·

2254 5267 2399 5393 &gna
2427 5266 3124 5393 quozaoaverenztanalnca.
3194 5265 3536 5336 Apum-opha
3572 5266 3836 5334 praebent
3881 5261 3910 5314 1
4059 5259 4215 5331 quod
