4850 6117
621 364 742 429 291

794 550 1171 616 Clarissimo
1227 547 1370 615 viro
1426 548 1510 613 D.
1557 547 1792 614 Ioanni
1835 546 2109 614 Oalvino
2154 546 2565 612 Genevensis

621 634 930 703 ecclesiae
971 634 1148 701 fideli
1189 634 1435 719 pastori
1482 632 1746 699 domino
1789 640 1854 699 et
1897 632 2085 698 fratri
2130 653 2251 699 suo
2296 628 2564 699 colendo

620 737 688 801 et
734 720 986 788 dilecto.

2172 803 2391 870 Genff.

790 977 861 1044 S.
908 977 993 1042 D.
1036 977 1244 1043 Binas
1290 998 1330 1041 a
1373 985 1488 1043 tua
1532 976 1940 1043 humanitate
1983 975 2211 1042 literas
2239 980 2288 1052 ¹)
2325 975 2563 1057 accepi,

613 1062 1072 1131 colendissimo
1136 1062 1397 1128 domine
1462 1070 1530 1129 et
1591 1062 1795 1128 frater
1860 1061 2210 1128 carissime.
2296 1060 2562 1126 Priores

618 1150 899 1232 scriptae
954 1156 1150 1214 erant
1204 1151 1305 1216 28.
1366 1147 1657 1213 Ianuarii
1715 1158 1781 1213 et
1836 1147 2190 1215 coniuncta
2232 1144 2564 1212 habebant

618 1246 764 1302 acta
821 1256 1042 1300 rerum
1101 1234 1501 1319 gallicarum.
1588 1234 1993 1300 Posteriores
2033 1233 2325 1298 infausta
2342 1236 2400 1309 2)
2447 1231 2561 1297 ad-

613 1321 881 1387 modum
963 1321 1345 1387 nunciantes
1410 1319 1635 1386 attulit
1685 1320 1975 1386 Linerus.
2064 1317 2216 1385 Scio
2299 1320 2562 1402 quantis

611 1406 945 1473 laboribus
999 1426 1038 1472 o
1084 1406 1406 1489 primaris‚
1459 1406 1733 1489 ideoque
1786 1405 2066 1471 maiores
2131 1403 2248 1469 tibi
2315 1404 2560 1489 gratias

614 1514 740 1578 ago
804 1513 920 1576 pro
987 1427 1102 1556 dilii
1149 1492 1289 1556 enti
1352 1492 1704 1575 scriptione
1769 1502 1900 1557 tua.
2003 1490 2333 1556 Admonet
2398 1490 2562 1554 haec

612 1578 1055 1644 inconstantia
1138 1579 1346 1644 evitas
1399 1585 1591 1661 atque
1648 1577 1916 1643 fatuitas
1969 1577 2160 1643 istius
2185 1579 2239 1656 ⁸)
2295 1596 2417 1641 nos
2463 1575 2562 1640 di-

613 1665 755 1731 vini
811 1662 1136 1728 mandati:
1224 1662 1443 1728 Nolite
1499 1663 1823 1729 confidere
1876 1663 1945 1729 in
2005 1663 2217 1746 princi
2265 1662 2432 1740 ibus,
2490 1662 2560 1726 in

613 1749 772 1815 filiis
811 1747 1170 1827 hominum,
1225 1751 1298 1814 in
1341 1749 1575 1832 quibus
1620 1770 1754 1814 non
1795 1758 1900 1814 est
1941 1747 2136 1814 salus.
2271 1769 2406 1826 eus,
2451 1748 2561 1830 qui

611 1835 909 1920 potentia
949 1854 1071 1899 sua
1112 1834 1275 1900 haec
1316 1843 1643 1919 operatur,
1698 1834 1842 1900 vult
1882 1835 1953 1898 in
1996 1835 2381 1898 infirmitate
2425 1834 2559 1900 vir-

614 1930 824 1985 tutem
878 1921 1206 2003 perficere,
1269 1932 1342 1985 ut
1392 1922 1453 1985 ei
1507 1920 1630 1985 soli
1682 1922 1752 1985 in
1795 1918 2071 1986 solidum
2116 1920 2329 1984 omnis
2373 1917 2563 1984 cedat

610 2006 840 2091 gloria.
919 2004 1049 2070 Hic
1093 2006 1379 2072 orandus
1422 2016 1522 2072 est
1565 2005 1752 2072 nobis
1796 2006 2039 2089 absque
2072 2005 2560 2070 intermissione

613 2101 691 2158 ut
732 2090 1072 2158 consilium
1117 2091 1569 2174 Achitophelis
1612 2092 1934 2177 infringat
1976 2103 2038 2157 et
2082 2090 2557 2175 periclitantem

612 2177 936 2243 Davidem
1000 2176 1233 2242 liberet
1290 2188 1486 2261 atque
1555 2179 1877 2243 restituat.
1974 2177 2123 2243 Hoc
2179 2179 2464 2241 maxime
2523 2198 2563 2240 a

611 2272 680 2328 te
724 2265 890 2328 scire
947 2262 1168 2341 velim,
1235 2284 1394 2328 num
1438 2262 1550 2328 ille
1594 2285 1664 2329 se
1706 2263 2054 2329 subiecerit
2096 2261 2369 2330 concilio
2414 2261 2560 2327 'rri-

613 2349 884 2414 dentino
898 2352 956 2427 ⁴)
1000 2356 1068 2413 et
1109 2348 1359 2432 legatos
1394 2369 1478 2413 ex
1520 2348 1740 2414 Gallia
1775 2351 1848 2414 in
1882 2348 2232 2415 concilium
2266 2345 2560 2413 miserit?

612 2435 861 2500 Hostes
924 2434 1098 2498 enim
1166 2434 1375 2499 nostri
1431 2435 1627 2508 huius
1684 2434 1926 2518 aliquid
1958 2435 2320 2506 iactitant:
2387 2433 2562 2499 unde

615 2528 868 2586 certum
911 2516 1161 2600 aliquid
1200 2521 1365 2585 scire
1416 2541 1738 2603 cuperem.

793 2608 887 2669 16.
924 2603 1217 2669 Ianuarii
1252 2606 1597 2672 concilium
1633 2614 2032 2690 aperuerunt
2067 2605 2368 2672 Tridenti
2406 2604 2559 2672 sub-

613 2689 749 2756 lata
782 2690 923 2755 eius
966 2692 1391 2773 suspensione
1425 2711 1501 2755 ac
1538 2691 1973 2759 decreverunt
2010 2693 2288 2775 primam
2324 2693 2560 2758 sessio-

614 2798 767 2842 nem
803 2775 1165 2842 habendam
1190 2775 1534 2842 Februarii
1559 2780 1658 2843 26.
1703 2781 1767 2844 A
1790 2777 2263 2862 supplicatione
2299 2776 2560 2863 publica

615 2861 927 2929 dicuntur
969 2860 1091 2927 hoc
1168 2883 1330 2947 opus
1405 2863 1692 2945 ipsorum
1773 2861 2073 2947 putidum
2150 2883 2293 2930 esse
2357 2884 2555 2930 orsos.

613 2948 697 3014 In
742 2946 1213 3030 supplicatione
1252 2948 1524 3014 fuerunt
1562 2948 1823 3015 Insulae
1867 2951 2123 3017 circiter
2166 2955 2302 3030 112,
2366 2949 2558 3015 multi

614 3034 930 3098 nimirum
974 3034 1233 3098 cornuti
1276 3034 1461 3100 asini.
1535 3033 1710 3101 Socii
1749 3045 1817 3100 et
1860 3036 2057 3103 vicini
2100 3036 2311 3101 nostri
2352 3034 2560 3117 Quin-

615 3117 956 3202 quepagici
1014 3117 1324 3185 dicuntur
1374 3141 1451 3187 eo
1505 3121 1769 3187 missuri
1825 3141 2082 3205 quoque
2135 3142 2323 3187 suam
2380 3121 2558 3206 lega-

615 3205 881 3269 tionem.
910 3207 963 3281 ες)
1062 3204 1263 3271 'l'otos
1305 3226 1447 3272 sese
1489 3207 1846 3274 subiiciunt
1887 3207 2173 3274 concilio.
2282 3207 2557 3273 Mitten-

618 3288 773 3354 dum
853 3288 1047 3354 audio
1123 3289 1445 3357 Abbatem
1510 3292 2015 3360 Heremitanum
2092 3302 2159 3358 et
2221 3296 2558 3360 Amanum

617 3375 921 3441 Luscium
997 3373 1508 3461 Subsylvanum.
1607 3378 1892 3463 Ideoque
1957 3379 2398 3462 exspectanda
2462 3389 2562 3445 est

615 3461 800 3526 nobis
843 3467 997 3525 ante
1038 3461 1277 3526 festum
1318 3463 1646 3546 paschatis
1683 3464 1990 3531 solemnis
2024 3464 2264 3530 citatio.
2335 3464 2561 3548 Neque

614 3546 789 3611 inter
830 3556 1087 3612 nostros
1132 3546 1467 3615 defuturos
1523 3558 1681 3634 puto
1724 3552 1835 3633 qui
1878 3571 2158 3633 aequum
2203 3570 2345 3617 esse
2388 3549 2562 3615 iudi-

616 3634 859 3699 cabunt
900 3639 976 3697 ut
1017 3631 1221 3716 aliqui
1262 3635 1610 3701 mittantur
1654 3644 1719 3701 et
1762 3635 2199 3720 respondeant
2247 3656 2367 3719 pro
2410 3635 2563 3701 reli-

617 3720 809 3803 gione
850 3726 1075 3784 nostra
1116 3725 1238 3785 etc.

786 3802 996 3887 Spero
1039 3811 1105 3868 te
1147 3804 1372 3871 literas
1413 3827 1595 3872 meas
1640 3808 1963 3894 accepisse
2005 3827 2168 3891 quas
2202 3807 2285 3872 ad
2333 3817 2396 3874 te
2437 3809 2562 3872 mi-

617 3890 701 3955 sit
758 3910 908 3955 vere
962 3887 1198 3955 nobilis
1257 3891 1359 3956 vir
1400 3892 1594 3958 Hart.
1619 3894 1675 3972 ⁶)
1720 3894 1800 3959 ab
1846 3892 2123 3978 Hallwyl
2165 3894 2400 3977 quibus
2446 3914 2561 3959 ex-

617 4177 788 4233 8719.
817 4178 875 4248 1)
909 4179 1125 4236 Neutra
1157 4187 1386 4237 atatem
1416 4182 1554 4237 uait
2119 4254 2127 4262 ι

613 4321 781 4381 stata,
817 4266 1130 4373 είεὲηιοιῖἵιῖο
1144 4248 2053 4389 gmfflzwmgidgfsefuegzff)
2067 4251 2406 4389 mg.
2428 4267 2566 4373 Q..

619 4382 789 4436 Μέηι.
827 4384 894 4438 de
928 4384 1111 4467 Goadb
1144 4387 1239 4441 111.
1282 4388 1393 4442 190.

824 4451 888 4587 ἓξ
922 4469 1176 4593 2032:th
1207 4524 1258 4580 8.
1297 4524 1411 4581 Gal.
1455 4525 1628 4580 Mart.
1666 4540 1727 4593 p.
1763 4523 1894 4579 205:
1944 4524 2026 4578 De
2073 4524 2301 4579 concilio
2347 4524 2437 4579 hic
2481 4530 2567 4579 est

618 4589 821 4670 multus
855 4605 1048 4644 sermo.
1130 4592 1388 4676 Mittitur·
1415 4610 1481 4648 eo
1515 4596 1724 4677 legatus
1759 4592 2047 4675 Candalius
2080 4593 2258 4648 Vasco
2304 4609 2334 4675 c
2476 4599 2567 4648 tus

617 4657 1180 4808 samm
1145 4661 2219 4809 t.t3.÷;t⁸⁰;..⁶;22²tt.⁸t⁰ffa¹ffiuff
2239 4678 2357 4784 ξε.
2402 4662 2568 4785 ...33

620 4795 886 4850 Dicuntur
919 4802 1084 4850 etlam
1122 4796 1273 4849 brevl
1308 4815 1372 4853 eo
1408 4800 1539 4852 ituri
1613 4801 1795 4854 lurimi
1831 4817 1861 4854 e
1900 4801 2083 4869 iscopi,
2120 4815 2148 4852 s
2252 4799 2414 4853 credo
2451 4816 2567 4853 rem

622 4881 733 4919 non
769 4866 910 4917 serio
945 4866 1047 4934 agi.
1085 4892 1154 4905 --
1189 4865 1433 4934 Leqams
1471 4866 1520 4922 G
1596 4871 1684 4924 iae
1720 4869 1837 4936 fuit
1927 4868 2014 4923 ud.
2064 4866 2131 4923 de
2180 4867 2237 4922 S.
2278 4867 2469 4923 Gelai&
2502 4868 2570 4923 de

623 4933 864 4997 Leucae.
899 4947 1020 4987 cum
1047 4934 1188 4988 Aru.
1225 4934 1303 4988 du
1332 4933 1573 5002 Feru‘er,
1673 4937 1886 4993 <isidem
1918 4938 2013 4992 des
2044 4936 2293 5008 mque‘tes
2325 4937 2403 4991 du
2423 4936 2567 5004 Par-

618 5003 818 5124 ξῶεητ
864 5000 932 5054 de
968 5002 1161 5069 Paris,
1207 5009 1260 5057 et
1297 5002 1426 5074 Gay
1474 5004 1552 5058 du
1600 4953 1758 5060 ἔσαν
1801 5006 1870 5061 de
1903 5005 2110 5062 Patm-
2150 5005 2245 5073 (ἀι
2289 5001 2442 5061 Thou
2476 5004 2569 5060 111.

707 5106 771 5220 ,⁶
830 5138 890 5203 s)
926 5137 1002 5219 ιγ.
1054 5137 1207 5219 3689ς
1264 5137 1420 5193 3712.
1514 5140 1700 5195 Attus
1752 5142 2139 5199 Hos-mitam
2190 5138 2574 5212 (Μαι.)

621 5208 739 5275 Μ
774 5206 1557 5338 Jogfhffwm
1591 5292 1702 5332 nou
1736 5284 1964 5334 esmant

2135 354 2659 424 nrlsronffl
2702 307 3125 422 3719ss3⁷20

4473 354 4578 416 292

2665 563 2833 627 pono
2865 542 3025 626 quid
3046 542 3364 610 Germani
3398 541 3644 625 aliquot
3675 559 3973 623 proceres
3994 539 4293 619 offerant,
4336 546 4404 603 et
4421 559 4582 621 spem

2664 628 2907 695 faciant
2964 631 3294 713 equitatus
3346 636 3413 694 et
3469 626 3814 711 peditatus,
3881 625 3941 692 si
3982 625 4308 709 principes
4348 623 4583 691 Galliae

2669 714 2888 794 velint,
2933 714 3280 800 colligendi
3305 724 3425 780 etc.
3492 714 3755 779 Interea
3775 733 3859 777 ex
3882 708 4160 777 diversis
4193 710 4351 777 locis
4390 712 4588 796 accepi

2663 803 2865 879 varia,
2892 821 3056 884 quae
3091 801 3211 867 tibi
3246 798 3593 865 indicanda
3625 819 3767 900 eme
3788 798 4015 898 putavi
4048 815 4283 880 operae
4304 801 4585 881 pretium,

2662 886 3724 1056 ttpzf„itssssussf⁸3tffn33;3
3750 883 4411 1046 aetatum
4441 882 4587 1067 33}

2664 1066 2817 1124 tuus
2875 1067 2976 1124 est
3031 1061 3334 1142 princeps
3386 1057 3826 1140 (londensi-92⁷)
3885 1054 4055 1139 quod
4109 1063 4186 1121 ut
4241 1055 4476 1120 falsum
4515 1067 4592 1120 sit

2662 1143 3024 1209 Dominum
3058 1165 3188 1222 oro,
3232 1145 3290 1210 si
3333 1165 3582 1221 verum,
3628 1155 3703 1208 ut
3743 1143 4068 1208 letiferum
4113 1139 4361 1206 vulnus
4402 1150 4586 1205 sanet

2663 1231 3033 1313 Argentina
3054 1235 3107 1302 ⁸)
3156 1230 3384 1297 scribit
3431 1235 3534 1296 vir
3579 1229 3845 1312 quidam
3882 1248 4014 1294 non
4048 1226 4366 1311 vulgaris:
4413 1226 4589 1291 Prin-

2661 1337 2814 1399 ceps
2862 1317 3232 1400 &nyx-ianus
3275 1324 3691 1399 exspectatur
3725 1314 3810 1381 ad
3845 1315 4180 1380 Tabernas
4212 1313 4284 1378 in
4322 1313 4588 1378 Alsatia:

2663 1400 2793 1467 huc
2847 1403 3069 1469 veniet
3122 1403 3429 1486 princeps
3501 1399 4085 1484 Wmemberqmis,
4139 1400 4491 1482 coniunget
4530 1419 4590 1463 se

2663 1488 2818 1554 huic
2896 1487 3300 1570 Bipontinus,
3378 1486 3832 1569 colloquentur
3907 1487 3979 1551 hi
4038 1505 4187 1552 cum
4251 1484 4586 1569 Gay-siano:

2662 1574 2758 1639 ita
2813 1575 2992 1639 enim
3045 1573 3151 1640 hic
3202 1573 3577 1656 postulavit.
3667 1572 3910 1639 Variae
3952 1573 4334 1638 referuntur
4376 1592 4590 1638 causae

2661 1659 2860 1725 huius
2904 1670 3278 1725 conventus.
3349 1659 3487 1725 Alii
3523 1661 3699 1724 enim
3735 1670 3970 1743 putant
4009 1659 4421 1741 Guysianum
4459 1677 4590 1741 pos-

2663 1745 3045 1822 tulaturum,
3105 1767 3192 1811 ne
3236 1745 3558 1811 Germani
3600 1746 3923 1811 obsistant
3965 1747 4107 1812 eius
4150 1743 4488 1809 conatibus
4526 1765 4589 1810 ac

2661 1830 3022 1898 haereticos
3064 1833 3134 1897 in
3180 1830 3400 1897 Gallia
3441 1831 3689 1897 iuvent.
3776 1831 3948 1897 Nam
4002 1830 4396 1915 quibusdam
4440 1829 4591 1895 Ger-

2663 1919 2878 1983 manis
2900 1917 3303 2001 principibus
3325 1915 3724 1983 Calvinistae
3745 1927 3814 1983 et
3835 1917 4211 2003 Zuingliani
4233 1937 4367 1981 non
4391 1916 4591 1981 minus

2664 2023 2861 2086 quam
2922 2005 3392 2086 Anabaptistae
3451 2003 3762 2070 haeretici
3807 2024 3948 2069 esse
3990 2002 4391 2069 iudicantur.
4477 2002 4595 2067 Alii

2664 2098 2898 2173 putant
2947 2089 3348 2173 Guysianum
3398 2089 3750 2172 implorare
3795 2090 4116 2156 auxilium
4162 2088 4242 2154 ab
4280 2088 4392 2152 his
4434 2090 4594 2171 prin-

2664 2174 2916 2258 cipibus
2960 2186 3054 2254 ut,
3098 2175 3385 2257 inquam,
3449 2195 3519 2239 se
3562 2183 3931 2258 sequestres
3973 2176 4404 2257 interponant
4442 2175 4597 2239 inter

2663 2262 2881 2343 ipsum
2926 2281 3003 2325 ac
3047 2261 3464 2327 Nemmsium
3520 2272 3589 2326 et
3642 2263 3894 2345 Regem
3950 2261 4223 2328 Galliae.
4317 2259 4592 2338 Addunt,

2663 2347 2956 2430 polliceri
3014 2346 3392 2430 Guysianos
3449 2368 3520 2412 se
3576 2347 3858 2413 libenter
3899 2346 4324 2430 amplexuros
4366 2348 4598 2412 confes-

2663 2433 2913 2498 sionem
2957 2435 3437 2517 Augustanam.
3527 2433 3858 2498 Nimirum
3900 2445 3975 2498 ut
4029 2434 4300 2498 turbent
4350 2434 4597 2497 univer-

2665 2540 2807 2584 sam
2853 2519 3157 2584 Galliam.
3256 2519 3442 2585 Haec
3506 2519 3578 2583 in
3630 2529 3924 2603 tempore
3988 2538 4249 2583 moneo:
4320 2528 4398 2583 tu
4460 2516 4599 2601 quid

2663 2605 2796 2669 iam
2841 2606 3010 2671 facto
3053 2626 3216 2689 opus
3270 2606 3359 2669 sit
3414 2606 3559 2671 scis.
3660 2606 3933 2670 Miseret
3987 2627 4093 2669 me
4152 2603 4368 2669 Besae
4411 2604 4597 2669 nostri

2665 2692 2777 2774 qui
2819 2691 2915 2755 ita
2959 2691 3187 2756 haeret
3228 2692 3297 2756 in
3339 2689 3672 2757 laboribus
3711 2689 4141 2757 intolerandis
4176 2700 4244 2754 et
4278 2690 4598 2774 depugnat

2663 2796 2812 2843 cum
2857 2787 2958 2841 tot
2998 2776 3313 2861 gravibus
3356 2776 3767 2842 adversariis.
3838 2776 4211 2860 Diligenter
4248 2777 4395 2841 eius
4437 2776 4596 2842 salus

2664 2862 2953 2927 Domino
3008 2861 3538 2929 indesinentibus
3596 2864 3900 2946 precibus
3960 2872 4062 2928 est
4125 2861 4592 2928 committenda.

2665 2946 3002 3014 salutabis
3043 2948 3229 3014 illum
3274 2969 3419 3015 meo
3455 2950 3736 3014 nomine.

2832 3034 3062 3117 Lipsia
3114 3035 3419 3101 scribitur
3466 3034 3617 3112 huc,
3672 3036 4079 3118 episcopatus
4131 3046 4285 3114 tres,
4344 3034 4597 3118 Magdo-

2663 3120 3075 3205 burgensem,
3111 3120 3497 3186 Hallensem
3537 3131 3606 3185 et
3642 3120 4278 3205 Merseburgensem,
4297 3124 4355 3197 ⁹)
4386 3129 4597 3203 sponte

2664 3205 2990 3288 accepisse
3042 3206 3456 3290 evangelium
3513 3216 3581 3272 et
3635 3207 3946 3272 abiecisse
3989 3214 4317 3290 papatum.
4411 3206 4592 3272 Libe·

2661 3312 2813 3356 rum
2856 3293 3187 3359 canonicis
3242 3294 3637 3375 permissum
3685 3293 4080 3377 coniugium,
4141 3293 4591 3358 scortationem

2660 3377 3091 3462 prohibitam:
3138 3377 3474 3445 monachis
3518 3388 3585 3445 et
3625 3379 3867 3444 nonnis
3901 3398 3978 3445 ac
4011 3379 4322 3445 sacrificis
4358 3388 4591 3446 certum

2661 3463 3136 3547 praescriptum
3181 3475 3440 3547 tempus
3484 3485 3615 3548 quo
3657 3472 3774 3530 aut
3816 3466 4084 3530 nomina
4126 3464 4284 3531 dent
4326 3485 4590 3548 evange-

2662 3548 2753 3615 lio
2812 3560 2925 3615 aut
2981 3548 3135 3615 inde
3190 3551 3499 3634 migrent.
3586 3552 3854 3617 Literae
3910 3552 4190 3634 scriptae
4245 3561 4405 3616 sunt
4443 3552 4595 3616 oiroe

2663 3635 2955 3701 medium
3012 3635 3414 3702 Ianuarium.
3518 3635 3909 3720 Martburgo
3975 3635 4285 3703 scribitur
4354 3634 4436 3702 ad
4499 3654 4593 3700 me

2662 3721 3010 3787 Februarii
3083 3729 3148 3783 1:
3242 3722 3393 3788 Rex
3458 3721 3716 3788 Daniae
3779 3742 3979 3789 naves
4038 3721 4289 3806 aliquot
4343 3731 4593 3788 onustas

2664 3806 2900 3890 amplis
2966 3807 3196 3890 opibus
3262 3808 3328 3871 vi
3382 3806 3997 3892 Hamburgensibus
4062 3809 4369 3874 abstulit:
4437 3807 4594 3874 unde

2664 3913 2771 3958 res
2835 3893 2919 3958 ad
2974 3901 3166 3958 atrox
3222 3892 3464 3959 bellum
3521 3905 3813 3977 spectare
3870 3894 4194 3970 videatur,
4260 3897 4370 3962 cui
4426 3891 4592 3959 facile

2663 3979 2856 4043 multi
2910 3979 3050 4044 sint
3106 3978 3503 4062 implicandi.
3591 3980 3654 4045 N
3658 4001 3745 4045 on
3787 3980 4010 4063 procul
4053 3979 4327 4046 Colonia
4371 3979 4592 4063 Aquis·

2663 4083 2946 4215 {ramim
2974 4150 2988 4164 ⁶
3033 4085 3265 4131 versus
3350 4064 3626 4131 militem
3712 4066 4028 4133 conscribi
4116 4064 4420 4150 Phihppo
4500 4061 4593 4131 vel

2734 4170 3044 4233 uyslams.

2836 4236 2944 4301 Ex
3003 4235 3195 4301 Italia
3251 4236 3554 4303 audimus
3569 4289 3584 4314 ,
3650 4238 3943 4304 subditos
4001 4238 4260 4305 comitis
4308 4235 4591 4304 Petiliam&

2667 4319 2974 4388 defecisse
3030 4320 3113 4388 ad
3156 4323 3517 4406 principem
3562 4321 4017 4389 Florentinum.
4051 4328 4133 4404 ¹⁰)
4220 4324 4420 4391 Hunc
4461 4343 4593 4390 con-

2666 4408 2990 4472 sentiente
3048 4429 3218 4493 papa
3261 4431 3506 4474 novum
3550 4410 3911 4475 instituisse
3953 4410 4250 4476 ordinem
4296 4411 4588 4494 equitum,

2667 4492 2891 4576 quales
2939 4494 3182 4559 Rhodii
3226 4506 3400 4573 sunt,
3454 4516 3615 4579 quos
3658 4493 3730 4561 S.
3778 4495 4104 4579 Stephani
4124 4501 4211 4578 ¹¹)
4256 4503 4587 4578 nuncupet,

2872 4800 2931 4870 7)
2965 4800 3199 4855 Minium
3232 4817 3363 4854 vera
3396 4808 3531 4870 erat,
3567 4802 3664 4856 sed
3696 4804 3873 4859 morbi
3903 4805 4183 4859 οοοαεόοηε
4218 4809 4353 4858 orta.
4424 4801 4584 4869 (Low

2664 4877 2791 4942 quet
2823 4870 2907 4926 10.
2942 4869 3069 4924 Ian.
3147 4910 3157 4920 .
3195 4868 3316 4923 188.

2870 4939 2928 5004 8)
2968 4937 3052 5005 Gt.
3088 4885 3164 4992 ,ᾖ
3199 4937 3267 4992 37
3385 4935 3543 4992 3711.
3579 4938 3734 4994 3712.
3789 5007 3796 5020 Ι

2870 5006 2904 5060 9
2968 5005 3032 5059 Ν.
3067 5005 3206 5060 3712
3237 5014 3347 5063 not.
3384 5007 3433 5060 3.

2840 5075 2909 5130 10
2968 5075 3222 5144 Lanouet
3258 5091 3323 5145 p.
3367 5075 3504 5130 206.-
3549 5078 3674 5133 Dux
3723 5078 4031 5134 Florentiae
4080 5079 4358 5149 (onnus)
4399 5073 4587 5144 expulit

2669 5149 2788 5199 tota
2820 5145 3028 5198 ditione
3063 5146 3312 5199 comitem
3348 5146 3675 5201 Petilianum
3709 5147 3968 5203 Ursinum
4005 5155 4064 5203 et
4095 5152 4210 5205 eius
4255 5146 4451 5217 oppida
4487 5159 4582 5198 mu·

2668 5214 2809 5267 nivit
2876 5210 3127 5346 {radiis
3164 5213 3478 5340 ((1811Πὲιᾶ
3487 5216 3583 5271 111.
3616 5214 3768 5282 273).
